2550 3825
449 221 550 278 ΕΡΜ
556 221 582 280 0
593 223 636 279 T]
648 222 686 279 Μ
692 222 759 281 ΟΣ.
1042 222 1105 286 343

188 384 292 446 EPM.
315 376 367 448 Ού
382 377 483 447 πάνυ.
505 376 548 445 σύ
565 380 616 463 δέ,
634 374 678 466 ἦν
687 406 718 445 τι
729 381 851 469 βούλη,
866 382 970 467 ἐρύτα
985 383 1105 470 μεταξύ

105 477 159 544 καὶ
174 474 338 563 ἀντίλεγε·
361 481 445 568 ῥᾷον
461 475 526 563 γὰρ
542 473 587 544 ύυ
602 475 692 544 ούτω
708 477 838 562 μύθοις.

188 583 287 644 AYK.
302 569 355 646 Εύ
365 603 415 663 γε,
429 575 471 662 νὴ
483 574 543 644 τόν
552 573 685 662 Ἑρμῆν,
702 569 919 664 ύἙρμότιμε,
934 575 1048 663 αὐτόν,
1063 570 1105 646 οὗ

105 673 278 759 ἐπώνυμος
295 669 344 742 τόν
357 674 535 760 τυγχάνεις.
559 679 609 742 14.
626 672 709 758 ότοὶρ
727 679 799 741 είπέ
810 701 882 761 μοι,
897 683 954 762 μία
969 703 1019 755 τις
1029 674 1106 755 ὁδός
1122 701 1173 757 753

105 773 195 838 ἐστιν
211 769 231 855 ἡ
247 774 299 839 ἐπὶ
313 779 516 858 φιλοσοφίαν
530 771 674 861 ἄγουσα,
701 770 721 859 ἡ
742 779 809 840 τῶν
823 781 984 842 Στωϊκῶν
998 773 1104 861 ὑμῶν,

103 864 124 953 ἦ
140 866 250 956 ἀληθῆ
265 869 329 956 ἐγὼ
343 869 470 957 ἤκουον
484 868 528 949 ὡς
541 873 597 939 καὶ
609 868 705 937 ἄλλοι
721 877 840 939 πολλοί
849 873 937 950 τινές
953 877 1055 954 εἰσιν,

188 975 291 1036 ΕΡΜ.
304 968 408 1037 Μύλα
419 975 546 1054 πολλοί,
555 971 811 1053 Περιπατητικοὶ
821 971 876 1037 καὶ
888 967 1103 1054 Ἐπικούρειοι

104 1065 159 1132 καὶ
174 1069 209 1132 οί
225 1062 285 1133 τὸν
299 1067 462 1134 Πλάτωνα
483 1067 761 1153 ἐπιγραφόμενοι,
788 1069 842 1134 καὶ
859 1060 905 1134 αὖ
920 1071 1105 1153 Διογένους

104 1163 198 1232 ἄλλοι
212 1170 299 1245 τινὲς
312 1170 367 1236 καὶ
377 1165 608 1245 Ἀντισθένους
623 1168 760 1252 ζηλωταὶ
769 1168 824 1235 καὶ
836 1171 870 1234 οί
881 1164 946 1234 ἀπὸ
960 1174 1020 1234 τοῦ
1030 1175 1104 1234 Πυ-

104 1263 257 1351 θαγόρου
272 1270 327 1333 καὶ
343 1272 390 1334 ἐτι
407 1271 549 1346 πλείους.

186 1370 286 1431 AYK.
307 1362 432 1451 Ἀληθῆ
443 1371 563 1431 ταῦτα·
584 1364 699 1432 πολλοὶ
712 1364 777 1449 γάρ
793 1368 864 1432 είσι.
894 1362 1036 1447 πότερον
1049 1363 1103 1448 θη,

105 1451 328 1547 ύἙρμότιμε,
343 1458 384 1528 τὰ
401 1458 484 1528 αύτά
502 1453 595 1528 οὗτοι
610 1463 765 1546 λέγουσιν
778 1455 801 1549 ἦ
816 1461 978 1546 διόφορας

189 1565 290 1626 ΕΡΜ.
313 1561 378 1626 Καὶ
392 1559 484 1625 πάνυ
501 1558 656 1643 διάφορα.

186 1662 286 1722 ΛΤΚ.
311 1655 356 1724 Τὸ
379 1660 418 1725 δέ
430 1683 468 1743 γε
483 1654 622 1742 ἀληθές,
648 1653 756 1741 οἶμαι,
781 1654 912 1733 πάντως
931 1679 998 1722 που
1012 1657 1049 1721 ἓν
1061 1645 1105 1740 ἦν

104 1749 235 1837 αὐτῶν,
251 1751 326 1823 ἀλλ’
343 1752 384 1824 ού
401 1755 510 1823 πόντοι
524 1753 672 1840 θιύφορύ
686 1781 724 1841 με
738 1752 827 1821 ὄντα.

186 1857 290 1921 ΕΡΜ.
312 1853 412 1921 Πύνυ
427 1855 488 1940 μὲν
503 1844 575 1921 ούν.

188 1955 239 2017 15.
251 1957 348 2017 AYK.
361 1948 428 2019 ’Ίθι
440 1951 491 2035 δή,
504 1943 531 2018 ό
542 1951 690 2037 φιλότης,
705 1948 887 2036 ἀπόκριναί
897 1974 963 2034 μοι,
973 1955 1019 2037 τῷ
1030 1946 1103 2015 τότε

104 2046 282 2124 πιστεύσας
294 2045 331 2114 τό
344 2054 492 2133 πρῶτον,
511 2044 609 2115 ὁπότε
619 2046 689 2134 ᾔεις
700 2047 955 2133 φιλοσοφήσων,
970 2051 1104 2112 πολλῶν

105 2163 157 2210 σοι
173 2149 293 2226 θυρῶν
307 2141 604 2230 ἀναπεπταμένων,
619 2146 734 2225 παρεὶς
748 2143 791 2210 σύ
803 2142 861 2222 τός
872 2142 973 2221 ἄλλας
984 2148 1029 2220 είς
1042 2140 1104 2227 τὴν

105 2248 171 2308 τῶν
186 2248 346 2308 Στωϊκῶν
360 2233 437 2325 η’κες
451 2242 506 2308 καὶ
520 2239 562 2308 δι’
576 2243 703 2326 ἐκείνης
713 2239 825 2326 ἠξίους
840 2242 892 2309 ἐπὶ
906 2239 967 2326 τὴν
982 2237 1104 2325 ἀρετὴν

105 2342 258 2423 είσιέναι,
282 2336 326 2417 ὡς
341 2338 381 2425 δὴ
403 2340 507 2425 μόνης
523 2337 673 2426 ἀληθοῦς
694 2337 795 2426 ούσης
814 2340 869 2407 καὶ
888 2336 950 2425 τὴν
966 2336 1104 2406 εὐθεῖαν

105 2439 394 2525 ἐπιδεικνυούσης,
421 2445 489 2505 τῶν
510 2437 544 2505 θ’
564 2437 676 2507 ἄλλων
698 2443 744 2517 είς
761 2436 872 2523 τυφλὰ
892 2438 946 2505 καὶ
966 2435 1104 2516 όνεξοθα

105 2544 298 2623 φερουσῶν;
319 2544 383 2604 τίνι
401 2534 494 2604 ταῦτ’
514 2538 709 2623 ἐτεκμαίρου
724 2535 812 2615 τότε;
840 2539 895 2604 καί
914 2534 959 2623 μή
973 2562 1030 2621 μοι
1045 2534 1104 2603 τὸν

104 2646 170 2707 νύν
181 2636 220 2723 θη
234 2645 352 2703 τοῦτον
361 2633 503 2702 σεαυτὸν
513 2636 633 2720 ἐννόει,
648 2631 708 2701 τόν
719 2642 783 2701 είτε
790 2630 958 2720 ἡμίσοφον
970 2644 1034 2703 είτε
1045 2655 1104 2701 σο-

105 2732 172 2823 φὸν
186 2732 249 2821 ἤδη
265 2730 304 2802 τὰ
320 2739 437 2820 βελτίω
449 2740 578 2818 κρίνειν
591 2732 677 2818 ὑπὲρ
691 2731 769 2812 τούς
782 2731 927 2812 πολλούς
940 2731 1025 2821 ἡμᾶς
1040 2737 1102 2801 θν-
1120 2757 1171 2815 ηςη

104 2833 266 2921 νόμενον,
281 2829 354 2901 ἀλλ’
371 2830 477 2910 οὕτως
486 2830 681 2920 ἀπόκριναι,
697 2828 810 2909 ὁποίος
822 2833 896 2901 τότε
909 2826 1000 2920 ἦσθα
1010 2833 1105 2901 ίθιύ-

103 2958 160 3019 της
174 2934 230 2999 καὶ
245 2928 327 2998 κατὰ
343 2928 403 2999 τὸν
418 2938 483 2997 νῦν
497 2934 562 3017 ἐμέ.

186 3036 289 3097 EPM.
301 3025 353 3097 Ού
364 3036 499 3115 συνίημι
510 3029 531 3097 ό
540 3058 571 3098 τι
584 3050 635 3097 σοι
646 3037 743 3097 τοῦτο
753 3029 919 3116 βούλεται,
933 3021 1102 3097 ύΛυκτνε.

187 3134 286 3196 ΛΤΚ.
306 3128 371 3195 Καὶ
387 3123 453 3208 μὴν
470 3124 509 3191 ού
523 3129 615 3195 πάνυ
637 3127 785 3202 ύνκύλον
796 3125 943 3208 ἠρόμην·
969 3134 1104 3195 πολλῶν

103 3223 169 3313 κύρ
182 3223 290 3293 όντων
300 3224 510 3312 φιλοσόφων,
524 3217 597 3291 οἷον
604 3223 786 3304 Πλάτωνος
797 3252 854 3292 και
868 3226 1110 3311 Αριστοτέλους

103 3326 159 3391 καὶ
169 3324 467 3405 Ἀντισθένουςκαὶ
476 3329 544 3392 τοῖν
552 3323 725 3411 ύμετέρων
737 3324 927 3414 προγόνων,
940 3326 1001 3392 τοῦ
1013 3333 1107 3409 Χρυ-

105 3431 231 3495 σίππου
250 3427 306 3495 καὶ
325 3426 484 3513 Ζήνωνος
501 3426 557 3493 καὶ
574 3431 642 3493 τῶν
659 3424 784 3513 ἄλλων,
809 3424 880 3494 ὅσοι
897 3431 975 3512 είσί,
998 3428 1047 3518 τῷ
1065 3424 1105 3493 σύ
