2550 3825
149 166 212 229 260
500 170 810 229 AOYKIANOY

151 329 344 412 ἐπεπόριστο
359 331 396 396 ἐν
405 343 473 407 τοίς
484 329 610 414 λόγοις,
626 337 724 396 τούτο
739 338 807 396 πᾶν
821 327 875 414 ἐφ’
887 328 973 416 ἡμᾶς
986 349 1156 397 συσκευα-

151 427 292 512 σάμενος
313 425 354 494 ού
374 428 513 494 παύεται
535 429 597 512 μὲν
624 424 799 512 ἀγορεύων
820 435 930 507 κακῶς
953 427 1074 514 γόητας
1096 429 1155 496 καλ

151 523 342 604 ἀπατεῶνας
356 524 550 611 ἀποκαλῶν,
564 522 605 591 τὰ
620 524 734 610 πλήθη
750 527 786 593 δέ
802 522 997 594 ἀναπείθων
1012 552 1156 611 καταγε-

151 631 214 691 λῶν
228 621 324 708 ἡμῶν
338 627 392 692 καλ
407 638 631 710 καταφρονεῖν
647 620 692 699 ῶς
705 620 742 689 τό
761 624 865 709 μηδὲν
878 621 1003 690 όντων·
1025 632 1155 709 μᾶλλον

151 725 187 789 δὲ
209 723 264 788 καὶ
280 732 449 807 μισεῖσθαι
470 721 553 809 πρός
572 729 641 790 τῶν
658 730 792 794 πολλῶν
807 722 871 810 ἤδη
894 730 1073 809 πεποίηκεν
1088 721 1155 789 αύ-

151 821 229 898 τούς
243 846 278 889 τε
288 819 374 906 ἡμᾶς
386 823 439 889 καὶ
452 821 488 888 σὲ
501 818 563 906 τὴν
574 827 799 905 Φιλοσοφίαν,
815 821 1015 906 φληνάφους
1024 823 1079 889 καὶ
1091 821 1154 907 λη’-

153 945 232 1004 ρους
257 915 435 988 ἀποκαλῶν
456 918 497 987 τά
519 917 561 987 σά
588 922 642 987 καὶ
663 917 702 986 τά
726 922 971 989 σπουδαιότατα
994 912 1042 988 ῶν
1066 918 1154 1007 ἡμᾶς

151 1020 346 1096 ἐπαίδευσας
361 1020 413 1086 ἐπὶ
426 1025 599 1108 χλευασμῷ
615 1019 764 1101 διεξιόν,
783 1016 866 1086 ῶστε
881 1016 984 1086 αὐτόν
995 1019 1057 1104 μὲν
1071 1042 1152 1103 κρο-

151 1126 281 1184 τεϊσθαι
292 1119 347 1184 καὶ
358 1119 567 1185 ἐπαινεῖσθαι
577 1113 662 1198 πρός
672 1123 740 1182 τῶν
751 1115 997 1204 θεατῶν,ἡμῶς
1008 1116 1045 1184 δὲ
1055 1113 1155 1203 ὑβρί-

153 1219 281 1293 ζεσθαι·
311 1213 411 1300 φύσει
427 1213 492 1301 γάρ
509 1213 664 1282 τοιοῦτόν
684 1216 774 1281 ἐστιν
794 1213 812 1280 6
833 1212 939 1294 πολύς
957 1214 1057 1299 λεῶς,
1079 1221 1154 1299 χαί-

152 1331 269 1392 ρουσιν
285 1310 541 1380 ἀποσκώπτουσι
562 1316 616 1379 καὶ
636 1315 920 1398 λοιδορουμένοις,
940 1314 995 1381 καὶ
1009 1305 1151 1397 μάλισθ’

152 1408 233 1478 όταν
249 1409 289 1478 τά
304 1412 487 1500 σεμνότατα
508 1410 591 1479 εἶναι
611 1416 778 1478 δοκοῦντα
800 1411 1012 1497 διασύρηται,
1042 1407 1154 1493 ῶσπερ

152 1509 263 1596 ἀμέλει
274 1516 329 1582 καλ
342 1513 445 1581 πάλαι
456 1517 586 1598 ἔχαιρον
598 1509 827 1599 Ἀριστοφάνει
838 1512 893 1579 καὶ
902 1509 1067 1578 Εὐπόλιδι
1074 1517 1154 1576 Σω-

84 1622 133 1676 596
153 1612 278 1696 κράτην
289 1614 421 1678 τουτονὶ
432 1612 484 1678 ἐπὶ
494 1616 652 1699 χλευασίᾳ
662 1610 872 1695 παράγουσιν
883 1612 935 1676 ε’πλ
953 1606 1014 1693 τὴν
1025 1603 1154 1691 σκηνὴν

152 1708 206 1774 καὶ
217 1711 436 1797 κωμῳδοῦσιν
447 1705 648 1785 ἀλλοκότους
658 1705 752 1785 τινάς
762 1708 837 1791 περὶ
850 1703 956 1772 αύτοῶ
970 1707 1151 1795 κωμῳδίας-

152 1812 258 1872 καίτοι
269 1807 389 1872 ἐκείνοι
403 1810 465 1891 μὲν
476 1804 556 1872 καθ’
571 1803 646 1883 ἑνός
659 1801 781 1890 ἀνδρός
793 1801 940 1888 ἐτόλμων
953 1809 1087 1869 τοιαῦτα
1098 1804 1153 1867 καὶ

152 1904 189 1971 ἐν
203 1900 393 1988 Διονύσου,
411 1903 587 1987 ἐφειμένον
603 1898 685 1969 αύτδ
701 1904 801 1986 δρᾶν,
816 1903 870 1969 καλ
885 1898 922 1967 τό
939 1907 1078 1987 σκῶμμα
1094 1902 1152 1985 με’-

153 2026 211 2086 ρος
225 1998 332 2067 ἐδόκει
346 2008 403 2086 της
417 2002 549 2085 ἑορτῆς,
568 2002 622 2067 καὶ
637 1996 655 2066 6
667 1997 749 2077 θεός
759 2009 838 2077 ίσως
850 2004 955 2084 χαίρει
970 1996 1155 2084 φιλόγελώς

152 2125 201 2177 τις
221 2095 276 2165 ῶν.
309 2104 358 2167 26.
387 2095 462 2166 ὁδὲ
483 2096 561 2175 τούς
577 2095 731 2183 ἀρίστους
751 2105 945 2183 συγκαλῶν,
970 2098 1006 2164 ἐκ
1027 2101 1154 2163 πολλοῦ

153 2202 334 2283 φροντίσας
348 2200 403 2265 καὶ
416 2197 754 2283 παρασκευασάμενος
769 2199 824 2264 καὶ
839 2202 1049 2283 βλασφημίας
1062 2189 1155 2269 τινάς

152 2297 186 2374 ἐς
204 2292 293 2379 παχύ
307 2301 439 2382 βιβλίου
461 2295 628 2381 ἐγγράψας
649 2295 775 2382 μεγάλη
795 2302 834 2383 τῇ
855 2301 952 2383 φωνῇ
966 2290 1156 2378 διαγορεύει

152 2402 261 2473 κακῶς
271 2396 451 2479 Πλάτωνα,
466 2397 691 2481 Πυθαγόραν,
701 2393 943 2481 Ἀριστοτέλην,
954 2394 1156 2478 Χρύσιππον

154 2497 292 2580 ἐκεῖνον,
307 2496 362 2579 ἐμὲ
373 2498 428 2562 καὶ
439 2493 560 2573 όλως”
539 2521 686 2572 απαντας
697 2493 774 2561 ούτε
785 2520 898 2614 εορτης
907 2494 1063 2577 ἐπιούσης
1078 2488 1155 2557 ούτε

154 2598 221 2681 ἰδίᾳ
233 2618 265 2659 τι
283 2588 366 2678 πρὸς
380 2591 476 2679 ημῶν
490 2592 627 2661 παθῶν·
650 2591 767 2678 εἶχε
728 2617 792 2678 γαρ
803 2591 847 2659 ἀν
861 2620 936 2659 τινα
936 2589 1156 2714 συγγνώμην

154 2689 244 2779 αύτῷ
261 2688 297 2757 τό
315 2697 466 2777 πρᾶγμα,
486 2688 550 2759 εί’
531 2692 757 2778 αμνυόμενος,
772 2689 856 2760 ἀλλά
871 2690 914 2779 μὴ
931 2691 1042 2777 ἀρχων
1056 2686 1156 2767 αὐτὸς

155 2759 282 2872 ἐδράσε.
306 2786 409 2855 καὶ
375 2813 412 2856 το
429 2789 566 2857 πάντων
581 2790 827 2877 δεινότατον,“
806 2818 857 2859 οτι
869 2798 972 2858 ταῦτα
985 2796 1092 2857 ποιῶν
1101 2790 1155 2854 καὶ

154 2882 221 2953 ὑπό
239 2882 276 2951 τό
295 2883 357 2953 σόν
371 2884 494 2974 όνομα,
520 2916 545 2956 ω
534 2881 762 2975 Φιλοσοφία,
783 2889 964 2959 ὑποδύεται
983 2892 1038 2957 καὶ
1053 2886 1157 2955 ὑπελ-

154 2981 230 3051 θῶν
244 2982 305 3051 τόν
317 2986 490 3073 Διάλογον
503 2986 664 3075 ἡμέτερον
680 2994 804 3057 οἰκεῖον
819 2988 916 3073 ὄντα,
933 2987 1040 3077 τούτῳ
1055 2993 1157 3067 ξυνα-

154 3091 299 3173 γωνιστῇ
313 3086 367 3152 καὶ
376 3084 539 3175 ὑποκριτῇ
551 3094 667 3174 χρῆται
677 3085 759 3156 καθ’
770 3086 881 3175 ἡμῶν,
898 3094 945 3155 ἔτι
957 3090 1011 3155 καὶ
1024 3089 1158 3154 Μένιπ-

154 3206 220 3249 πον
235 3179 414 3263 ἀναπείσας
430 3186 560 3271 ἑταίρου
579 3183 675 3273 ἡμῶν
693 3186 800 3272 ἀνδρα
818 3190 1051 3276 ξυγκωμφδεῑν
1067 3180 1157 3271 αύτῷ

153 3277 194 3347 τῶ
217 3281 340 3366 πολλά,
364 3280 400 3361 ὃς
420 3283 523 3368 μόνος
538 3282 579 3350 ού
598 3286 758 3369 πάρεστιν
778 3284 857 3353 ούδὲ
881 3295 1058 3370 κατηγορεῖ
1076 3285 1155 3367 μεθ’

86 3393 135 3449 ⁵97
153 3376 266 3466 ἡμῶν,
283 3377 429 3466 προδούς
442 3377 479 3448 τό
495 3381 619 3449 κοινόν.
650 3389 700 3452 27.
724 3381 806 3451 ἀνθ’
822 3373 871 3451 ῶν
887 3380 1046 3449 ἁπάντων
1063 3380 1155 3460 ἀξιόν
