2550 3825
401 191 539 250 ΘΕΩΝ
562 192 822 250 ΔΙΑΛΟΓΟΙ.
1050 187 1111 250 109

112 377 184 440 γειν
197 351 236 418 τά
248 357 401 437 τοιαῦτα,
417 346 461 437 μὴ
473 355 531 416 καί
539 377 569 416 τι
581 345 687 416 κακόν
697 348 940 438 ἀπολαύσωμεν
955 357 1011 436 τῆς
1023 357 1110 434 φλυ-

113 457 215 538 αρίας.

193 573 258 634 AP.
282 573 355 634 Οἴει
364 567 429 652 γάρ
440 591 481 652 με
492 563 575 650 πρός
589 564 715 642 πάντας
731 560 776 631 ἂν
786 572 887 633 ταῦτα
901 572 1021 651 εἰπεῖν,
1039 564 1111 651 οὐχὶ

113 664 148 732 δὲ
169 661 252 748 πρὸς
272 665 379 750 μόνον
400 667 451 748 σί,
479 659 520 731 δυ
540 667 715 750 ἐχεμυθεῖν
729 660 933 750 ἠπιστάμην;
955 660 975 731 δ
997 661 1028 730 δ’
1048 654 1113 729 ούν

113 761 253 849 μάλιστα
266 770 398 846 γελοῖον
413 764 503 840 ἔδοξέ
515 786 571 846 μοι
586 758 745 827 άκούουτι
759 759 880 846 μεταξύ
894 769 951 847 τῆς
966 758 1111 846 άπειλῆς,

113 856 174 927 οὐκ
194 855 238 926 άν
254 865 419 945 δυναίμην
441 866 604 944 σιωπῆσαι
622 855 706 944 πρός
723 862 777 927 σε’·
806 862 972 945 μέμνημαι
991 857 1056 944 γάρ
1072 855 1113 923 ού

116 954 177 1039 πρὸ
194 964 337 1043 πολλοῦ,
352 954 452 1025 ὁπότε
466 955 484 1027 ό
498 961 673 1025 Ποσειδῶν
688 960 743 1024 καὶ
756 955 871 1043 ἡἫρα
886 954 971 1044 καὶὴ
987 953 1111 1042 Ἀθηνᾶ

5 1057 7 1064 '
114 1054 355 1133 ἐπαναστάντες
366 1052 589 1141 ἐπεβούλευον
601 1057 763 1138 συνδῆσαι
773 1054 932 1140 λαβόντες
942 1052 1056 1139 αύτόν,
1069 1049 1122 1132 ὥς.

112 1165 267 1230 παντοῖος
281 1145 325 1237 ἦν
339 1153 472 1237 δεδιιύς,
487 1154 541 1219 καὶ
557 1157 660 1218 ταῦτα
674 1167 759 1236 τρεῖς
776 1150 891 1237 ὄντας,
905 1156 960 1221 καὶ
972 1158 1002 1220 εί
1014 1152 1059 1239 μή
1073 1178 1112 1239 γε

111 1248 132 1336 ἡ
147 1252 241 1329 Θέτις
256 1250 477 1337 κατελεήσασα
489 1249 644 1318 ἐκάλεσεν
656 1247 744 1339 αύτῷ
757 1251 930 1337 σύμμαχον
940 1250 1112 1335 Βριάρεων

113 1347 322 1434 ἑκατόγχειρα
347 1346 444 1434 ὄντα,
470 1343 535 1415 κάν
556 1351 683 1415 ἐδέδετο
707 1343 750 1414 άν
775 1347 864 1439 αὐτῷ
884 1356 1037 1439 κεραυνῷ
1057 1349 1112 1416 καί

111 1452 244 1534 βροντῇ.
274 1453 377 1514 ταῦτα
397 1447 595 1536 λογιζομένῳ
611 1444 702 1532 ἐπῄει
717 1471 773 1530 μοι
794 1451 896 1530 γελάν
911 1446 963 1514 ’ἐπὶ
976 1455 1015 1533 τῇ
1031 1455 1112 1514 καλ-

113 1545 341 1633 λιρρημοσύνῃ
357 1542 470 1612 αὐτοῦ.

195 1651 298 1711 ΕΡΜ.
322 1645 458 1728 Σιώπα,
477 1650 576 1729 φημί·
598 1641 640 1710 ού
654 1641 718 1729 γάρ
739 1639 884 1728 ἀσφαλὲς
898 1640 975 1711 ούτε
989 1646 1042 1711 σοὶ
1056 1644 1112 1711 λέ-

114 1768 185 1828 γειν
199 1741 270 1805 ούά
287 1745 359 1830 ἐμοὶ
375 1740 512 1810 άκούειν
527 1741 566 1808 τά
581 1749 725 1809 τοιαῦτα.

586 2056 636 2115 22.

375 2164 542 2217 ΠΑΝΟΣ
566 2166 650 2218 ΚΑΙ
676 2164 850 2217 ΕΡΜΟΤ.

199 2298 225 2361 l.
248 2300 355 2361 ΠΑΝ.
378 2302 495 2380 Χαῖρε,
511 2287 537 2361 ά
552 2296 655 2383 πάτερ
669 2302 772 2381 Ερμῆ.

196 2398 301 2459 ΕΡΜ.
323 2395 387 2459 Καὶ
403 2394 507 2477 σύγε.
530 2390 612 2460 άλλά
628 2400 699 2471 πῶς
714 2390 777 2477 ἐγεδ
792 2391 850 2471 σός
864 2393 987 2479 πατήρς

195 2496 302 2560 ΠΑΝ.
325 2487 395 2575 Οὐχ
412 2487 429 2556 ὁ
446 2490 633 2576 Κυλλήνιος
642 2488 762 2577 Ἑρμῆς
777 2486 825 2557 όν
838 2492 1028 2575 τυγχάνειςς

197 2594 300 2654 ΕΡΜ.
324 2588 389 2655 Καί
404 2588 501 2674 μάλα.
525 2595 594 2665 πῶς
609 2580 673 2653 ούυ
685 2584 759 2666 νίός
775 2586 852 2673 ἐμὸς
867 2586 911 2671 είς

196 2691 303 2751 ΠΑΝ.
328 2683 503 2769 Μοιχίδιός
519 2690 601 2770 εἰμι,
619 2684 847 2767 ἐξαίρετός-σοι
860 2685 1049 2771 γενόμενος.

196 2789 300 2849 ΕΡΜ.
321 2779 376 2867 Νὴ
390 2789 472 2868 Δία,
488 2784 615 2868 τράγου
627 2791 706 2860 ἴσως
716 2780 807 2860 τινός
817 2783 1052 2869 μοιχεύσαντος
1063 2780 1113 2849 al-

17 2886 29 2903 '
112 2907 169 2969 γα·
199 2882 271 2967 ἐμοὶ
291 2878 355 2967 γάρ
377 2888 460 2965 πῶς,
482 2885 601 2965 κέρατα
618 2886 702 2966 ἔχων
719 2884 774 2947 καλ
790 2884 866 2968 ῥῖνα
887 2883 1044 2968 τοιαύτην
1060 2882 1115 2949 καλ

113 2980 259 3065 πώγωνα
273 2978 391 3046 λάσιον
407 2980 461 3046 καὶ
475 2983 573 3065 σκέλη
591 2976 706 3064 διχαλιὶ
718 2982 773 3047 καὶ
788 2978 927 3065 τραγικά
942 2983 997 3049 καὶ
1008 2978 1115 3066 ούράν

114 3074 198 3163 ὑπὲρ
216 3073 275 3155 τάς
291 3076 416 3163 πυγάςς

196 3183 305 3244 ΠΑΝ.
321 3174 446 3245 Ὁπόσα
457 3172 501 3243 άν
512 3175 712 3265 άποσκεόυης
726 3203 782 3263 με,
798 3175 859 3244 τόν
870 3176 1113 3263 σεαυτοῦυίόν,

116 3268 275 3363 ὦπάτερ,
291 3278 515 3344 ἐπονείδιστον
532 3272 743 3364 ἀποφαίνεις,
767 3282 895 3360 μᾶλλον
911 3275 948 3343 δδ
962 3272 1115 3361 σεαυτόν,

115 3368 150 3451 ὃς
166 3380 302 3441 τοιαῦτα
316 3380 439 3462 γεννᾷς
454 3375 509 3441 καὶ
526 3377 745 3459 παιδοποιεῖς,
761 3371 825 3459 ἐγὼ
841 3373 878 3441 δὲ
891 3370 1046 3451 ἀναίτιος.
