2550 3825
353 198 597 259 ΝΕΚΡΙΚΟΙ
621 199 882 257 ΔΙΑΛΟΓΟΙ.
1054 195 1114 259 167

1 365 2 370 ’
116 360 309 439 παρέδωκεν
322 355 404 426 ἄνθ’
421 362 557 444 ἑαυτοῦ,
572 359 628 425 καὶ
639 356 682 424 σύ
696 364 812 425 τοίνυν
822 354 898 424 ἄντ’
914 360 1043 425 ἐκείνου
1057 382 1110 424 νε-

116 455 197 541 κρός
212 455 248 525 εἷ.

199 563 268 623 ΗΡ.
296 554 436 622 Τοιοῦτό
453 581 494 621 τι.

198 660 318 722 ΔΙΟΓ.
341 658 417 729 Πῶς
432 645 496 719 οὖν
509 650 648 739 ἀκριβής
662 650 680 721 ὅ
692 654 815 733 Αἰακὸς
830 651 878 722 ῶν
889 650 931 722 ού
945 656 1065 738 διέγνω
1076 672 1112 719 σε

115 752 160 839 μή
178 750 261 821 ὄντα
274 756 418 827 ἐκεῖνον,
441 748 525 820 άλλά
542 754 740 836 παρεδέξατο
754 751 996 839 ὑποβολιμαῖον
1010 749 1113 830 Ἡρα·

116 855 195 919 κλέα
210 852 376 935 παρόντας

198 956 267 1017 ΗΡ.
283 947 353 1016 Ὅτι
369 946 485 1036 ἐφ’κειν
500 944 653 1033 άκριβῶς.

199 1055 319 1117 ΔΙΟΓ.
345 1046 466 1133 Ἀληθῆ
488 1049 608 1130 λέγεις·
640 1043 784 1131 άκριβῶς
801 1046 883 1132 γάρ,
912 1043 995 1112 ὥστε
1013 1042 1113 1123 αὐτὸς

115 1145 208 1213 εἶναι.
230 1144 294 1230 ὅρα
303 1151 389 1231 γοῦν
398 1141 443 1229 μή
455 1141 491 1211 τὸ
503 1148 656 1211 ἐναντίον
666 1145 733 1210 ἐστὶ
743 1145 798 1211 καὶ
812 1142 854 1209 σύ
866 1146 927 1229 μὲν
939 1141 970 1210 εἷ
982 1139 1113 1227 ὁἩρα-

114 1249 210 1328 κλῆς,
221 1240 260 1309 τὰ
269 1243 306 1309 δὲ
317 1247 455 1311 εἴδωλον
465 1240 631 1327 γεγάμηκε
642 1238 818 1328 τήνἭβην
833 1238 923 1324 παρά
934 1256 1003 1319 τοῖς
1010 1252 1112 1319 θεοῖς.

197 1346 227 1409 3.
249 1348 318 1409 ΗΡ.
343 1338 476 1425 Θρασύς
490 1340 520 1408 εἰ
531 1343 586 1408 καλ
600 1340 714 1425 λάλος,
729 1341 784 1407 καλ
799 1345 829 1407 εἰ
841 1338 885 1425 μή
902 1338 1015 1424 παύση
1025 1338 1114 1408 σκιά·-

114 1463 206 1505 πτων
223 1443 256 1517 ἐς
269 1443 341 1526 ἐμέ,
363 1450 435 1528 εἴση
449 1436 567 1506 αύτίκα
582 1442 658 1505 οἵου
673 1445 758 1505 θεοῦ
775 1439 913 1507 εἴδωλόν
931 1444 1004 1525 εἰμι.

198 1545 317 1607 ΔΙΟΓ.
343 1535 387 1605 T&
398 1539 460 1623 μὲν
470 1538 567 1617 τόξον
577 1534 710 1622 γυμνὸν
723 1537 978 1623 καὶπρύχειρον·
999 1535 1064 1624 έγῶ
1076 1538 1112 1606 δὲ

113 1642 148 1702 τί
165 1632 209 1703 άν
232 1642 278 1704 ἔτι
299 1643 466 1724 φοβοίμην
481 1656 519 1702 σε
540 1633 627 1716 άτιαξ
646 1634 835 1720 τεθνηκῶςς
868 1634 950 1720 άτάρ
967 1642 1039 1705 εἰπέ
1055 1664 1111 1723 μοι

113 1731 197 1818 πρὸς
212 1743 272 1803 τοῦ
286 1744 350 1802 σού
357 1733 575 1819 Ἡρακλέους,
593 1732 692 1801 ὁπότε
709 1736 832 1812 ἐκεῖνος
846 1740 915 1821 ἔζη,
931 1743 1034 1821 συνῆς
1049 1735 1112 1802 αύ-

111 1841 158 1922 τῷ
179 1836 234 1901 καὶ
249 1834 323 1901 τότε
343 1838 481 1901 εἴδωλον
498 1832 563 1915 ῶν;
589 1828 612 1920 ή
629 1828 675 1911 εἷς
689 1832 751 1918 μὲν
766 1824 824 1918 ήτε
844 1831 933 1919 παρά
949 1833 1009 1902 τὸν
1025 1841 1111 1924 βίον,

112 1935 183 2001 ἐπεὶ
194 1934 230 2001 δὲ
241 1931 442 2019 ἀπεθάνετε,
457 1934 682 2016 διαιρεθέντες
696 1929 713 2000 ὁ
729 1932 791 2016 μὲν
802 1935 835 2011 ές
848 1932 951 2013 θεούς
965 1933 1111 2002 ιἰπέπτα-
1129 1946 1181 2002 4⁰4

111 2057 166 2116 το,
183 2028 226 2098 σύ
240 2032 277 2099 δέ
289 2029 327 2099 τὰ
343 2037 497 2116 εἴδωλον,
516 2030 627 2116 ῶσπερ
644 2028 731 2109 εἰκὸς
743 2024 802 2116 ἦν,
819 2034 852 2110 ἐς
866 2032 952 2122 ᾅδου
962 2034 1078 2120 πάρεις

195 2140 264 2201 ΗΡ.
284 2130 398 2217 Ἐχρῆν
408 2131 470 2217 μὲν
483 2133 565 2218 μηδὲ
575 2129 823 2212 ἀποκρίνασθαι
835 2129 917 2213 πρὸς
929 2131 1036 2214 ἄνδρα
1051 2131 1112 2199 ού-

110 2258 174 2309 τως
186 2234 441 2317 ἐρεσχηλοῦντα·
457 2229 546 2316 ὅμως
557 2227 588 2296 δ’
601 2222 666 2296 οὖν
677 2231 837 2295 καὶτοῦτο
850 2226 1013 2296 άκουσον·
1028 2230 1112 2297 ὁπό·

110 2350 173 2396 σον
194 2329 255 2415 μέν
277 2326 341 2414 γάρ
363 2327 612 2414 Ἀμφιτρύωνος
632 2328 669 2392 ἐν
689 2333 734 2414 τῶ
753 2322 910 2408 Ἡρακλεῖ
929 2318 987 2410 ἦν,
1013 2334 1110 2393 τοῦτο

90 2488 93 2493 ,
109 2430 253 2511 τέθνηκε
268 2432 327 2494 καί
338 2432 404 2512 εἰμι
417 2422 481 2512 έγῶ
498 2428 604 2493 ἐκεῖνο
619 2431 704 2508 πάν,
727 2421 748 2489 ὃ
764 2423 800 2489 δὲ
816 2415 860 2507 ήν
875 2430 936 2490 τοῦ
949 2424 1049 2509 Διός,
1074 2427 1111 2490 έν

111 2523 247 2613 ούρανῶ
263 2525 397 2593 σύνεστι
410 2539 477 2603 τοῖς
491 2535 593 2602 θεοῖς.

195 2627 223 2690 4.
247 2629 367 2690 ΔΙΟΓ.
388 2630 515 2709 Σαφῶς
528 2631 595 2688 νύν
607 2622 788 2710 μανθάνω·
812 2624 873 2692 δύο
888 2622 953 2710 γάρ
965 2621 1030 2710 φής
1041 2629 1108 2691 ἔτε-

108 2748 169 2790 κεν
190 2719 211 2808 ή
230 2720 393 2807 Ἀλκμήνη
413 2719 497 2789 κατά
515 2718 554 2788 τὰ
569 2719 649 2789 αύτὸ
664 2720 858 2808 Ἡρακλέας,
886 2719 947 2790 τόν
966 2725 1028 2808 μὲν
1048 2718 1110 2788 ὑπ’

105 2819 348 2907 Ἀμφιτρύωνι,
364 2816 425 2887 τάν
434 2820 469 2887 δὲ
480 2817 569 2903 παρά
580 2828 641 2888 τοῦ
651 2821 750 2903 Διός,
769 2817 851 2887 ῶστε
863 2819 1048 2905 ἐλελήθειτε
1060 2825 1111 2888 δι’·

109 2922 211 3006 δυμοι
228 2916 322 2996 ὄντες
337 2914 542 3003 ὁμομήτριοι.

192 3023 262 3085 ΗΡ.
286 3013 375 3099 Οὔκ,
394 3007 566 3101 ῶμάταιε·
587 3015 684 3101 ὁγὰρ
701 3015 801 3095 αὐτὸς
818 3016 918 3104 άμφω
934 3010 1027 3103 ήμεν.

193 3121 314 3184 ΔΙΟΓ.
343 3111 416 3182 Ούκ
436 3120 505 3183 ἔστι
520 3125 643 3200 μαθεῖν
656 3123 753 3184 τοῦτο
767 3116 903 3207 ῥᾴδιον,
926 3115 1110 3194 συνθέτους

108 3213 173 3281 δύο
190 3212 289 3293 ὄντας
299 3211 496 3299 Ἡρακλέας,
513 3213 606 3293 έκτός
620 3220 651 3283 εἰ
662 3212 706 3301 μή
725 3215 835 3299 ῶσπερ
850 3211 1112 3298 ἱπποκένταυρός

112 3338 159 3390 τις
173 3305 231 3399 ήτε
245 3316 279 3392 ές
293 3316 330 3381 ἓν
344 3312 596 3400 συμπεφυκότες
612 3312 792 3398 άνθρωπος
806 3315 860 3380 καὶ
875 3312 964 3390 θεός.

192 3418 261 3480 ΗΡ.
287 3409 339 3480 Ού
354 3410 418 3497 γάρ
435 3415 489 3480 καὶ
507 3411 627 3492 πάντες
645 3411 732 3481 οὕτω
749 3433 802 3480 σοι
822 3416 960 3479 ιλοκούσι
975 3421 1107 3494 συγκεΐ·
