2550 3825
520 147 700 209 ΤΙΜΩΝ.
1062 154 1106 214 39

2 308 3 313 ’
103 280 145 376 ’σὲ
158 304 231 377 ἀντὶ
242 314 299 395 τῆς
311 314 427 385 πενίας
438 316 683 392 προαιρεῖσθαι.
707 304 751 374 σύ
762 310 873 392 μέντοι
887 308 980 374 πάνυ
988 311 1101 394 μεμψί-

1 421 3 453 ι
113 432 229 493 poteo?
251 404 339 474 αἰναί
354 431 411 492 μοι
425 410 550 489 δοκεῖς,
574 401 611 483 ὃς
625 411 692 472 νῦν
706 406 768 490 μὲν
783 404 843 473 τόν
860 412 995 492 Τίμωνα
1009 410 1108 496 αἰτιᾷ,

103 506 195 573 ,διότι
215 525 268 572 σοι
283 501 342 583 τάς
352 502 462 588 θύρας
473 500 682 583 ἀναπετάσας
692 502 784 591 ἠφίει
795 518 1004 589 περινοστεῖν
1016 507 1106 573 έλεν-
1128 515 1180 569 m

111 614 222 690 θερως
233 602 310 670 οὔτε
325 599 512 671 ἀποκλείων
527 600 605 669 ούτε
617 608 826 689 ζηλοτυπῶν·
855 600 972 671 ἀλλοτε
983 602 1018 670 δέ
1032 601 1110 669 τοά-

111 709 246 771 ναντίον
261 700 458 788 ἠγανάκτεις
473 696 556 766 κατά
571 708 640 767 τῶν
654 709 826 769 πλουσίων
837 709 1110 769 κατακεκλεῖσθαι

112 806 218 887 λέγων
241 798 324 885 πρὸς
345 797 457 867 αὐτῶν
471 797 537 867 ὑπό
555 810 687 885 μοχλοῖς
706 804 760 868 καὶ
774 802 879 868 κλεισὶ
895 802 950 868 καὶ
966 804 1111 885 σημείων

114 906 296 988 ἐπιβολαῖς,
320 896 363 978 ῶς
385 900 467 985 μηδὲ
488 905 687 985 παρακῦψαί
703 918 757 967 σοι
778 903 811 978 ἐς
824 896 861 966 τδ
879 906 950 985 φῶς
965 894 1111 965 δυνατόν

113 999 206 1069 εἰναι.
251 1006 356 1066 ταῦτα
380 1004 465 1083 γοῦν
490 995 673 1084 ἀπωδύρου
697 998 781 1080 πρός
797 1023 839 1084 με
866 995 1112 1083 ἀποπνίγεσθαι

2 1118 15 1145 ⁵
116 1103 280 1187 λέγωνέν
301 1105 411 1188 πολλῶ
431 1105 477 1187 τῷ
502 1100 624 1186 σκότῳ·
657 1097 712 1163 καὶ
727 1092 783 1163 διά
797 1103 896 1163 τοῦτο
913 1092 1018 1181 ῶχρός
1030 1093 1112 1181 ἡμῖν

113 1203 255 1285 ἐφαίνου
281 1199 336 1265 καὶ
366 1200 545 1283 φροντίδος
573 1193 762 1281 ἀνάπλεως,
791 1194 1009 1273 συνεσπακὼς
1031 1192 1112 1273 τούς

112 1297 298 1375 δακτύλους
324 1292 407 1381 πρὸς
431 1292 467 1363 τδ
492 1302 572 1374 ἔθος
592 1300 660 1362 τῶν
684 1302 853 1381 λογισμῶν
877 1296 932 1362 καί
960 1292 1111 1378 ἀποδρά-

114 1408 234 1466 σεσθαι
255 1394 420 1479 ἀπειλῶν,
446 1399 477 1462 εἰ
496 1400 616 1479 καιροῦ
639 1394 772 1480 λάβοιο,
797 1391 876 1480 παρ’
900 1390 1022 1461 αὐτῶν·
1056 1392 1112 1459 καὶ

112 1496 198 1573 ὅλως
219 1492 256 1561 τό
278 1501 412 1579 πρᾶγμα
434 1491 634 1575 ὑπέρδεινον
655 1494 765 1561 ἐδόκει
789 1512 860 1577 σοι,
889 1495 925 1561 ἐν
953 1498 1063 1582 χαλκῶ
1088 1486 1111 1576 η’

113 1598 239 1683 σιδηρῷ
250 1599 296 1683 τῷ
307 1592 449 1683 θαλάμῳ
460 1593 615 1673 καθάπερ
622 1587 1112 1677 τηνΔανάηνπαρθενεύεσθαι

113 1689 172 1759 ὑπ’
193 1690 344 1777 ἀκριβέσι
364 1694 419 1760 καὶ
441 1692 672 1778 παμπονήροις
686 1694 909 1775 παιδαγωγοῖς
925 1686 1113 1775 ἀνατρεφό-
1132 1692 1181 1748 12³

112 1817 227 1879 μενον,
245 1798 291 1881 τῶ
305 1789 399 1880 Τόκῳ
416 1792 473 1857 καὶ
485 1797 531 1880 τῷ
539 1797 705 1879 Λογισμῷ.
730 1796 779 1858 14.
789 1788 896 1859 ἀτοπα
907 1798 993 1876 γοῦν
1003 1803 1113 1857 ποιεῖν

117 1898 260 1977 ἔφασκες
271 1888 393 1968 αύτούς
405 1892 550 1974 ἐρῶντας
560 1887 622 1975 μέν
634 1891 667 1968 ἐς
677 1886 879 1977 ὑπερβολήν,
896 1888 971 1971 ἐξὸν
982 1890 1018 1958 δὲ
1028 1885 1114 1956 ἀπο-

113 1990 235 2058 λαύειν
258 1985 299 2056 ού
321 1996 527 2075 τολμῶντας,
553 1985 633 2054 οάδέ
654 1985 706 2054 ἐπ’
729 1985 842 2067 ἀδείας
863 1993 1054 2076 χρωμένους
1067 1995 1114 2078 τῷ

113 2095 212 2173 ἔρωτι
233 2096 371 2175 κυρίους
391 2114 429 2174 γε
449 2085 564 2174 ὄντας,
584 2084 669 2155 ἀλλά
685 2087 864 2173 φυλάττειν
881 2087 1112 2173 ἐγρηγορότας,

114 2189 149 2266 ἐς
167 2185 205 2254 τό
222 2201 359 2273 σημεῖον
372 2190 424 2254 καί
442 2183 502 2254 τδυ
516 2185 642 2273 μοχλόν
656 2183 903 2271 ἀσκαρδαμυκτὶ
920 2188 1111 2273 βλέποντας,

113 2281 235 2371 ἱκανὴν
257 2284 444 2353 ἀπόλαυσιν
469 2287 642 2372 οἰομένους
662 2282 704 2351 ού
723 2280 760 2350 τδ
783 2281 906 2361 αύτούς
929 2281 1112 2349 ἀπολαύειν

116 2389 221 2469 ἐχειν,
252 2380 336 2451 ἀλλά
358 2382 394 2450 τδ
417 2386 533 2470 μηδενὶ
561 2383 775 2470 μεταδιδόναι
804 2390 861 2468 τῆς
887 2379 1111 2464 ἀπολαύσεως,

114 2482 271 2566 καθάπερ
292 2479 355 2568 τὴν
376 2484 413 2549 ἐν
432 2490 474 2571 τῇ
488 2483 599 2569 φάτνη
614 2480 702 2548 κύνα
713 2480 795 2567 μήτε
809 2477 915 2566 αὐτὴν
930 2481 1112 2545 ἐσθίουσαν

116 2587 184 2646 τῶν
201 2586 334 2664 κριθῶν
347 2579 428 2666 μήτε
442 2587 487 2670 τῷ
503 2583 594 2670 ἵππῳ
608 2585 765 2647 πεινῶντι
782 2581 1030 2665 ἐπιτρέπουσαν.
1060 2578 1115 2643 καὶ

112 2679 250 2760 προσέτι
277 2703 315 2762 γε
335 2681 391 2747 καὶ
410 2682 585 2764 κατεγέλας
605 2674 717 2745 αὐτῶν
738 2679 946 2763 φειδομένων
965 2677 1021 2743 καὶ
1041 2701 1110 2760 φν-
1133 2689 1183 2742 Ιλλ

111 2777 305 2845 λαττόντων
327 2780 382 2845 καὶ
402 2775 438 2845 τό
461 2779 659 2846 καινότατον
680 2772 804 2854 αὑτούς
827 2773 1113 2861 ζηλοτυπούντων,

111 2874 334 2962 ἀγνοούντων
348 2875 384 2944 δέ
398 2873 442 2955 ῶς
453 2876 635 2962 κατάρατος
646 2876 771 2959 οἰκέτης
781 2869 803 2960 ἢ
815 2873 990 2958 οἰκονόμος
1003 2868 1114 2958 ἢπαι-

116 2979 274 3061 δοτρίβης
287 2971 448 3041 ὑπεισιῶν
460 2981 629 3059 λαθραίως
641 2972 876 3058 ἐμπαροινήσει
887 2969 948 3038 τόν
958 2975 1115 3038 κακοδαί-

110 3099 202 3160 μονα
212 3073 268 3140 καὶ
279 3069 463 3157 ἀνέραστον
474 3072 640 3158 δεσπότην
649 3067 928 3156 πρδςάμαυρόντι
936 3071 990 3136 καί
997 3068 1116 3155 μικρό-

111 3191 240 3257 στομον
252 3173 425 3256 λυχνίδιον
437 3172 491 3237 καί
499 3173 658 3251 διψαλέον
664 3173 884 3250 θρυαλλίδιον
892 3171 1116 3254 ἐπαγρυπνεῖν

109 3269 213 3348 ἐάσας
226 3281 295 3346 τοῖς
310 3267 429 3346 τόκοις.
458 3275 529 3346 πῶς
541 3262 605 3334 ούν
618 3264 680 3335 οὐκ
692 3265 790 3334 άδικα
800 3275 922 3352 ταῦτα,
940 3266 1042 3334 πάλαι
1053 3271 1116 3353 μὲν
1141 3294 1143 3299 ’

111 3369 225 3436 ἐκεῖνα
233 3372 418 3450 αἰτιᾶσθαι,
431 3373 497 3431 νῦν
509 3366 544 3432 δὲ
552 3373 598 3455 τῶ
609 3373 734 3452 Τίμωνι
740 3365 780 3433 τά
789 3369 922 3435 ἐναντία
933 3369 1118 3442 ἐπικαλεῖνε
