2550 3825
325 183 570 241 NEKPIKOI
594 186 848 246 AIAAOPOI
1033 181 1093 245 177

174 347 270 407 ΧΑΡ.
286 339 412 423 Χάριεν
423 345 538 428 λέγεις,
549 346 606 409 ἵνα
617 346 672 411 καὶ
686 343 812 433 πληγάς
823 346 875 414 ἐπὶ
886 346 993 435 τούτῳ
1004 370 1093 427 παρα

93 444 152 504 τοῦ
170 442 298 505 Αἰακοῦ
312 441 501 526 προσλάβω.

175 543 288 604 ΜΕΝ.
310 535 371 624 Μὴ
387 539 513 624 ἐνόχλει
528 532 600 609 οὖν.

174 643 271 704 ΧΑΡ.
293 643 415 717 Δεῖξον
429 644 462 703 τί
473 640 510 704 ἐν
523 644 563 723 τῇ
581 639 670 727 πήρᾳ
686 642 776 723 ἐχεις.

175 740 288 803 ΜΕΝ.
299 738 461 822 Θέρμους,
469 740 623 820 είθέλεις,
631 738 686 802 καὶ
695 742 751 820 τῆς
760 734 893 821 Ἑκάτης
902 731 939 801 τό
947 738 1093 802 δεῖπνον.

174 842 273 901 ΧΑΡ.
296 834 413 902 Πόθεν
427 840 547 901 τούτου
557 832 653 921 ἡμῖν,
671 825 823 919 τδἙρμῆ,
839 830 900 899 τόν
914 833 1001 899 κύνα
1011 832 1095 920 ἤγα-

92 957 161 1017 γες;
182 927 235 999 οἷα
256 932 292 999 δέ
312 933 367 999 καλ
387 932 495 999 ἐλάλει
516 930 606 1016 παρὰ
626 928 686 999 τόν
708 937 817 999 πλοῦν
840 937 908 998 τῶν
929 933 1095 1018 ἐπιβατῶν

93 1028 252 1097 ἁπάντων
262 1037 454 1116 καταγελῶν
464 1033 517 1097 καί
529 1030 744 1097 ἐπισκώπτων
759 1032 814 1097 καὶ
824 1028 927 1115 μόνος
942 1028 1033 1118 ᾅδων
1044 1034 1094 1097 ol·

91 1128 270 1213 μωζόντοον
287 1130 433 1195 ἐκείνων.

175 1232 279 1293 ΕΡΜ.
306 1224 465 1314 Ἀγνοεῖς,
490 1221 674 1313 άΧάρων,
698 1226 814 1296 ὅντινα
830 1225 937 1309 ἄνδρα
960 1227 1075 1309 διεπόρ

90 1332 257 1407 θμευσαςς
276 1325 458 1410 ἐλεύθερον
468 1323 622 1413 ἀκριβῶς,
637 1322 798 1404 κούδενδς
809 1323 899 1415 αύτῷ
910 1328 1010 1409 μέλει.
1033 1316 1095 1391 ού-

91 1422 147 1501 τός
162 1420 282 1490 ἐστινὸ
299 1427 485 1505 Μένιππος.

176 1528 274 1588 ΧΑΡ.
296 1523 362 1589 Καὶ
378 1520 445 1609 μὴν
461 1522 504 1590 άν
519 1544 556 1591 σε
572 1524 665 1611 λάβω
679 1527 762 1593 ποτέ
773 1566 810 1576 -

161 1615 287 1685 ΜΕΝ.
302 1614 363 1687 ’Λν
374 1621 493 1709 λάβῃς,
512 1614 711 1709 ιδβίλτιστε·
732 1626 781 1702 δὶς
792 1622 827 1689 δὲ
839 1617 901 1688 οὐκ
913 1614 956 1687 άν
970 1619 1093 1706 λάβοις.

569 1862 618 1924 23.

131 1973 413 2041 ΠΡΩΤΕΣΙΑΑΟΤ,
438 1975 677 2028 ΠΛΟΊἼῺΝΟΣ
695 1976 761 2027 ΚΑΙ
782 1974 1054 2028 ΠΕΡΣΕΦΟΝΗΣ.
1112 1975 1163 2030 426

177 2111 207 2172 l.
228 2112 362 2173 ΠΡΩΤ.
377 2099 417 2172 Ὦ
432 2107 574 2175 δέσποτα
588 2111 642 2174 καὶ
656 2112 795 2193 βασιλεύ
810 2109 863 2174 καὶ
878 2105 1015 2193 ἡμέτερε
1028 2115 1095 2177 Ζεῦ

91 2207 147 2272 καὶ
167 2201 211 2270 σύ
227 2203 404 2290 Δήμητρος
421 2205 587 2291 θύγατερ,
615 2203 659 2291 μὴ
682 2202 859 2290 ὑπερίδητε
878 2206 992 2291 δέησιν
1011 2209 1095 2290 ἐρω-

90 2328 197 2387 τικην.

174 2406 336 2467 ΠΛΟῬΤ.
366 2397 420 2468 Σύ
438 2401 474 2467 δέ
489 2407 591 2466 τίνων
612 2403 669 2486 δέῃ
689 2396 771 2482 παρ’
793 2396 905 2484 {maim
932 2396 954 2486 ἢ
977 2405 1024 2479 τίς
1046 2397 1095 2470 οδν

90 2497 282 2582 τυγχάνειςς

177 2601 307 2662 Hm
331 2599 409 2679 Είμλ
419 2595 481 2680 μὲν
490 2602 724 2682 Πρωτεσίλεως
739 2593 756 2662 ὁ
769 2593 915 2682 Ἰφίκλου
927 2596 1095 2676 Φυλάκιος

89 2690 336 2778 συστρατιώτης
344 2699 412 2758 των
422 2690 561 2779 Ἀχαιοδν
570 2697 625 2761 καὶ
637 2699 765 2776 πρῶτος
774 2690 960 2762 άποθανοδν
970 2701 1037 2762 τάν
1046 2697 1094 2762 ἐπ’

87 2786 182 2880 Ἰλίῳ.
209 2787 372 2874 δέομαίδέ
384 2787 523 2877 ἀφεθεὶς
533 2789 617 2875 πρός
628 2789 741 2875 ὀλίγον
752 2787 934 2877 ἀναβιῶναι
949 2791 1059 2860 πάλιν.

175 2893 340 2953 HAOYT.
372 2895 501 2956 Τοῦτον
523 2890 585 2975 μέν
605 2885 665 2955 τόν
686 2893 805 2972 ἔρωτα,
830 2880 1095 2976 ύΠρωτεσίλαε,

89 2984 214 3062 πάντες
227 2987 341 3068 νεκροὶ
355 2988 471 3070 ἐρῶσι,
488 2985 575 3073 πλὴν
592 2985 701 3063 οὐδεὶς
718 2981 761 3052 άν
776 2983 888 3052 αὐτῶν
901 2984 1003 3072 τύχοι.

176 3088 310 3148 ΠΡΩΤ.
329 3079 416 3152 Ἀλλ’
427 3081 469 3150 ού
482 3090 542 3150 τοῦ
555 3089 628 3168 ζῆν,
644 3080 817 3164 Ἀϊδωνεῦ,
834 3084 899 3168 ἐρῶ
912 3089 1024 3170 ἔγωγε,
1040 3091 1096 3170 τῆς
1112 3101 1163 3156 427

28 3173 32 3180 ’
89 3178 251 3266 γυναικός
266 3184 318 3265 δέ,
340 3179 383 3267 ἣν
398 3181 564 3268 νεόγαμον
578 3187 625 3248 ἔτι
640 3182 677 3247 ἐν
691 3185 736 3269 τῷ
749 3180 891 3270 θαλάμῳ
906 3179 1096 3248 καταλιπων

90 3276 227 3367 ςόχόμην
248 3275 441 3360 άποπλίων,
469 3275 537 3346 εἶτα
557 3274 574 3346 ὁ
595 3282 807 3364 κακοδαίμων
822 3280 859 3345 ἐν
878 3284 918 3363 τῇ
934 3275 1096 3366 άποβάσει

90 3372 267 3444 ἀπέθανον
278 3375 344 3445 ὑπό
355 3374 586 3463 τοῦἝκτορος.
610 3375 627 3445 ὁ
645 3369 708 3446 οὖν
722 3382 805 3462 ἐρως
816 3382 872 3462 τῆς
885 3373 1044 3526 γνιιὲαικός
1054 3368 1096 3443 ού

176 3487 281 3526 Lucum.
302 3473 324 3526 λ.
