2550 3825
452 199 578 260 ΒΙΩΝ
600 202 792 260 ΠΡΑΣΙΣ
1060 196 1121 260 245

204 365 303 428 ΑΓΘ.
326 359 422 427 Πολύ
437 363 551 444 λέγεις.

204 465 307 526 EPM.
321 458 405 544 Οὔκ,
418 451 609 543 ἀμακοὶριε·
625 455 756 545 καὶγὰρ
767 456 867 538 αύιός
877 465 959 545 ἔχειν
974 485 1005 527 τι
1016 457 1123 544 ἀρμύ·

121 580 195 635 ριον
206 561 304 624 δοκεῖ.
326 554 410 624 ὥστε
421 553 483 624 ούκ
493 551 536 622 ἀν
547 555 694 640 φθάνοις
706 554 927 644 ὠνησόμενος.
944 563 991 625 ἔτι
1003 559 1040 625 δὲ
1051 567 1122 644 είσρ
1140 569 1189 624 567

121 650 238 720 αὐτίκα
258 653 347 740 μύλα
366 652 445 738 παρ’
465 651 569 720 αὐτοῦ
588 655 695 721 πόσου
716 656 778 740 μὲν
798 652 815 722 ὁ
839 657 964 738 κιόνων
978 663 1049 742 βιοῖ
1062 653 1122 722 τόν

120 751 260 838 χρόνον,
282 751 336 839 ἐφ’
355 751 482 820 ὁπόσον
499 753 534 820 δὲ
550 754 658 839 ῥόθος
672 751 693 839 ἡ
708 756 857 822 θάλαττα
872 753 938 823 ὑπὸ
951 761 1014 822 τοῦ
1024 751 1122 841 ἡλίου

121 851 382 936 καταλάμπεται,
397 855 452 920 καὶ
463 848 560 918 ὁποία
575 857 623 930 τίς
638 852 758 940 ἐστινὴ
773 851 861 939 ψυχὴ
874 861 941 920 τῶν
951 851 1120 937 ὀστρείων.

204 957 304 1018 ΑΓΘ.
320 949 493 1036 Ἡράκλεις
505 959 563 1038 τῆς
578 948 817 1039 ἀκριβολογίας.

204 1056 307 1118 ΕΡΜ.
334 1056 376 1117 Τί
383 1055 448 1137 δαί,
461 1057 490 1118 εί
499 1049 676 1128 ἀκούσειας
686 1049 770 1120 ἀλλα
780 1058 892 1140 πολλῷ
904 1048 1034 1116 τούτων
1045 1048 1122 1130 ὀξυ-

122 1151 334 1233 δερκέστερα,
351 1155 453 1234 γονῆς
468 1174 503 1216 τε
521 1151 595 1233 πέρι
610 1154 665 1216 καὶ
684 1152 844 1235 γενέσεως
861 1151 988 1236 καὶτῆς
1003 1151 1040 1216 ἐν
1053 1163 1123 1226 ταῖς

121 1244 258 1330 μήτραις
272 1254 339 1312 των
354 1247 509 1334 ἐμβρύων
524 1255 719 1335 πλαστικῆς,
739 1250 794 1316 καί
810 1247 854 1327 ὡς
867 1247 1048 1332 ἄνθρωπος
1062 1246 1124 1333 μὲν

123 1345 332 1428 γελαστικόν,
355 1343 433 1423 όνος
454 1349 490 1414 δὲ
505 1344 546 1413 ού
563 1344 760 1432 γελαστικόν
775 1344 854 1414 οὐδὲ
870 1347 1124 1432 τεκταινόμενον

124 1437 202 1508 οὐδὲ
217 1443 455 1527 πλωλζόμενον;

205 1546 304 1607 ΑΓΟ.
328 1540 509 1626 Πάυσεμνα
524 1540 589 1627 φὴς
603 1545 658 1610 καὶ
673 1539 861 1627 ὀνησιφόρα
876 1541 916 1608 τὰ
933 1540 1123 1628 μαθήματα,

124 1633 207 1702 ὥστε
223 1633 373 1724 ὠνοῦμαι
390 1636 493 1706 αὐτὸν
507 1650 642 1708 είκοσιν.

184 1739 256 1814 27.
280 1743 384 1803 ΕΡΜ.
407 1735 496 1804 Εἶεν.

206 1841 330 1902 ΖΕΥΣ.
356 1841 413 1915 Τίς
430 1834 544 1916 λοιπός
559 1834 639 1923 ἡμῖν
655 1843 899 1918 καταλείπεται-ς

209 1939 308 2000 ΕΡΜ.
325 1932 361 2001 Ὁ
377 1933 561 2011 Σκεπτικὸς
583 1928 689 2012 οὗτος.
720 1934 763 2000 σύ
784 1934 802 2001 ὁ
819 1941 969 2018 Πυρρίας
985 1933 1124 2015 πρόσιθι

123 2030 178 2096 καὶ
193 2028 426 2115 ἀποκηρύττου
446 2031 529 2099 κατά
547 2033 652 2118 τάχος.
684 2031 748 2118 ἤδη
768 2035 830 2118 μὲν
852 2032 1077 2118 ὑπορρέουσιν
1094 2037 1127 2099 οἱ

122 2128 239 2193 πολλοὶ
259 2131 313 2194 καὶ
333 2129 370 2195 ἐν
389 2127 547 2215 ὀλίγοιςὴ
568 2138 689 2212 πρᾶσις
709 2136 808 2199 ἔσται.
842 2130 930 2215 ὅμως
949 2133 984 2198 δὲ
1004 2138 1052 2209 τίς
1071 2132 1125 2197 καὶ

124 2230 243 2290 τούτου
260 2222 405 2305 ἀνεῖταις

207 2330 305 2391 ΑΓΟ.
319 2322 453 2411 Ἔγωγε.
477 2324 549 2393 ἀλλ’
564 2319 626 2394 τόν
640 2336 774 2412 πρῶτον
786 2327 857 2393 είπέ
865 2350 937 2412 μοι,
953 2323 996 2392 σύ
1010 2331 1044 2391 τί
1052 2326 1122 2391 ίπί-
1142 2336 1193 2389 568

124 2442 256 2505 πόσαις

207 2529 296 2589 ΦΙΛ.
320 2520 438 2589 Οὐδέν.

207 2627 306 2689 ΑΓΘ.
330 2628 407 2699 Πῶς
424 2619 515 2689 τοῦτ’
533 2630 684 2709 ἔφησθας

208 2728 296 2787 ΦΙΛ.
313 2718 383 2787 ’Ότι
398 2717 498 2789 οὐδὲν
516 2720 600 2801 ὅλως
615 2720 703 2789 εἶναί
713 2747 770 2808 μοι
784 2726 883 2789 δοκεῖ.

205 2825 305 2887 ΑΓΘ.
331 2817 420 2886 Ούόὲ
434 2818 527 2906 ἡμεῖς
540 2822 605 2906 ἀρα
620 2823 717 2907 ἐσμέν
731 2846 834 2900 τινες;

207 2924 294 2985 ΦΙΛ.
318 2916 407 2984 Οὐδὲ
423 2926 520 2987 τοῦτο
535 2918 616 2986 οἶδα.

205 3022 303 3082 Am.
330 3010 413 3081 Οὐδ’
430 3013 481 3080 ότι
496 3015 539 3081 σύ
554 3042 603 3093 τις
620 3010 669 3080 ἀν
682 3016 870 3101 τυμχάνεις;

205 3120 294 3181 ΦΙΛ.
317 3109 412 3178 Πολύ
427 3118 555 3197 μᾶλλον
570 3118 616 3181 ἔτι
633 3114 726 3208 τοῦτ’
743 3113 862 3200 ἀγνοῶ.

203 3217 303 3279 ΑΓΘ.
325 3204 367 3277 Ὦ
384 3216 440 3295 τῆς
456 3208 605 3296 ἀπορίας.
633 3218 667 3279 τί
680 3216 737 3280 όαί
749 3234 801 3281 σοι
816 3212 855 3280 τά
871 3218 1016 3298 σταθμία
1030 3213 1123 3279 ταυτὶ

120 3309 290 3393 βούλεταις

205 3416 293 3475 ΦΙΛ.
318 3412 516 3492 Ζυμοστατῶ
528 3409 564 3473 ἐν
577 3403 689 3487 αὐτοῖς
699 3406 777 3485 τούς
788 3408 976 3493 λόγουςκαὶ
990 3432 1073 3491 προς
1084 3405 1120 3474 τό
