2550 3825
504 221 703 278 amm
1046 215 1108 309 νοτ

105 380 161 446 καί
176 374 220 455 ὡς
240 377 427 463 ἀδιάφορον
447 376 465 445 ὁ
483 385 626 456 πλοῦτος
647 385 719 463 καί,
741 384 773 446 τί
791 375 855 464 γάρ
876 377 913 445 τδ
933 373 1108 464 χρυσίονή

107 473 270 565 ἀργυριον
285 474 385 544 οὐδὲν
401 482 468 544 τῶν
488 478 525 543 ἐν
542 489 610 553 τοῖς
632 481 793 559 αἰγιαλοῖς
814 480 971 561 ψηφίδων
992 478 1110 561 διαφέ-

107 599 183 659 ρον;
206 573 288 640 ὅταν
300 577 338 641 δέ
346 601 395 652 τις
406 576 595 655 ἐπικουρίας
610 573 767 658 δεόμενος
779 577 906 660 ἑταῖρος
916 577 952 641 ἐκ
965 579 1110 641 παλαιοῦ

106 674 161 740 καὶ
176 677 273 756 φίλος
284 668 349 738 ἀπό
364 678 497 740 πολλῶν
508 668 602 756 ὀλίγα
613 676 687 758 αίτή
696 672 914 757 προσελθων,
932 667 1039 756 σιωπὴ
1055 671 1110 736 καὶ

107 767 228 853 ἀπορία
245 772 301 838 καὶ
317 767 445 857 ἀμαθία
466 769 521 836 καὶ
540 772 724 858 παλινῳδία
744 776 812 837 τῶν
837 769 948 856 λόγων
968 764 1053 853 πρός
1071 764 1109 833 τό

108 871 274 935 ἐναντίον·
304 872 337 935 οί
350 868 385 936 δὲ
405 868 522 935 πολλοὶ
537 867 612 950 περὶ
633 873 745 949 φιλίας
767 869 887 935 ἐκεῖνοι
900 865 996 952 λόγοι
1015 865 1070 932 καὶ
1089 859 1110 949 ἡ

108 961 208 1051 ἀρετή
231 967 286 1033 καὶ
306 962 342 1032 τὸ
364 960 468 1033 καλόν
492 961 554 1031 οὐκ
579 961 641 1030 οἷδ’
666 961 743 1031 όποι
762 965 841 1031 ποτε
861 973 982 1048 οίχεται
1002 961 1110 1028 πάντα

107 1068 211 1129 ταῦτα
230 1060 463 1149 ἀποπτάμενα,
488 1061 668 1147 πτερόεντα
686 1058 730 1139 ὡς
750 1059 885 1147 ἀληθοῦς
901 1066 979 1145 ἔπη,
1005 1058 1113 1144 μάτην

110 1155 269 1245 ὁσημέραι
285 1157 368 1244 πρός
381 1157 493 1227 αὐτῶν
508 1161 544 1226 ἐν
554 1172 624 1236 ταῖς
639 1163 820 1245 διατριβαῖς
832 1157 1110 1244 σκιαμαχούμενα.

108 1264 160 1326 36.
177 1258 271 1342 μέχρι
286 1256 350 1343 γάρ
366 1257 488 1324 τοῦτον
505 1264 601 1342 φίλος
620 1259 756 1335 ἕκαστος
770 1255 899 1341 αὐτῶν,
921 1260 954 1335 ές
968 1254 1050 1324 ὅσον
1066 1249 1111 1320 ἀν
1129 1272 1179 1325 6οό

109 1352 153 1441 μή
168 1353 332 1441 ἀργύριον
347 1351 369 1443 ή
389 1361 528 1442 χρυσίον
551 1348 573 1444 ᾖ
592 1360 813 1441 προκείμενον
828 1359 866 1423 έν
880 1362 926 1445 τῳ
943 1357 1047 1444 μέσῳ·
1067 1349 1112 1439 ήν

110 1455 149 1520 δέ
165 1478 214 1532 τις
236 1450 359 1540 ὀβολόν
386 1456 529 1542 ἐπιδείξῃ
554 1453 676 1538 μόνον,
701 1457 833 1522 λέλυται
856 1453 918 1539 μὲν
939 1449 959 1538 ή
986 1452 1111 1538 είρήνη,

109 1547 262 1616 ἀσπονδα
277 1548 313 1616 δδ
327 1551 382 1618 καὶ
396 1548 566 1635 ἀκήρυκτα
580 1549 705 1634 πάντα,
720 1551 775 1636 καὶ
786 1547 826 1615 τά
837 1556 949 1637 βιβλία
965 1549 1113 1634 ἐξαλήλι-

110 1671 189 1713 πται
203 1648 258 1713 καλ
268 1644 288 1731 ἡ
300 1643 399 1732 ἀρετή
411 1651 595 1733 πέφευγεν,
610 1645 683 1714 οἶόν
697 1674 729 1714 τι
739 1651 794 1714 καὶ
808 1652 842 1715 οί
851 1647 951 1724 κόνες
964 1647 1113 1731 πάσχου-

111 1763 181 1810 σιν·
205 1743 340 1811 έπειδάν
356 1770 405 1823 τις
420 1741 543 1812 ὀστοῦν
553 1747 586 1822 ἐς
596 1747 718 1830 μέσους
733 1742 856 1823 αῦτοῦς
871 1745 1013 1832 ε’μβάλη,
1028 1740 1112 1809 ἀνα-

111 1840 316 1928 πηδήσαντες
331 1841 515 1911 δάκνουσιν
529 1841 693 1931 ἀλλήλους
709 1844 838 1912 καὶτὸν
851 1841 1112 1930 προαρπάσαντα

111 1936 146 2005 τό
165 1937 288 2006 ὀστοῦν
305 1937 494 2010 ὑλακτοῦσι.
517 1946 644 2027 λέγεται
659 1944 695 2009 δὲ
710 1944 764 2009 καὶ
778 1942 935 2030 βασιλεῦς
947 1966 995 2017 τις
1005 1937 1114 2023 Αίγύ-

112 2064 205 2118 πτιος
228 2040 395 2127 πιθήκους
414 2045 492 2110 ποτὲ
513 2049 715 2128 πυρριχίζειν
732 2045 861 2124 διδάξαι
877 2045 932 2109 καὶ
950 2039 990 2107 τά
1008 2044 1113 2125 θηρία

112 2176 155 2188 -
168 2138 372 2223 μιμηλότατα
387 2143 426 2207 δέ
434 2143 503 2207 ε’στι
515 2166 583 2206 τον
594 2138 821 2223 ἀνθρωπίνων
835 2181 871 2190 -
885 2142 1045 2223 ἐκμαθεῖν
1054 2135 1115 2201 τά·

112 2254 206 2320 χιστα
220 2237 274 2302 καλ
291 2231 461 2321 ὀρχεῖσθαι
478 2235 679 2323 ἁλουργίδας
693 2237 903 2324 ἀμπεχόμενα
913 2237 968 2303 καὶ
982 2254 1117 2320 προσω-

113 2348 189 2401 πεῖα
210 2340 437 2421 περικείμενα,
462 2336 516 2402 καὶ
536 2338 629 2420 μέχρι
641 2362 681 2422 γε
700 2342 827 2405 πολλοῦ
848 2333 1037 2419 εὐδοκιμεῖν
1054 2328 1116 2417 τήν

111 2435 215 2517 θέαν,
230 2430 304 2517 ἀχρι
316 2431 357 2518 δή
368 2458 417 2511 τις
427 2430 550 2518 θεατής
560 2430 687 2514 ἀστεῖος
696 2435 805 2522 κάρνα
815 2431 882 2502 ῦπδ
893 2431 1020 2500 κόλπον
1032 2434 1117 2515 ἔχων

114 2530 245 2618 ἀφῆκεν
262 2534 294 2609 ἐς
309 2528 346 2598 τό
362 2534 479 2616 μέσον·
508 2535 543 2598 οί
557 2532 593 2599 δέ
608 2539 748 2620 πίθηκοι
762 2533 889 2610 ἰδόντες
903 2533 957 2597 καί
973 2526 1117 2596 ἐκλαθό-

113 2656 210 2717 μενοι
224 2637 281 2717 τής
295 2628 476 2717 ὀρχήσεως,
491 2628 590 2701 τοῦθ’
607 2630 691 2719 ὅπερ
706 2626 809 2719 ἦσαν,
826 2638 965 2717 πίθηκοι
982 2630 1117 2714 ἐγένον-

113 2754 151 2798 το
169 2726 242 2797 ἀντὶ
261 2736 487 2816 πυρριχιστῶν
507 2732 563 2798 καὶ
582 2735 777 2820 ξυνέτριβον
793 2729 832 2798 τά
852 2738 1043 2812 προσωπεῖα
1063 2728 1118 2790 καὶ

114 2827 176 2915 τήν
189 2834 313 2915 ἐσθῆτα
328 2828 578 2915 κατερρήγνυον
591 2832 646 2897 καλ
657 2831 816 2916 ἐμάχοντο
828 2831 904 2912 περὶ
918 2833 975 2912 τῆς
985 2822 1118 2909 ἀπάρας

114 2926 197 3015 πρὸς
213 2926 394 3015 ἀλλήλους,
411 2924 447 2994 τό
464 2930 500 2995 δὲ
515 2928 688 3015 σύνταγμα
703 2937 760 3015 τῆς
775 2936 936 3015 πυρρίχης
952 2927 1119 2992 διελέλυτο

115 3032 170 3095 καὶ
183 3033 380 3113 κατεγελᾶτο
395 3023 461 3092 ὑπὸ
475 3033 536 3092 τοῦ
549 3027 708 3113 θεάτρου.
729 3031 780 3095 37.
803 3033 940 3094 τοιαῦτα
954 3023 1009 3090 καὶ
1026 3012 1117 3087 οὗτοι
1135 3030 1187 3085 606

116 3134 266 3213 ποιοῦσι,
292 3128 347 3194 καὶ
363 3130 466 3211 ἔγωγε
480 3121 559 3203 τούς
571 3123 745 3203 τοιοῦτους
758 3131 868 3201 κακῶς
883 3120 1050 3208 ἠγόρευον
1065 3118 1120 3185 καὶ

116 3222 238 3293 οῦποτε
251 3222 422 3309 παύσομαι
432 3224 607 3309 διελέγχων
617 3227 673 3292 καὶ
683 3227 869 3315 κωμῳδῶν,
887 3222 962 3307 περὶ
976 3216 1073 3304 ὑμῶν
1084 3220 1120 3282 δὲ

115 3320 138 3412 ή
153 3333 220 3394 τῶν
234 3323 315 3413 ὑμῖν
329 3331 568 3413 παραπλησίων
582 3351 618 3375 ·-
632 3326 694 3392 stol
708 3323 790 3408 γάρ,
806 3326 871 3389 είσί
881 3344 969 3397 τινες
983 3315 1027 3395 ὡς
1038 3316 1122 3400 ἀλη-

117 3432 189 3504 θῶς
204 3432 408 3511 φιλοσοφίαν
424 3430 597 3512 ζηλοῦντες
610 3425 744 3499 καὶτοῖς
757 3416 927 3507 ὑμετέροις
937 3417 1052 3503 νόμοις
1063 3415 1121 3497 έμ-
