2550 3825
230 171 513 237 ΜΕΝΙΠΠΟΣ
530 180 565 238 Η
584 181 1003 238 ΝΕΚΤΟΜΑΝΤΕΙΑ.
1055 176 1115 239 193

114 334 201 424 εἰμὴ
217 333 262 415 ὡς
275 339 350 421 περὶ
367 344 480 404 καλῶν
499 337 629 404 τούτων
648 339 866 424 ἐγίγνωσκον,
890 338 964 406 οὔτ’
980 335 1024 407 ἀν
1038 338 1117 418 τούς

114 438 298 522 νομοθέτας
312 432 471 502 τάναντία
481 433 611 513 τούτοις
624 450 817 520 παραινεῖν,
836 442 866 503 εἰ
874 434 918 523 μὴ
933 444 1117 505 λυσιτελεῖν

114 533 360 620 ὑπελάμβανον.
384 539 414 602 4.
438 535 508 601 ἐπεὶ
523 534 559 600 δὲ
575 533 778 619 διηπόρουν,
797 537 890 613 ἔδοξέ
902 560 958 620 μοι
971 534 1116 603 ἐλθόντα

114 629 204 714 παρὰ
218 628 297 709 τούς
313 633 539 715 καλουμένους
555 630 696 709 τούτους
713 630 920 715 φιλοσόφους
941 635 1117 718 ἐγχειρίσαι

114 756 149 798 τε
164 726 310 815 ἐμαυτόν
324 731 380 796 καί
397 733 560 813 δειχθῆναι
580 724 693 795 αὐτῶν
711 736 858 814 χρῆσθαί
868 753 925 814 μοι
945 728 966 795 ό
981 755 1013 797 τι
1032 728 1117 816 βού-

113 837 227 895 λοιντο
243 832 303 893 καί
319 852 395 893 τινα
411 822 494 892 ὁδόν
514 822 624 910 ἁπλῆν
644 828 699 893 καί
718 829 854 914 βέβαιον
871 824 1039 906 ὑποδεῖξαι
1055 830 1116 893 τοῦ

114 931 200 1012 βίον.
221 925 400 1009 ταῦταμὲν
416 920 455 1008 δὴ
471 931 611 1008 φρονῶν
622 925 782 1013 προσῄειν
798 922 926 1009 αὐτοῖς,
943 925 1117 1011 ἐλελήθειν

114 1021 146 1089 δ’
163 1019 308 1108 ἐμαυτόν
323 1024 356 1101 ἐς
369 1017 452 1088 αύιό
460 1072 469 1106 ,
487 1029 584 1106 φασί,
598 1020 635 1088 τό
650 1030 717 1107 πῦρ
730 1024 765 1090 ἐκ
780 1031 843 1090 τοῦ
856 1031 985 1091 καπνοῦ
1003 1023 1113 1111 βταζό·
1132 1042 1184 1095 460

115 1144 229 1206 μενος·
256 1115 430 1205 παράγάρ
452 1115 493 1204 δὴ
507 1118 637 1196 τούτοις
650 1118 791 1205 μάλιστα
810 1119 968 1205 εὕρισκον
982 1124 1117 1189 ἐπισκο-

113 1225 188 1284 πῶν
202 1214 264 1303 τὴν
274 1216 415 1304 ἀγνοιαν
424 1218 480 1285 καὶ
489 1213 551 1302 τὴν
565 1214 710 1302 ἀπορίαν
718 1225 873 1305 πλείονα,
892 1218 975 1288 ὥστε
989 1245 1046 1306 μοι
1057 1218 1117 1286 τά-

114 1335 207 1401 χιστα
223 1320 372 1399 χρυσοῦν
392 1313 565 1394 ἀπέδειξαν
584 1307 678 1381 οὗτοι
699 1313 759 1382 τὸν
779 1322 847 1383 τῶν
867 1321 1009 1384 ἰδιωτῶν
1022 1322 1114 1405 βίον·

115 1410 227 1498 ἀμέλει
242 1410 260 1479 ό
278 1414 341 1499 μὲν
354 1411 467 1481 αὐτῶν
481 1413 624 1502 παρῄνει
638 1411 675 1479 τό
696 1419 764 1480 πάν
779 1412 921 1499 ἥδεσθαι
938 1417 992 1483 καὶ
1009 1413 1116 1500 μόνον

115 1516 212 1577 τοῦτο
227 1512 263 1577 ἐκ
277 1507 401 1587 παντὸς
414 1513 576 1595 μετιέναι·
597 1516 696 1578 τοῦτο
709 1508 774 1596 γάρ
790 1508 874 1578 εἰναι
887 1508 926 1578 τό
941 1511 1115 1597 εύδαιμον·

116 1605 133 1673 ὁ
150 1609 191 1675 δέ
201 1632 252 1685 τις
271 1612 429 1693 ἐμπαλιν,
456 1622 572 1675 πονεῖν
592 1605 631 1674 τά
653 1608 761 1675 πάντα
778 1611 832 1676 καὶ
854 1618 993 1695 μοχθεῖν
1010 1610 1064 1675 καὶ
1079 1604 1115 1673 τό

116 1712 210 1792 σῶμα
231 1707 492 1792 καταναγκάζειν
512 1709 671 1794 ῥυπῶντα
693 1709 747 1774 καὶ
768 1704 944 1793 αὐχμῶντα
964 1707 1020 1773 καὶ
1036 1711 1117 1773 πᾶσι

117 1811 385 1891 δυσαρεστοῦντα
405 1810 460 1875 καί
473 1806 750 1892 λοιδορούμενον,
772 1808 907 1893 συνεχὲς
926 1808 1117 1893 ἐπιρραψφ·

116 1909 186 1972 δῶν
195 1902 235 1971 τά
246 1904 402 1992 πάνδημα
414 1909 522 1974 ἐκεῖνα
533 1911 594 1973 τοῦ
602 1902 759 1973 Ἡσιόδου
769 1906 844 1990 περὶ
857 1912 913 1991 τῆς
923 1901 1040 1990 ἀρετῆς
1052 1908 1114 1988 ἐπη
1133 1920 1181 1974 461

115 2004 170 2070 καὶ
188 1999 250 2070 τόν
266 2005 388 2088 ἱδρῶτα
403 2007 458 2071 καί
476 2001 540 2089 τὴν
561 2005 614 2072 ἐπὶ
633 2000 671 2070 τό
688 2001 794 2088 ἀκρον
813 2000 994 2089 ἀνάβασιν·
1018 1999 1116 2077 ἀλλος

115 2113 339 2184 καταφρονεῖν
347 2100 524 2187 χρημάτων
534 2101 773 2185 παρεκελεύετο
784 2103 840 2168 καὶ
849 2097 1037 2185 ἀδιάφορον
1048 2108 1116 2166 οἰε-

115 2207 197 2265 σθαι
213 2194 275 2283 τὴν
294 2205 409 2283 κτῆσιν
422 2195 551 2266 αὐτῶν·
573 2195 591 2266 ὁ
609 2203 649 2266 δέ
659 2225 708 2276 τις
728 2204 869 2284 ἔμπαλιν
884 2195 1016 2284 ἀγαθόν
1032 2194 1116 2264 εἶναι

115 2298 170 2364 καὶ
184 2295 244 2364 τόν
263 2305 410 2367 πλοῦτον
429 2295 535 2364 αὐτόν
551 2294 767 2383 ἀπεφαίνετο·
800 2299 875 2379 περὶ
890 2297 952 2382 μὲν
970 2293 1035 2381 γάρ
1055 2299 1115 2362 τοῦ

115 2396 245 2482 κόσμου
257 2404 292 2464 τί
301 2394 362 2482 χρὴ
384 2399 439 2464 καί
458 2398 582 2480 λε’γειν;
606 2395 644 2474 ός
657 2422 695 2482 γε
713 2397 802 2472 ἰδέας
816 2396 871 2462 καί
888 2391 1044 2478 ἀσῶματα
1061 2395 1116 2459 καί

114 2491 261 2578 ἀτόμους
271 2496 327 2562 καί
335 2491 417 2562 κενά
429 2495 485 2560 καὶ
491 2493 647 2562 τοιοῦτόν
655 2519 729 2560 τινα
740 2491 840 2578 όχλον
850 2490 1024 2576 ὀνομάτων
1035 2485 1114 2574 ὁση-

114 2593 212 2676 μέραι
221 2590 302 2675 παρ’
314 2589 426 2660 αὐτῶν
442 2589 578 2660 ἀκούων
588 2595 760 2662 ἐναντίων.
777 2593 831 2660 καί
841 2588 877 2659 τό
890 2589 1026 2657 πάντων
1037 2584 1116 2654 ἀτο-

114 2689 283 2774 πῶτατον,
299 2687 350 2757 ότι
364 2692 440 2773 περὶ
452 2697 521 2757 τῶν
531 2691 780 2760 ἐναντιωτάτων
790 2692 926 2768 ἕκαστος
935 2685 1047 2755 αὐτῶν
1061 2688 1116 2754 λε’·

114 2812 185 2872 γων
205 2787 337 2870 σφόδρα
358 2795 522 2867 νικῶντας
539 2792 594 2857 καὶ
610 2786 776 2866 πιθανούς
796 2788 917 2874 λόγους
938 2789 1112 2869 ἐπορίζετο,
1132 2801 1183 2856 λόλ

114 2883 198 2954 ὥστε
214 2884 295 2969 μήτε
315 2891 360 2973 τῷ
373 2881 505 2970 θερμόν
522 2883 559 2952 τό
577 2884 658 2954 αύτό
680 2894 815 2973 πρᾶγμα
828 2889 958 2971 λέγοντι
975 2883 1056 2970 μήτε
1069 2889 1114 2972 τῷ

114 2978 244 3067 ψυχρόν
255 2977 440 3064 ἀντιλέγειν
449 2985 537 3064 ἐχειν
551 2986 606 3050 καὶ
619 2991 723 3051 ταῦτα
739 2984 847 3052 εἰδότα
862 2990 977 3068 σαφῶς
992 2977 1035 3060 ὡς
1052 2977 1114 3048 ούκ

112 3079 156 3146 ἀν
170 3101 250 3146 ποτε
264 3075 395 3163 θερμὸν
407 3086 456 3161 εἰη
467 3104 499 3144 τι
512 3079 566 3146 καί
581 3079 712 3166 ψυχρόν
723 3084 760 3149 ἐν
769 3078 877 3171 τούτῷ
890 3078 1016 3168 χρόνφ·
1039 3075 1114 3144 ἀτε-

114 3184 198 3262 χνῶς
213 3167 279 3242 ούν
292 3181 436 3259 ἔπασχον
455 3186 523 3250 τοῖς
543 3177 742 3257 νυστάζουσι
760 3179 891 3255 τούτοις
905 3173 1024 3262 ὅμοιον
1040 3173 1114 3261 ἀρτι

113 3277 175 3362 μὲν
188 3274 371 3357 ἐπινεύων,
387 3272 462 3355 ἀρτι
477 3271 513 3341 δέ
527 3270 703 3342 ἀνανεύων
718 3280 865 3360 ἔμπαλιν.
899 3278 929 3340 5.
950 3279 1061 3363 πολλῷ
1076 3273 1112 3339 δὲ

113 3372 240 3441 τούτων
262 3376 368 3441 ἐκεῖνο
392 3369 615 3455 ἀλογώτερον·
648 3370 726 3451 τούς
742 3369 806 3458 γάρ
828 3367 1112 3522 αύτούχῧτούτονς

196 3484 301 3522 καιτοι.
317 3468 337 3520 l.
