2550 3825
511 208 711 265 AAIEYZ.
1056 202 1118 264 263

114 397 182 438 νων
200 367 289 455 ὁρῶν
303 365 366 438 ούκ
386 364 510 452 ἤνεγκα
525 364 586 451 τήν
602 366 764 451 αἰσχύνην
779 371 836 450 τῆς
850 362 1073 449 ὑποκρίσεως,
1090 368 1120 430 εί
1134 379 1185 433 000

111 480 250 557 πίθηκοι
266 465 358 543 ὄντες
373 461 588 551 ἐιόλμησαν’
571 463 694 550 ηρεόων
709 475 900 581 προσωπεῖα
915 465 1117 544 περιθέσθαι

111 567 133 656 ἤ
148 566 208 636 τὸν
223 568 259 636 ἐν
274 561 407 650 Κύμη”
388 588 469 630 ονον
484 562 709 678 μιμήσασθαι,
731 558 767 638 ὃς
782 567 922 646 λεοντῆν
936 560 1117 646 περιβαλό-
1191 646 1194 652 Ι

111 690 211 752 μενος
224 662 317 749 ἠξίου
328 663 414 728 λέων
425 655 525 736 αὑτός
539 656 623 725 εἶναι
637 657 720 743 πρὸς
734 656 940 743 ἀγνοοῦντας
954 653 1033 734 τοὺς
1043 663 1117 723 Κο-

112 756 263 850 μαίονς’
246 757 436 882 ογκρόμενος
450 754 538 841 μα’λα
551 752 654 841 τραχύ
669 755 725 822 καὶ
741 751 1056 876 καταπληκτικόν,’
1042 751 1113 838 όχρ.

112 863 154 949 δή
168 888 217 939 τις
239 856 338 927 αὑτό
360 860 452 937 ξένος
472 859 526 925 καὶ
544 861 699 924 λέονταί
685 853 768 924 ίδων
784 854 876 923 καὶ”
856 882 938 923 ονον
957 856 1118 932 πολλάκις

111 959 228 1046 ἤλεγξε
248 963 357 1026 παίων
376 969 445 1038 τοῖς
460 955 579 1035 ξύλοις.
613 982 631 1022 ο
627 953 684 1021 δε
704 954 845 1080 μόλιστύ
863 978 919 1040 μοι
936 944 1117 1036 δεινόν,ό

113 1062 317 1174 Φιλοσοφία,
335 1061 567 1140 κατεφαίνετο,
585 1060 684 1120 τοῦτο
694 1045 753 1138 ἤν·
777 1057 811 1120 οῖ
823 1049 887 1136 γάρ
899 1049 1075 1132 ἄνθρωποι
1087 1058 1121 1116 εῖ

112 1181 187 1221 τινα
203 1153 331 1221 τούτων
347 1153 461 1239 εύρων
472 1146 654 1271 πονηρὸνῆ
666 1149 815 1237 ἀσχημον
825 1178 846 1236 6
832 1146 993 1234 “ἀσελγές
1003 1174 1035 1216 τι
1044 1150 1116 1214 ἐπι-

112 1252 310 1370 τηδεύρντα,
326 1249 388 1318 οὑκ
406 1247 528 1318 ἔστιν“
508 1271 598 1328 οστις
613 1275 655 1316 ον
645 1247 870 1334 ’φιλοσοφίαν
881 1246 987 1333 αύτῆν
1002 1246 1115 1335 ἠνιᾶτο

113 1347 221 1419 καὶ
187 1376 248 1418 τον
263 1349 464 1433 Χρύσιππον
480 1345 586 1467 εὐθύς
604 1342 625 1432 6
622 1341 847 1416 ι’“Πλάτωνα
825 1373 847 1432 6
864 1347 1074 1431 Πυθαγόραν
1093 1339 1116 1429 6

113 1448 193 1517 ότου
215 1445 320 1514 αὑτὸν
340 1443 556 1533 ἐπεόννμον
542 1472 559 1513 ο
581 1444 816 1530 διαμαρτάνων
831 1447 956 1523 ἐκεῖνος
975 1447 1115 1511 ἐποιεῖτο

113 1537 222 1612 καὶ
181 1570 222 1612 ov
233 1543 311 1624 τούς
324 1543 446 1630 λόγους
455 1546 608 1629 ἐμιμεῖτο,
624 1538 710 1610 καῖ’
691 1540 755 1608 απὸ
769 1566 830 1608 τον
815 1547 949 1620 κακῶς
960 1549 1114 1627 βιοῦντος
1133 1558 1181 1611 601

113 1640 243 1728 πονηρὰ
253 1644 328 1728 περὶ
341 1639 438 1728 ὑμῶν
450 1646 580 1720 είκαζον
591 1647 660 1707 τῶν
670 1637 735 1724 πρό
751 1646 878 1707 πολλοῦ
889 1638 1114 1724 τεθνηκότων,

115 1779 152 1792 -
170 1738 211 1806 06
222 1735 287 1824 γάρ
304 1735 393 1823 παρὰ
406 1744 528 1819 ζῶντας
542 1735 628 1824 ὑμᾶς
642 1736 664 1823 6
678 1739 820 1817 ἐξέτασις
835 1735 939 1803 αὑτοῦ
956 1739 1114 1821 ἐγίγνετο,

113 1836 187 1907 ἀλλ’
211 1835 304 1924 ὑμεῖς
325 1837 386 1923 μὲν
412 1837 563 1906 ἐκποδών
582 1877 619 1888 -
645 1839 773 1904 ἐκεῖνον
796 1837 832 1902 δὲ
859 1833 973 1919 ἑώρων
1000 1839 1115 1918 σαφῶς

114 1935 257 2013 ἅπαντες
277 1933 371 2003 δεινοὶ
387 1938 441 2004 καὶ
461 1936 588 2022 ἀσεμνα
609 1937 860 2021 ἐπιτηδεύοντα,
888 1932 972 2000 ὥστε
989 1933 1115 2019 ἐρήμην

112 2031 290 2117 ἡλίσκεσθε
305 2031 375 2118 μετ’
394 2031 499 2101 αὑτοῦ
512 2037 567 2101 καῖ
581 2036 633 2101 ἐπὶ
647 2032 710 2120 τήν
724 2032 843 2119 ὁμοίαν
858 2030 1017 2119 διαβολήν
1031 2053 1116 2114 συγ·

115 2136 333 2197 κατεσπάσθε.
362 2136 412 2199 33.
435 2139 538 2198 ταῦτα
558 2129 620 2198 οὐκ
635 2130 760 2217 ἤνεγκα
781 2129 872 2213 ὁρῶν
889 2136 1008 2215 ἔγωγε,
1032 2125 1114 2195 ἀλλὰ

114 2227 253 2313 ἤλεγχον
269 2226 390 2307 αὐτούς
401 2232 455 2297 καὶ
466 2233 634 2312 διέκρινον
644 2227 703 2314 ἀφ’
715 2227 826 2315 ὑμῶν·
841 2226 935 2313 ὑμεῖς
946 2230 1000 2311 δέ,
1016 2231 1115 2309 τιμᾶν

115 2329 168 2395 ἐπὶ
182 2326 311 2404 τούτοις
325 2329 418 2412 δέον,
442 2330 474 2407 ἐς
488 2328 701 2412 δικαστήριον
717 2326 821 2413 ἀγετε.
846 2324 972 2393 οὑκοὺν
984 2322 1028 2410 ἤν
1041 2349 1116 2390 τινα

114 2428 250 2495 καὶτῶν
270 2427 490 2511 μεμυημένων
505 2422 588 2494 ίδών
602 2423 841 2511 ἐξαγορεύοντα
855 2438 927 2491 τοῖν
947 2433 1045 2489 θεοῖν
1057 2418 1118 2488 τά-

115 2525 263 2613 πόρρητα
287 2524 342 2591 καὶ
364 2524 604 2610 ἐξορχούμενον
626 2523 844 2610 ἀγανακτήσω
870 2525 924 2590 καὶ
952 2524 1115 2607 διελέγξω,

114 2625 170 2709 ἐμὲ
186 2620 246 2691 τόν
257 2620 438 2691 ἀδικοῦντα
451 2622 618 2710 ἡγήσεσθε
630 2622 732 2704 εἷναι;
747 2620 819 2690 ἀλλ’
834 2622 876 2689 06
887 2628 1027 2690 δίκαιον.
1045 2621 1115 2688 ἐπεὶ
1132 2632 1184 2686 602

114 2724 168 2791 καὶ
183 2726 218 2790 06
229 2719 412 2789 ἀθλοθέται
423 2730 607 2808 μαστιγοῦν
623 2724 801 2809 είόθασιν,
816 2720 859 2809 ἤν
872 2749 921 2799 τις
935 2717 1118 2805 ὑποκριτής

111 2820 259 2909 Ἀθηνάν
274 2817 296 2907 ἤ
310 2827 506 2890 Ποσειδῶνα
527 2819 550 2908 ἤ
566 2822 627 2891 τόν
641 2828 708 2890 Δία
721 2818 934 2899 ὑποδεδυκώς
949 2817 993 2907 μή
1009 2826 1117 2897 καλῶς

115 2921 328 3005 ὑποκρίνοιτο
345 2924 427 3006 μηδὲ
448 2920 522 2989 κατ’
541 2920 636 3003 ἀξίαν
651 2929 719 2989 τῶν
732 2929 840 3005 θεοῖν,
862 2922 917 2988 καὶ
934 2918 975 2988 06
991 2920 1033 3005 δή
1050 2944 1117 2986 που

115 3016 299 3102 ὀργίζονται
320 3015 432 3097 αὐτοῖς
451 3022 588 3105 ἐκεῖνοι,
614 3018 665 3086 ότι
678 3016 738 3085 τὸν
758 3024 988 3103 περικείμενον
1004 3016 1117 3083 αὐτῶν

114 3115 154 3185 τά
171 3130 363 3203 προσωπεῖα
378 3118 434 3185 καὶ
448 3116 485 3185 τὸ
508 3126 613 3203 σχῆμα
628 3118 827 3185 ἐνδεδυκότα
843 3119 1025 3203 ἐπέτρεψαν
1039 3124 1118 3184 παί-

116 3242 166 3283 ειν
181 3230 249 3294 τοῖς
264 3218 539 3304 μαστιγοφόροις,
555 3215 703 3286 ἀλλὰκαὶ
715 3212 842 3302 ἥδοιντ’
856 3215 916 3301 ἀν,
930 3212 1037 3300 οἶμαι,
1052 3242 1118 3300 μα-

116 3318 356 3401 στιγουμένων·
380 3318 510 3401 οίκέτην
522 3313 658 3402 μὲνγὰρ
670 3310 691 3401 ἤ
706 3313 849 3401 ἀγγελόν
859 3340 934 3382 τινα
945 3311 989 3399 μή
1003 3316 1117 3395 δεξιῶς

117 3410 361 3499 ὑποκρίνασθαι
383 3413 505 3503 μικρὸν
525 3412 562 3484 τό
589 3430 751 3503 πταῖσμα,
776 3412 836 3483 τὸν
854 3420 922 3481 Δία
949 3415 985 3481 δέ
1015 3406 1118 3494 ἤτδν
