2550 3825
455 177 709 235 ΝΙΓΡΙΝΟΣ.
1043 171 1083 234 Π

82 328 144 403 οῦν
162 332 275 403 αὐτῶν
291 342 338 405 ἔτι
354 356 407 403 σοι
423 340 475 403 δεῑ
488 333 571 419 πρὸς
594 337 663 422 ε’μέ·
691 334 833 421 νόμισον
856 336 892 404 δὲ
905 334 1028 403 τούτου
1043 360 1083 420 γε

82 437 177 501 ἕνεκα
189 434 298 501 πάντα
312 457 364 503 σοι
378 442 616 521 προειρῆσθαι·
640 431 684 512 ὡς
695 431 759 520 έγοδ
770 437 825 501 καὶ
836 440 922 520 βοᾶν
936 434 990 501 καὶ
1001 458 1084 518 κρο-

83 548 150 601 ιεῑν
174 535 312 619 ἕτοιμος.
341 528 387 619 ἢν
407 534 443 600 δέ
465 536 655 621 διαμέλλῃς,
682 533 919 618 μνησικακήσω
934 558 972 619 γε
992 528 1082 619 παρά

82 632 140 701 τὸν
158 630 273 719 ἀγῶνα
290 634 345 699 καὶ
360 629 499 713 ὀξύτατα
514 638 697 717 συρίξομαι.

166 738 215 799 11.
239 738 371 802 Am.
394 732 458 798 Καὶ
474 738 578 800 ταῦτα
593 733 665 816 μέν,
681 727 760 798 δι’σῦ
778 735 923 818 διῆλθες,
942 728 1082 817 έβονλό-
1102 744 1141 800 5⁰

80 859 147 918 μην
162 826 208 897 άν
223 835 379 916 εἰρῆσθαί
390 854 462 914 μοι,
483 827 619 896 κάκεῑνα
636 830 689 914 δέ,
705 827 757 895 ότι
772 825 833 915 οὐχ
854 832 926 916 ἑξῆς
943 825 1021 896 οὐδὲ
1039 825 1082 906 ὡς

81 934 209 1008 ἐκεῖνος
222 935 323 1015 ἔλεγε,
340 931 439 1015 ῥῆσίν
455 955 530 996 τινα
547 929 622 1013 περὶ
636 928 774 995 πάντων
797 930 879 1012 ἐρῶ·
907 926 1000 994 πάνυ
1015 923 1081 1012 γάρ

78 1027 180 1097 τοῦδ’
196 1027 275 1115 ἡμῖν
291 1027 476 1096 ἀδύνατον·
500 1025 576 1094 οὐδ’
591 1019 636 1092 αῦ
646 1029 762 1115 ἐκείνω
775 1030 924 1112 περιθεὶς
934 1024 1013 1105 τοῦς
1023 1028 1083 1095 λό-

19 1130 25 1145 ’
79 1154 172 1217 γους,
188 1126 232 1215 μὴ
248 1129 302 1197 καὶ
316 1124 383 1195 κατ’
402 1124 482 1195 άλλο
497 1153 528 1193 τι
544 1131 691 1211 γένωμαι
705 1140 774 1205 τοῖς
789 1123 982 1210 ὑποκριταῖς
997 1129 1082 1193 έκεί-

78 1257 150 1309 νοις
162 1226 287 1314 ὅμοιος,
301 1234 335 1295 οἳ
343 1220 531 1311 πολλάκιςῆ
544 1221 814 1312 Ἀγαμέμνονοςῆ
821 1220 1014 1311 Κρέοντοςῆ
1025 1227 1081 1292 καὶ

73 1327 276 1416 Ἡρακλέους
293 1323 397 1393 αὐτοῦ
407 1324 589 1407 πρόσωπον
603 1324 829 1411 ἀνειληφότες,
846 1328 1003 1409 χρυσίδας
1016 1320 1081 1409 ημ-

80 1430 254 1513 φιεσμένοι
274 1429 329 1493 καὶ
347 1420 460 1491 δεινόν
474 1428 654 1509 βλέποντες
669 1428 724 1491 καὶ
739 1426 822 1508 μέγα
837 1422 1010 1508 κεχηνότες
1024 1449 1081 1506 μι-

77 1525 164 1612 κρὸν
191 1528 397 1611 φθέγγονται
414 1524 469 1590 καὶ
494 1521 610 1607 ἰσχνόν
635 1524 689 1589 καλ
710 1524 916 1608 γυναικῶδες
944 1524 997 1587 καὶ
1023 1527 1082 1605 τῆς

73 1625 216 1712 Ἑκάβης
230 1620 251 1709 ἦ
266 1627 458 1707 Πολυξένης
472 1619 559 1689 πολὺ
570 1622 814 1705 ταπεινότερον.
836 1617 877 1688 ἵν’
894 1614 959 1687 οῦν
969 1616 1013 1706 μὴ
1025 1621 1080 1687 καὶ

77 1721 179 1801 αὐτὸς
191 1724 367 1807 ἐλέγχωμαι
379 1722 471 1788 πάνυ
482 1726 592 1805 μεῖζον
603 1728 660 1807 τῆς
678 1726 822 1805 ἐμαυτοῦ
835 1726 981 1804 κεφαλῆς
996 1744 1081 1804 προ-

77 1836 225 1891 σωπεῖον
237 1828 464 1907 περικείμενος
475 1822 529 1887 καὶ
543 1816 604 1904 τὴν
615 1816 740 1905 σκευὴν
757 1819 998 1905 καταισχύνων,
1014 1815 1078 1884 άπὸ

76 1931 213 2013 γυμνοῦ
233 1946 286 1991 σοι
315 1923 479 2009 βούλομαι
505 1917 632 2005 τοῦμοῦ
659 1918 842 2003 προσώπου
868 1926 1079 2002 προσλαλεῖν,

76 2029 134 2093 ἵνα
150 2021 195 2110 μη
211 2021 476 2107 συγκατασπάσω
491 2044 558 2086 που
572 2015 684 2085 πεσών
699 2014 759 2083 τόν
774 2015 867 2103 ἥρωα
882 2013 922 2084 δν
940 2014 1081 2101 ὑποκρί-

77 2149 187 2209 νομαι.

14 2211 16 2216 ’
165 2225 215 2287 12.
239 2224 357 2285 ETAI.
383 2209 490 2294 Οὗτος
507 2214 593 2303 ἁνὴρ
608 2215 650 2283 οὐ
664 2218 823 2284 παύσεται
838 2217 982 2302 τήμερον
998 2213 1080 2300 πρός

76 2345 114 2402 με
129 2324 240 2406 πολλῇ
254 2325 293 2406 τη
308 2323 414 2404 σκηνῇ
429 2318 537 2404 καλιῇ
554 2321 721 2406 τραγῳδίᾳ
736 2317 913 2403 χρεόμενος.
1097 2334 1131 2388 51

163 2422 295 2484 AOYK.
317 2416 383 2482 Καὶ
396 2413 463 2501 μὴν
478 2417 650 2502 παύσομαί
665 2440 717 2501 γε·
738 2412 821 2497 πρός
840 2417 950 2480 ἐκεῖνα
964 2415 1000 2479 δὲ
1014 2410 1078 2498 ἤδη

77 2519 248 2602 τρέψομαι.
276 2510 375 2600 ἡμὲν
396 2511 479 2600 ἀρχὴ
499 2521 567 2580 τῶν
587 2515 699 2600 λόγων
720 2520 855 2590 ἔπαινος
873 2504 916 2597 ἦν
924 2508 1079 2588 Ἑλλάδος

78 2616 130 2682 καὶ
145 2619 217 2680 των
231 2609 413 2697 Ἀθήνησιν
427 2609 631 2699 ἀνθρώπων,
648 2611 700 2680 ότι
717 2617 898 2700 φιλοσοφίᾳ
914 2613 969 2678 καὶ
981 2617 1079 2697 πενίᾳ

77 2713 269 2797 σύντροφοί
280 2715 343 2778 εἰσι
357 2713 411 2777 καλ
427 2707 504 2776 οὔτε
518 2717 585 2777 τῶν
600 2708 711 2778 ἀστῶν
725 2707 801 2778 οῦτε
815 2717 883 2776 των
898 2711 1004 2788 ξένων
1018 2707 1080 2777 οῦ·

78 2815 156 2878 δένοι
171 2811 349 2891 τέρπονται
365 2806 518 2895 ὁρῶντες,
536 2806 572 2888 δς
586 2806 629 2878 δν
646 2809 780 2896 τρυφὴν
795 2808 940 2894 εἰσάγειν
955 2815 1001 2886 είς
1016 2805 1081 2875 αὑ·

77 2907 152 2987 τοὺς
168 2907 328 2994 βιάζηται,
347 2905 421 2976 ἀλλ’
434 2913 463 2976 ελ
473 2915 530 2975 καί
537 2935 586 2986 τις
601 2905 757 2993 ἀφίκηται
772 2905 846 2991 παρ’
858 2903 980 2984 αὐτοῦς
991 2905 1080 2973 οὕτω

79 3009 295 3093 διακείμενος,
320 3003 425 3093 ἡρέμα
445 3033 480 3075 τε
500 3008 769 3094 μεθαρμόττουσι
791 3007 847 3074 καὶ
866 3009 1080 3089 παραπαιδα-

80 3117 225 3194 γωγοῦσι
245 3109 300 3174 καὶ
319 3106 403 3191 πρὸς
416 3107 453 3174 τὸ
469 3105 624 3192 καθαρόν
645 3113 703 3192 της
722 3111 846 3191 διαίτης
868 3111 1077 3190 μεθιστᾶσιν.

83 3211 122 3273 13.
149 3208 312 3292 ἐμέμνητο
333 3213 419 3289 γοῦν
438 3232 528 3284 τινος
553 3212 621 3272 τῶν
642 3202 880 3290 πολυχρύσων,
907 3201 944 3281 δς
967 3201 1080 3270 ἐλθόν

83 3305 233 3391 Αθήναζε
248 3301 328 3389 μάλ’
344 3306 500 3391 ἐπίσημος
519 3306 574 3371 καὶ
596 3301 755 3389 φορτικὸς
767 3300 969 3370 ἀκολούθων
991 3301 1078 3391 ὄχλῳ

14 3445 23 3500 ,
83 3406 128 3471 καὶ
142 3407 280 3490 ποικίλη
302 3404 417 3486 ἐσθῆτι
438 3404 492 3469 καλ
512 3409 624 3490 χρυσῷ
639 3399 738 3478 αὐτὸς
758 3402 820 3486 μὲν
835 3399 915 3489 ᾤετο
938 3397 1081 3483 ζηλωτός

159 3514 267 3553 wem«.
288 3497 309 3551 1.
883 3505 892 3520 ·
