2550 3825
145 156 205 218 164
515 158 819 218 ΛΟῬΚΙΑΝΟΤ

143 322 244 401 καλῆς
257 316 375 403 οὔσης,
396 318 521 401 καὶτῆς
536 315 660 402 μητρός
674 313 779 383 αύτοῦ
801 317 936 383 καὶτῶν
950 320 1147 403 θυγατέρων

144 413 364 500 ἐπεμελήθης·
386 414 540 501 βασιλικά
554 412 618 498 γάρ
634 420 748 480 ταῦτα.

226 516 253 578 5.
275 518 401 590 ΑΛΕΞ.
426 511 471 580 Τὰ
485 516 724 598 φιλοκίνδυνον
735 516 788 597 δέ,
805 504 963 598 ῶπάτερ,
979 510 1041 580 οῦκ
1053 516 1138 580 ε’παι·

143 623 210 685 νεῑς
224 611 278 676 καὶ
292 607 329 677 τὰ
341 613 379 677 ἐν
389 608 603 694 Ὀξυδράκαις
614 618 747 694 πρῶτον
758 614 967 678 καθαλέσθαι
982 608 1074 689 έντός
1085 619 1148 678 τοῦ

142 711 267 792 τείχους
281 710 336 775 καὶ
351 716 494 775 τοσαῦτα
510 716 624 795 λαβεῖν
639 708 825 793 τραύματα;

226 811 316 872 ΦΙΛ.
339 803 413 873 Ούκ
428 809 551 872 ἐπαινῶ
567 815 683 890 τοῦτο,
699 798 943 890 ῶἉλέξανδρε,
961 803 1021 891 ούχ
1035 805 1084 873 ὅτι
1101 806 1145 893 μη

143 900 247 991 καλὸν
267 912 376 989 οίομαι
399 901 483 971 εἶναι
503 907 559 971 καὶ
572 903 818 988 τιτρώσκεσθαί
836 930 915 971 ποτε
934 930 995 971 τον
1010 909 1146 992 βασιλέα

142 1003 197 1067 καὶ
212 1002 491 1083 προκινδυνεύειν
503 1007 564 1069 τοῦ
579 1008 738 1086 στρατοῦ,
756 999 828 1069 ἀλλ’
847 1000 897 1069 ὅτι
913 1022 966 1070 σοι
979 1000 1017 1070 τδ
1033 1009 1147 1069 τοιοῦ-

80 1133 82 1137 ·
142 1123 201 1164 τον
214 1094 331 1182 ἥκιστα
342 1102 521 1185 συνέφερε·
543 1096 622 1177 θεὸς
633 1097 698 1185 γάρ
711 1098 795 1167 εἶναι
806 1105 916 1168 δοκῶν
928 1111 961 1169 εί
967 1126 1047 1169 ποτε
1058 1127 1146 1186 τρω-

141 1202 252 1282 θείης,
273 1198 328 1264 καὶ
342 1199 495 1283 βλέποιέν
510 1218 547 1265 σε
564 1199 718 1283 φοράδην
738 1204 799 1266 τοῦ
814 1202 961 1285 πολέμου
975 1197 1145 1284 ἐκκομιζό-

142 1320 262 1379 μενον,
287 1297 399 1379 αἵματι
421 1296 599 1383 ῥεόμενον,
627 1296 808 1382 οίμῶζοντα
828 1299 880 1364 ἐπὶ
904 1302 949 1385 τῷ
972 1296 1145 1382 τραύματι,

73 1410 126 1465 398
140 1401 244 1461 ταῦτα
263 1399 366 1480 γέλως
381 1387 425 1481 ἦν
444 1411 511 1473 τοῖς
525 1394 666 1481 ὁρῶσιν,
692 1387 714 1483 ᾖ
730 1398 785 1463 καὶ
808 1393 826 1461 δ
843 1393 980 1481 ’Ἄμμων
994 1394 1076 1481 γόης
1090 1394 1146 1461 καὶ

143 1492 365 1577 ψευδόμαντις
385 1491 538 1580 ἠλέγχετο
559 1497 615 1563 καὶ
635 1499 669 1562 ολ
693 1499 860 1579 προφῆται
880 1491 1025 1570 κόλακες.
1054 1487 1076 1577 ἦ
1097 1496 1144 1569 τίς

143 1586 205 1656 ούκ
219 1585 263 1655 ῶν
277 1593 432 1675 ἐγέλασεν
448 1591 540 1678 ὁρῶν
554 1590 614 1660 τὸν
627 1599 687 1660 τοῦ
704 1592 788 1669 Διὸς
809 1588 885 1658 υίόν
900 1595 1140 1675 λειποψυχοῦν-

141 1711 198 1770 τα,
224 1688 385 1773 δεόμενον
398 1697 466 1755 τῶν
488 1697 610 1778 ἰατρῶν
624 1697 782 1776 βοηθεῑν;
803 1695 868 1755 νῦν
884 1683 1023 1773 μὲνγὰρ
1044 1684 1141 1754 ὁπότε

141 1782 204 1871 ἤδη
217 1788 398 1870 τέθνηκας,
415 1784 476 1854 οῦκ
493 1797 555 1856 οίει
568 1783 712 1863 πολλοῦς
725 1784 809 1852 εἶναι
821 1782 899 1862 τοῦς
909 1781 971 1869 τὴν
982 1790 1141 1867 προσποί·

141 1904 219 1970 ησιν
236 1885 366 1970 ἐκείνην
383 1886 694 1971 ἐπικερτομοῦντας,
711 1880 858 1968 ὁρῶντας
871 1879 931 1950 τόν
946 1878 1067 1966 νεκρόν
1082 1887 1141 1949 τοῦ

141 1987 228 2048 θεοῦ
251 1981 391 2068 ἐκτάδην
416 1990 588 2070 κείμενον,
616 1986 772 2068 μυδῶντα
792 1980 856 2068 ἥδη
882 1985 938 2049 καὶ
958 1978 1141 2069 ἐξῳδηκότα

142 2075 225 2148 κατὰ
240 2079 347 2165 νόμον
367 2082 530 2167 σωμάτων
547 2079 722 2161 ἁπάντωνς
745 2077 852 2158 άλλως
866 2105 901 2146 τε
919 2080 975 2147 καὶ
993 2073 1142 2161 τοῦτο,ὸΙ

141 2178 304 2265 χρήσιμον
319 2184 418 2267 ἔφης,
435 2173 462 2247 ῶ
471 2178 679 2264 Ἀλέξανδρε,
695 2176 732 2244 τὰ
748 2176 803 2244 διὰ
819 2184 917 2245 τοῦτο
936 2190 1068 2260 κρατεῖν
1082 2179 1142 2265 ῥα-

143 2282 237 2363 δίως,
254 2274 342 2346 πολύ
356 2285 414 2364 τῆς
427 2280 524 2366 δόξης
539 2279 661 2366 ἀφῄρει
675 2284 742 2345 τῶν
757 2279 1052 2362 κατορθουμένων·
1074 2281 1142 2342 πᾶν

142 2374 207 2465 γάρ
220 2378 327 2446 ἐδόκει
344 2381 453 2456 ένδεές
466 2374 531 2444 ῦπδ
548 2383 633 2444 θεοῦ
646 2381 822 2462 γίγνεσθαι
837 2379 968 2442 δοκοῦν.

226 2484 255 2543 6.
283 2483 408 2553 ΑΛΕΞ.
440 2474 490 2544 Ού
503 2483 606 2543 ταῦτα
621 2480 808 2561 φρονοῦσιν
826 2478 860 2541 οί
877 2471 1052 2557 ἅνθρωποι
1067 2475 1143 2555 περὶ

142 2577 241 2660 ἐμοῦ,
258 2571 341 2642 άλλίι
350 2573 507 2660 Ἡρακλεῖ
517 2576 572 2642 καλ
582 2574 740 2664 Διονύσῳ
752 2571 930 2658 ἐνάμιλλον
942 2575 1076 2640 τιθέασί
1089 2597 1139 2656 με.

143 2679 248 2740 καίτοι
262 2668 323 2756 τὴν
337 2670 481 2757 Ἀορνου
502 2675 648 2760 ἐκείνην,
673 2672 850 2755 οὐδετέρου
865 2675 1000 2738 ἐκείνων
1016 2671 1140 2757 λαβόν-

142 2795 212 2851 τος,
229 2766 293 2853 ἐγῶ
309 2769 411 2855 μόνος
425 2773 659 2858 ἐχειρωσάμην.

226 2874 314 2934 ΦΙΛ.
331 2863 428 2956 Ὁρᾷς
448 2866 499 2934 ὅτι
512 2876 613 2936 ταῦτα
628 2867 672 2947 ῶς
685 2865 758 2945 υίὸς
769 2867 942 2954 ’Ἄμμωνος
960 2871 1079 2953 λέγεις,
1105 2863 1140 2945 ὃς

138 2969 293 3052 Ἡρακλεῖ
305 2967 359 3033 καί
374 2967 531 3056 Διονύσῳ
546 2969 766 3056 παραβάλλεις
787 2966 921 3048 ἑαυτόνς
942 2968 997 3033 καὶ
1011 2965 1073 3033 ούκ
1088 2971 1140 3033 αι’-

143 3065 263 3154 σχύνη,
287 3057 314 3131 ῶ
334 3062 541 3151 Ἀλέξανδρε,
563 3065 642 3134 οῦδὲ
662 3064 720 3135 τὸν
740 3072 850 3151 τῦφον
867 3061 1070 3152 ἀπομαθήσῃ
1086 3065 1140 3132 καί

142 3163 255 3252 γνῶση
268 3161 409 3231 σεαυτὸν
423 3166 477 3231 καί
491 3164 621 3253 συνήση
631 3163 695 3252 ἤδη
709 3161 826 3251 νεκρὰς
844 3160 907 3242 ῶνς
