2550 3825
180 168 242 230 νου
335 241 338 246 f
528 174 833 233 AofflANOY

178 351 256 408 τους
281 328 516 417 ὑπερεπαινῶν
537 335 681 410 καὶτοῖς
705 335 817 418 λόγοις
841 330 901 412 οὓς
925 339 1183 402 καταλελοίπατε

178 425 320 514 ὁμιλῶν;
341 428 424 498 αύτά
437 438 522 516 γοῦν
534 429 556 498 ά
567 457 653 517 φημι
664 437 777 516 ταῦτα,
788 430 899 498 πόθεν
909 426 1086 516 ἀλλοθενῆ
1098 426 1180 516 παρ’

176 524 271 612 ὑμῶν
287 524 401 613 λαβὼν
415 531 469 597 καί
486 526 567 597 κατά
582 526 645 613 τήν
658 531 810 613 μέλιτταν
824 527 1096 616 ἀπανθισάμενος
1107 530 1170 595 ἐπι-

177 629 351 710 δείκνυμαι
366 641 433 705 τοῖς
453 625 665 710 ἀνθράποις;
688 630 721 693 οί
740 625 777 694 δέ
793 628 968 694 ἐπαινοῦσι
987 628 1043 694 καὶ
1055 632 1182 711 γνωρί-

177 727 288 802 ζουσιν
310 725 445 804 ἕκαστος
460 725 497 793 τό
516 724 622 802 ἀνθος
642 722 727 792 ὅθεν
740 726 795 791 καὶ
814 722 894 810 παρ’
917 723 998 794 ὅτου
1019 727 1073 793 καὶ
1089 721 1182 801 ὅπως

175 819 397 909 ἀνελεξάμην,
418 825 472 892 καλ
487 824 576 913 λόγῳ
593 823 655 908 μὲν
670 823 727 906 ἐμὲ
742 827 876 907 ζηλοῦσι
891 829 949 908 τῆς
965 820 1180 906 ἀνθολογίας,

174 918 211 987 τό
225 918 258 987 δ’
276 918 399 1002 ἀληθὲς
409 919 496 1008 ὑμᾶς
507 923 560 990 καὶ
571 919 631 988 τόν
641 927 787 1006 λειμῶνα
797 917 857 987 τόν
872 917 1050 1006 ὑμέτερον,
1066 926 1100 986 οἳ
1108 944 1180 986 τοι-

174 1026 259 1086 αὐτα
269 1022 473 1106 ἐξηνθήκατε
488 1027 621 1087 ποικίλα
636 1020 690 1086 καὶ
706 1023 865 1104 πολυειδῆ
876 1016 935 1096 τάς
945 1018 1073 1106 βαφάς,
1089 1025 1122 1084 εί
1129 1042 1180 1094 τις

173 1115 400 1199 ἀναλέξασθαί
411 1146 447 1186 τε
465 1117 548 1186 αύτά
560 1113 725 1186 ἐπίσταιτο
739 1119 795 1185 καὶ
808 1114 988 1196 ἀναπλέξαι
1002 1119 1057 1183 καὶ
1071 1112 1159 1201 ἁρμό

173 1236 244 1301 σαι,
267 1216 311 1295 ὡς
333 1216 375 1304 μῆ
400 1215 542 1304 ἀπᾴδειν
556 1216 704 1301 θάτερον
725 1219 882 1298 θατέρου.
916 1215 991 1283 ἐσθ’
1009 1212 1099 1292 ὅστις
1113 1206 1175 1280 οάιΙ

172 1322 275 1382 ταῦτα
291 1309 330 1384 εύ
346 1313 525 1395 πεπονθός
545 1311 623 1399 παρ’
641 1312 737 1400 ὑμῶν
750 1320 861 1391 κακῶς
875 1308 919 1379 ἀν
934 1318 1039 1380 εἰπεῖν
1055 1314 1178 1397 ἐπιχει-

104 1432 155 1486 576
175 1413 306 1499 ρῆσειεν
321 1412 492 1499 εὐεργέτας
507 1413 647 1498 ἀνδρας,
671 1408 732 1495 ἀφ’
751 1403 800 1478 οἷν
813 1411 876 1497 ῆδη
890 1438 939 1488 τις
953 1409 1038 1478 εἶναι
1049 1414 1176 1490 ἐδοξεν;

172 1511 264 1588 ἐκτὸς
286 1517 317 1578 εί
335 1510 378 1597 μή
397 1511 479 1579 κατά
500 1511 560 1580 τόν
574 1513 729 1597 Θάμυριν
749 1508 771 1598 ῆ
792 1509 852 1579 τόν
870 1509 1027 1594 Εύρυτον
1045 1521 1095 1596 είη
1115 1507 1177 1595 τῆν

172 1607 293 1694 φύσιν,
315 1606 358 1686 ὡς
374 1625 443 1688 ταῖς
455 1611 612 1688 Μούσαις
627 1608 801 1699 ἀντάδειυ,
819 1606 897 1692 παρ’
912 1601 960 1676 ὧν
976 1609 1104 1695 εἰλήφει
1114 1605 1177 1692 τήν

173 1703 278 1795 ςόδήν,
296 1703 317 1793 ῆ
335 1715 380 1797 τῷ
399 1707 583 1777 Ἀπόλλωνι
599 1712 778 1794 ἐριδαίνειν
795 1713 927 1778 ἐναντία
941 1711 1103 1793 τοξεύων,
1121 1713 1177 1778 καί

172 1812 274 1870 ταῦτα
289 1809 403 1890 δοτῆρι
418 1805 490 1874 όντι
508 1815 565 1892 τῆς
578 1811 716 1893 τοξικῆς.

254 1906 283 1970 7.
306 1908 440 1971 ΠΛΑΤ.
465 1911 573 1973 Τοῦτο
588 1907 667 1991 μέν,
685 1898 872 1991 ύγενναῑε,
887 1903 971 1973 κατά
985 1903 1064 1985 τούς
1077 1903 1169 1993 ρήτο·

170 2025 231 2082 ρας
245 2008 374 2085 είρηταί
384 2021 452 2069 σοι·
481 2003 724 2071 ἐναντιώτατον
745 2010 832 2089 γοῦν
849 2006 919 2071 ἐστί
933 2024 986 2070 σοι
1003 2010 1049 2091 τῷ
1064 2001 1174 2087 πράγ-

168 2122 245 2183 ματι
261 2100 316 2166 καὶ
328 2103 557 2184 χαλεπωτέραν
569 2121 632 2167 σου
647 2102 851 2169 ἐπιδείκνυσι
865 2098 927 2187 τῆν
940 2100 1081 2185 τόλμαν,
1097 2108 1130 2165 εί
1136 2122 1173 2183 γε

169 2205 209 2284 τῆ
224 2195 334 2288 ἀδικίᾳ
350 2201 405 2267 καὶ
419 2198 589 2286 ἀχαριστία
600 2202 795 2287 πρόσεστιν,
814 2199 850 2279 δς
864 2197 945 2285 παρ’
955 2197 1051 2285 ήμῶν
1065 2195 1105 2265 τό
1117 2221 1174 2264 το-

170 2290 331 2384 ξεύματα,
350 2295 392 2376 ὡς
409 2298 492 2385 φής,
509 2296 622 2385 λαβών
638 2298 721 2367 καθ’
737 2297 831 2386 ήμῶν
843 2300 1005 2382 ἐτόξευες,
1020 2300 1080 2364 ἕνα
1092 2303 1174 2363 τού-

168 2420 227 2461 τον
248 2393 458 2481 ὑποθέμενος
478 2394 539 2463 τδν
555 2396 701 2480 σκοπόν,
723 2395 871 2473 ἅπαντας
890 2392 976 2481 ἡμᾶς
997 2392 1174 2480 ἀγορεύειν

168 2499 292 2570 κακῶς·
314 2500 451 2559 τοιαῦτα
463 2491 552 2575 παρά
568 2501 633 2561 σού
643 2491 873 2581 ἀπειλήφαμεν
888 2489 967 2559 ἀνθ’
982 2483 1030 2558 ἀν
1045 2512 1098 2558 σοι
1110 2488 1173 2558 τδν

167 2596 312 2675 λειμῶνα
334 2592 464 2657 ἐκεῖνον
485 2588 752 2671 ἀναπετάσαντες
772 2590 835 2659 ούκ
857 2590 1069 2676 ἐκωλύσαμεν
1095 2591 1174 2675 δρέ·

167 2695 289 2753 πεσθαι
300 2684 400 2754 καὶτὸ
413 2689 621 2769 προκόλπιον
630 2691 885 2775 ἐμπλησάμενον
895 2687 1070 2756 ἀπελθεῖν·
1088 2685 1172 2755 ὥστε

166 2784 222 2849 διά
239 2809 277 2868 γε
292 2790 390 2851 τοῦτο
406 2788 532 2863 δίκαιος
550 2784 613 2853 εἷ’
594 2797 789 2855 αποθανεῑν.

145 3003 231 3047 των
254 2934 393 3045 δικαίων
408 2935 600 3062 προσίεσθε.
629 2988 736 3049 καίτοι
752 2981 814 3049 οὐκ
831 2978 874 3048 ἀν
895 2980 1014 3072 ἀῆθην
1031 2982 1110 3047 ποτὲ
1128 2976 1171 3057 ὡς

163 3071 246 3161 όργη
235 3071 471 3163 Πλάτωνοςῆ
482 3074 720 3162 Χρυσίππον”
697 3106 717 3165 η
731 3075 1010 3164 Αριστοτέλους
988 3106 1009 3165 η
1024 3105 1092 3146 των
1109 3075 1172 3144 άλ-

162 3171 271 3242 λων’
254 3181 349 3260 νμων
366 3176 584 3245 καθίκοιτο”
562 3204 620 3262 αν,
650 3175 734 3245 ἀλλά
759 3204 816 3264 μοι
839 3180 981 3246 ἐδοκεῖτε
1002 3178 1102 3265 μόνοι
1128 3171 1170 3298 δῆ

160 3372 362 3457 θαυμάσιοι,
384 3372 466 3459 μηδὲ
487 3371 551 3458 πρὸ
575 3373 710 3457 δίκης’
689 3376 906 3455 αποκτείνητέ
925 3400 981 3459 με
1007 3372 1170 3460 ὑμέτερον
