2550 3825
184 205 302 263 ΠΕΡΙ
323 204 424 264 mlv
443 205 535 260 EHI
553 203 721 261 ΜΙΣΘΩ
740 205 1028 263 ΣΤΝΟΝΤΩΝ.
1056 198 1118 262 295

118 360 388 449 ἀποπειρώμενος
415 359 459 448 ἦν
487 360 530 447 μὴ
558 361 649 428 πάνυ
675 359 747 441 ὀξέα
770 364 852 446 μηδὲ
876 361 1009 447 ἄφυκτα
1036 361 1119 447 μηδὲ

118 455 238 544 ἀνιαρά
261 461 297 525 ε’ν
317 473 384 537 τοῖς
403 459 567 545 τραύμασι
589 464 746 543 φαίνηται
769 465 884 545 βιαίως
908 466 1042 526 σπῶντα
1064 461 1120 526 καὶ

118 556 249 642 ἀμάχως
263 553 590 643 ἀντιλαμβανόμενα,
611 553 697 641 ἡμᾶς
717 556 778 640 μὲν
799 558 835 622 ἐν
848 571 916 634 τοῖς
931 562 1050 633 δειλοῖς
1064 556 1119 622 καὶ
1155 636 1158 641 ¹

118 652 172 721 διά
186 661 284 721 τοῦτο
300 661 459 721 πεινῶσιν
471 652 663 740 ἀνάγραφε,
681 651 823 720 σεαυτόν
839 653 875 721 δὲ
888 658 1119 739 παρακαλέσας

117 763 259 836 θαρρεῖν
272 753 425 837 ἐπιχείρει
444 759 484 840 τῇ
500 751 602 838 άγρᾳ,
622 757 653 818 εί
664 755 793 835 θέλεις,
817 752 971 837 καθάπερ
985 751 1002 819 ὁ
1018 753 1119 837 λάρος

118 849 198 918 ὅλον
214 850 402 936 περιχανάιν
415 848 452 918 τό
469 853 593 934 δέλεαρ.
616 855 646 916 4.
660 849 841 936 ῥηθήσεται
859 849 895 917 δέ
909 847 926 917 ὁ
942 857 1006 928 πᾶς
1020 851 1119 934 λόγος

117 948 153 1016 τὸ
169 950 230 1035 μὲν
245 947 325 1015 ὅλον
341 959 419 1028 ῖσως
434 947 488 1018 διά
503 954 555 1034 σε’,
580 947 668 1035 πλὴν
684 946 757 1016 ἀλλ’
775 947 817 1015 ού
832 976 871 1034 γε
888 952 1043 1035 περὶτῶν
1060 977 1119 1034 φι-

117 1045 358 1130 λοσοφούντων
372 1043 467 1131 ὑμῶν
484 1047 606 1132 μόνον,
629 1044 708 1113 οὐδὲ
722 1044 840 1112 ὁπόσοι
856 1051 1119 1135 σπουδαιοτέραν

117 1142 178 1228 τὴν
198 1151 393 1229 προαίρεσιν
415 1151 608 1228 προείλοντο
630 1147 731 1232 ἐντῷ
752 1151 829 1233 βίω,
859 1143 942 1213 ἀλλά
969 1148 1023 1212 καὶ
1045 1147 1119 1231 περὶ

116 1249 372 1326 γραμματιστῶν
389 1243 443 1307 καὶ
457 1242 610 1328 ῥητόρων
623 1242 678 1308 καὶ
697 1247 869 1324 μουσικῶν
883 1244 937 1308 καὶ
951 1240 1037 1320 ὅλως
1049 1249 1119 1308 των

117 1343 169 1410 ἐπὶ
178 1346 341 1420 παιδείαις
349 1356 499 1408 συνεῖναι
509 1343 563 1409 καὶ
574 1351 798 1427 μισθοφορεῖν
809 1338 1024 1426 ἀξιουμένων.
1044 1368 1118 1409 κοι-
1135 1361 1184 1416 657

117 1448 187 1506 νων
201 1439 237 1506 δὲ
252 1437 295 1517 ὡς
311 1442 432 1506 ἐπίπαν
446 1438 555 1506 ὅντων
575 1442 629 1506 καὶ
644 1436 768 1525 ὁμοίων
783 1446 851 1506 τῶν
866 1439 1118 1526 ξυμβαινόντων

118 1535 238 1622 άπασι,
255 1541 357 1622 δῆλον
374 1534 417 1615 ὦς
436 1534 498 1603 οὐκ
516 1541 662 1619 ἐξαίρετα
679 1538 755 1622 μέν,
781 1542 896 1622 αἰσχίω
915 1538 951 1604 δὲ
973 1533 1013 1604 τά
1034 1534 1118 1605 αύτά

118 1632 198 1700 ὅντα
209 1641 355 1718 γίγνεται
366 1649 433 1712 τοῖς
445 1641 707 1719 φιλοσοφοῦσιν,
723 1639 753 1700 εί
762 1640 830 1700 τῶν
842 1631 967 1719 ὁμοίων
981 1650 1049 1713 τοῖς
1059 1633 1119 1702 ἀλ-

121 1739 188 1807 λοις
206 1727 347 1810 ἀξιοῖντο
363 1733 418 1799 καὶ
433 1735 538 1818 μηδὲν
552 1729 676 1809 αύτούς
690 1730 891 1817 σεμνότερον
908 1735 942 1798 ol
955 1731 1118 1817 μισθοδό-

117 1856 168 1895 ται
185 1826 305 1914 άγοιεν,
334 1828 355 1896 ὅ
368 1857 399 1897 τι
413 1828 444 1896 δ’
464 1827 507 1896 ἀν
522 1823 586 1897 ούν
606 1827 624 1896 ὁ
640 1829 739 1916 λόγος
759 1826 858 1907 αὐτὸς
873 1827 976 1896 έπιων
992 1833 1118 1916 ἐξευρί-

118 1948 194 2013 σκῃ,
209 1928 331 1993 τούτου
346 1926 407 2014 τὴν
421 1935 529 1996 αἰτίαν
543 1928 684 2014 μάλιστα
698 1927 759 2012 μὲν
774 1931 808 1994 οί
820 1934 994 2005 ποωύντες
1009 1925 1115 2013 αύτοί,

119 2028 228 2089 ἔπειτα
249 2024 285 2089 δὲ
305 2028 339 2091 oc
359 2024 581 2111 ὑπομένοντες
604 2020 688 2091 αὐτὰ
712 2028 832 2091 δίκαωι
858 2030 959 2109 ἔχειν·
990 2022 1054 2109 ἐγω
1080 2026 1116 2091 δὲ

118 2117 280 2203 ἀναίτιος,
296 2125 325 2187 εί
334 2119 378 2205 μὴ
391 2120 549 2207 ἀληθείας
559 2123 613 2189 καὶ
627 2128 811 2205 παρρησίας
821 2120 985 2205 ἐπιτίμιόν
996 2127 1029 2188 τί
1037 2123 1114 2200 ἐστι,

119 2214 196 2294 τούς
211 2220 322 2302 μέντοι
342 2225 403 2285 τοῦ
417 2217 522 2287 ἀλλον
536 2218 706 2309 πλήθους,
729 2212 801 2283 οἷον
820 2217 1011 2300 γυμναστάς
1024 2245 1117 2296 τινας

116 2311 137 2400 ἢ
154 2314 313 2398 κόλακας,
335 2316 467 2394 ίδιοότας
481 2320 535 2384 καὶ
550 2312 689 2402 μικρούς
704 2312 762 2393 τάς
782 2315 916 2399 γυύμας
931 2318 986 2382 καὶ
1002 2340 1117 2384 ταπει-

116 2411 198 2490 νούς
219 2410 365 2480 αύτόθεν
381 2411 599 2499 ἀνθρώπους,
624 2412 701 2480 ούτε
720 2411 919 2496 ἀποτρέπειν
939 2411 1032 2493 ἀξιον
1048 2423 1116 2482 τόν

115 2512 279 2579 τοιούτων
299 2514 486 2590 ξυνουσιῶν
502 2554 542 2563 -
560 2511 638 2580 οὐδὲ
658 2510 722 2599 γάρ
740 2507 784 2579 ἀν
799 2522 968 2581 πεισθεῖεν
982 2554 1025 2565 --
1038 2513 1114 2581 ούτε
1132 2528 1183 2582 658

115 2610 183 2697 μὴν
198 2616 368 2677 αἰτιᾶσθαι
389 2616 497 2687 καλάς
518 2616 582 2696 ἔχει
604 2608 648 2697 μη
668 2609 950 2698 ἀπολειπομένους
970 2618 1039 2680 τῶν
1059 2640 1115 2700 μι-

116 2712 308 2793 σθοδοτεῖν,
331 2714 362 2776 εί
374 2713 428 2776 καὶ
442 2708 533 2776 πάνυ
548 2706 654 2777 πολλά
669 2707 855 2797 ὑβρίζοιντο
873 2707 933 2776 ὑπ’
948 2708 1060 2779 αὐτῶν
1072 2748 1115 2759 -

115 2805 293 2892 ἐπιτήδειοι
312 2802 377 2891 γάρ
394 2808 448 2874 καὶ
465 2804 527 2873 ούκ
550 2804 680 2886 ἀνάξιοι
701 2814 758 2893 τῆς
774 2808 929 2894 τοιαύτης
946 2812 1115 2896 διατριβῆς

116 2944 154 2953 -
171 2901 277 2982 άλλως
292 2931 327 2971 τε
344 2903 423 2972 οὐδὲ
437 2920 547 2991 σχοῖεν
564 2903 606 2971 ἀν
621 2931 652 2971 τι
667 2905 763 2989 ἀλλο,
778 2902 863 2991 πρός
874 2904 895 2972 ὅ
908 2932 939 2973 τι
953 2905 1014 2994 χρη
1030 2905 1115 2974 ἀπο-

114 3008 289 3079 κλίναντας
303 3000 425 3080 αύτούς
436 3007 590 3089 παρέχειν
601 3000 725 3081 αὑτούς
738 3006 910 3091 ἐνεργούς,
925 3003 1000 3074 ἀλλ’
1012 3005 1055 3093 ἥν
1065 3033 1115 3086 τις

116 3098 226 3165 αὐτῶν
241 3097 347 3187 άφέλη
357 3106 472 3186 τούτο,
490 3098 619 3186 άτεχνοι
632 3098 750 3167 αὐτίκα
761 3104 815 3169 καὶ
826 3100 922 3190 ἀργοὶ
932 3107 987 3171 καὶ
1000 3129 1114 3187 περιτ-

114 3203 168 3264 τοί
180 3204 272 3265 εἰσιν.
297 3196 398 3265 οὐδέν
412 3192 476 3265 οὖν
492 3196 561 3265 οὔτ’
575 3196 670 3266 αὐτοὶ
684 3196 798 3266 δεινόν
811 3201 968 3286 πάσχοιεν
983 3196 1027 3268 ἀν
1037 3197 1110 3269 οὔτ’

115 3296 233 3362 ἐκεῖνοι
245 3293 398 3382 ὑβρισταὶ
412 3300 543 3364 δοκοῖεν
555 3298 587 3374 ἐς
598 3292 660 3381 τὴν
671 3292 786 3381 ἀμίδα,
799 3303 917 3381 φασίν,
929 3298 1114 3384 ἐνουροῦν-

113 3420 179 3471 τες·
202 3397 253 3462 έπὶ
273 3396 337 3481 γάρ
354 3422 402 3463 τοι
423 3391 485 3484 την
500 3394 601 3483 ύβριν
620 3397 746 3484 ταύτην
768 3400 800 3476 έξ
815 3395 915 3483 ἀρχῆς
928 3399 1113 3483 παρέρχον-
