2550 3825
175 186 236 249 298
535 190 595 248 ΛΟ
605 190 828 248 ΥΚΙΑΝΟΥ

173 353 333 433 τρίβωνες
359 347 518 433 ἐρώμενοι
546 348 794 435 παραλαβόντες
817 347 1048 433 ὑπεροπτικῶς
1068 347 1179 430 περιέ·

175 465 313 530 πουσιν,
337 442 427 522 ὅπως
447 441 498 512 ἀεὶ
523 445 768 530 ἐρασθήσονται
788 444 899 513 αὐτῶν
921 444 1183 532 θεραπεύοντες,
1267 430 1268 475 ³

175 540 363 610 ἀπολαῦσαι
384 543 420 609 δὲ
435 548 503 608 τῶν
520 547 684 610 παιδικῶν
699 541 772 611 ἀλλ’
794 541 873 610 οὐδὲ
887 547 980 628 μέχρι
997 540 1184 628 φιλήματος

174 638 281 724 ἀκρον
295 639 541 726 μεταδιδόντες·
563 648 654 708 ίσαοι
666 639 731 728 γάρ
746 645 783 708 ἐν
798 648 844 732 τῷ
859 655 970 726 τυχεῖν
985 637 1047 725 τὴν
1061 636 1183 704 διάλυ-

174 757 229 804 σιν
250 745 310 805 τού
330 744 450 824 ἔρωτος
471 745 709 824 γενησομένην.
741 739 866 824 ταύτην
887 730 950 804 ούν
966 733 1182 804 ἀποκλείουσι

175 836 230 904 καὶ
248 836 434 920 ζηλοτύπως
455 833 675 919 φυλάττουσι·
703 834 743 903 τά
759 840 795 904 δέ
815 836 899 904 ἀλλα
916 832 967 902 ἐπ’
984 835 1115 909 ἐλπίδος
1129 828 1183 896 ἀεὶ

174 931 234 1000 τόν
248 930 390 1018 ἐραστὴν
404 937 532 1018 ἔχουσι·
555 935 681 1001 δεδίασι
693 931 758 1019 γάρ
773 931 817 1019 μὴ
835 931 939 1000 αὐτόν
955 929 975 1018 ἡ
990 929 1183 1014 ἀπόγνωσις

175 1029 330 1118 ἀπαγάγη
343 1037 401 1117 τῆς
412 1028 498 1115 ἀγαν
509 1033 688 1117 ἐπιθυμίας
699 1035 754 1101 καὶ
765 1029 945 1118 ἀνέραστος
959 1030 1070 1107 αὐτοῖς
1078 1030 1182 1112 γένη-

175 1154 244 1196 ται·
271 1133 531 1216 προσμειδιῶσιν
545 1122 610 1197 ούν
624 1134 680 1198 καὶ
699 1128 938 1217 ὑπισχνοῦνται
958 1125 1002 1206 ῶς
1016 1127 1066 1194 ἀεὶ
1081 1124 1172 1208 ποιή-

175 1246 272 1294 σουσι
287 1228 341 1293 καὶ
353 1233 547 1312 χαριοῦνται
563 1230 618 1294 καὶ
633 1229 886 1314 ἐπιμελησονταί
897 1251 977 1294 ποτε
988 1222 1100 1292 αὐτῶν
1115 1247 1181 1290 πο-

106 1341 158 1396 663
176 1329 328 1400 λυτελῶς.
353 1321 409 1390 εἶτ’
426 1330 550 1393 ἔλαθον
561 1323 662 1411 ἀμφω
672 1327 892 1413 γηράσαντες,
909 1330 1025 1410 ἔξωροι
1040 1322 1180 1409 γενόμε-

175 1449 228 1490 νοι
250 1424 304 1490 καὶ
324 1415 421 1500 οὗτος
436 1431 497 1490 τοῦ
516 1427 596 1509 ἐρᾶν
615 1424 767 1504 κάκεῖνος
785 1432 846 1493 τοῦ
862 1424 1084 1510 μεταδιδόναι.
1120 1425 1180 1488 πέ-

175 1546 318 1601 πρακται
333 1519 364 1586 δ’
381 1515 446 1589 οὖν
461 1520 573 1600 αύτοϊς
588 1521 688 1591 οὐδὲν
701 1527 738 1592 έν
751 1522 873 1591 ἅπαντι
889 1531 934 1612 τῷ
947 1530 1009 1614 βίφ
1024 1523 1109 1608 πέρα
1122 1529 1180 1606 τῆς

176 1622 316 1695 ἐλπίδος.
338 1623 367 1686 8.
380 1617 417 1686 τό
429 1620 490 1705 μὲν
504 1618 544 1707 δὴ
559 1620 604 1688 δι’
617 1620 740 1708 ἡδονὴς
754 1625 937 1708 ἐπιθυμίαν
951 1620 1082 1688 ἅπαντα
1093 1616 1181 1685 ὑπο-

176 1719 290 1802 μένειν
305 1713 347 1781 οὐ
361 1715 454 1782 πάνυ
468 1726 547 1794 ίσως
560 1715 730 1801 ὑπαίτιον,
755 1717 840 1787 ἀλλά
861 1719 1060 1804 συγγνῶμη,
1086 1725 1119 1782 εί
1129 1741 1179 1792 τις

176 1812 281 1900 ἡδονῇ
300 1819 406 1898 χαίρει
425 1815 479 1881 καὶ
499 1815 624 1901 ταύτην
646 1818 678 1894 ἐξ
698 1813 844 1893 ἅπαντος
862 1815 1062 1905 θεραπεύει,
1089 1813 1179 1887 ὅπως

177 1912 309 1996 μεθέξει
328 1908 437 1996 αὐτῆς.
461 1918 567 1979 καίτοι
587 1909 724 1999 αἰσχρόν
745 1923 824 1991 ίσως
844 1914 897 1980 καὶ
923 1910 1179 1996 ἀνδραποδῶδες

177 2004 366 2074 ἀποδόσθαι
381 2005 436 2074 διά
452 2008 577 2094 ταύτην
590 2010 726 2078 ἑαυτόν·
748 2008 835 2079 πολύ
849 2008 914 2096 γάρ
925 2008 1031 2096 ἡδίων
1041 2008 1062 2095 ἡ
1074 2013 1111 2076 ἐκ
1122 2015 1177 2092 τῆς

177 2108 369 2190 ἐλευθερίας
384 2102 498 2193 ἡδονή.
527 2106 616 2194 ὅμως
635 2106 667 2173 δ’
691 2102 756 2176 οὖν
771 2111 867 2193 ἐχέτω
880 2104 955 2175 τινά
975 2105 1176 2193 σογγνιόμην

177 2202 304 2289 αὐτοῖς,
322 2210 352 2272 εί
360 2206 625 2291 ἐπιτυγχάνοιτο·
647 2202 683 2272 τό
697 2206 733 2273 δὲ
749 2203 794 2273 δι’
808 2204 931 2292 ἡδονῆς
946 2209 1060 2274 ἐλπίδα
1071 2203 1177 2290 μόνον

177 2298 301 2380 πολλάς
312 2299 426 2389 ἀηδίας
437 2300 627 2389 ὑπομένειν,
645 2312 776 2388 γελοίου
787 2302 876 2389 οίμαι
888 2306 943 2371 καὶ
954 2302 1108 2388 ἀνόητον,
1125 2305 1178 2369 καί

176 2407 280 2467 ταῦτα
292 2396 441 2483 δρῶντας
453 2397 497 2479 ῶς
513 2406 546 2468 οί
558 2402 619 2485 μέν
635 2401 734 2468 πόνοι
747 2415 864 2486 σαφεῖς
878 2402 933 2468 καὶ
947 2402 1108 2487 πρόδηλοι
1124 2402 1179 2466 καὶ

176 2496 366 2583 ἀναγκαῖοι,
387 2496 424 2565 τό
441 2498 477 2565 δέ
493 2498 711 2585 ἐλπιζόμενον
721 2502 844 2584 ἐκεῖνο,
865 2498 1040 2585 ὁτιδήποτέ
1057 2502 1126 2566 ἐστι
1140 2496 1178 2564 τὸ

176 2594 258 2682 ἡδύ,
275 2593 352 2661 ούτε
367 2596 497 2681 ἐγένετό
508 2620 560 2662 πω
571 2598 736 2665 τοσούτου
746 2596 889 2683 χρόνον,
906 2599 1041 2681 προσέτι
1053 2599 1089 2664 δὲ
1099 2593 1181 2663 οὐδὲ

109 2709 159 2763 664
178 2692 381 2777 γενήσεσθαι
397 2698 520 2778 ἔοικεν,
545 2704 578 2761 εί
589 2722 639 2773 τις
658 2698 694 2761 ἐκ
707 2702 765 2781 τὴς
778 2692 937 2780 ἀληθείας
951 2700 1119 2779 λογίζοιτο.
1148 2698 1182 2761 οί

177 2790 296 2875 μένγε
318 2794 378 2854 τοῦ
394 2786 574 2868 Ὀδυσσέως
590 2794 712 2876 ἑταῖροι
738 2794 870 2879 γλυκύν
891 2819 965 2860 τινα
988 2794 1049 2860 τόν
1072 2789 1181 2859 λωτὸν

177 2890 347 2964 ἐσθίοντες
365 2885 512 2972 ἡμέλουν
530 2897 598 2957 τῶν
614 2889 725 2958 ἀλλων
743 2892 798 2958 καὶ
817 2889 900 2975 πρός
920 2889 957 2983 τό
982 2889 1091 2973 παρὸν
1114 2886 1181 2976 ἡδύ

176 2992 244 3051 τῶν
259 2991 367 3061 καλῶς
386 2986 530 3070 ἐχόντων
545 2989 793 3073 κατεφρόνουν·
822 2987 906 3055 ῶστε
921 2985 962 3054 ού
977 2988 1084 3073 πάντη
1100 2984 1182 3053 ἀλο-

176 3108 235 3168 γος
251 3080 363 3149 αὐτῶν
380 3080 400 3169 ἡ
418 3084 507 3169 λη’θη
528 3092 588 3151 τοῦ
603 3093 725 3171 καλοῦ,
748 3083 831 3173 πρὸς
846 3093 892 3176 τῷ
906 3085 982 3173 ἡδεῖ
994 3090 1108 3175 ἐκείνφ
1123 3091 1181 3169 τῆς

176 3188 282 3267 ψυχῆς
294 3179 537 3267 διατριβούσης.
562 3179 598 3249 τό
612 3185 648 3250 δὲ
662 3191 746 3274 λιμῶ
758 3185 902 3264 ξυνόντα
912 3180 1180 3267 παρεστῶταάλ-

176 3286 298 3367 λωτοῦ
313 3286 422 3347 λωτοῦ
443 3282 684 3372 ἐμφορουμένῳ
707 3284 811 3368 μηδὲν
824 3281 1033 3368 μεταδιδόντι
1047 3276 1106 3346 ὑπ’
1125 3282 1179 3347 ε’λ-

176 3380 271 3455 πίδος
289 3376 393 3463 μόνης
407 3385 467 3445 τοῦ
489 3375 555 3444 κάν·
575 3376 680 3447 αύτον
696 3380 975 3465 παραγεύσασθαί
992 3404 1072 3446 ποτε
1087 3380 1165 3444 δεδέ
