2550 3825
180 175 240 240 118
529 180 837 238 ΛΟΤΚΙΑΝΟΤ

179 337 317 428 ᾄδοντος
330 335 431 407 ὁπότε
450 337 598 423 ἐκώμασε
614 338 732 424 πρῴην
753 341 804 406 έπὶ
818 347 869 405 σέ·
895 335 1069 425 Ἀφροδίτη
1084 343 1175 422 φίλη,

178 433 260 502 ὄνον
274 431 317 502 άν
330 461 378 513 τις
397 432 563 520 ὀγκᾶσθαι
583 439 682 514 ἔδοξε.
714 438 768 503 καὶ
783 434 866 522 αὐτὴ
888 436 924 504 δέ
940 434 961 522 ἡ
977 437 1090 522 πηκτὶς
1105 437 1176 516 οἵας

178 540 316 619 κρανίον
328 534 455 619 ἐλάφου
466 531 596 620 γυμνὸν
609 540 676 600 τών
691 541 840 618 σαρκῶν,
856 536 911 602 καὶ
927 532 967 601 τά
982 533 1044 619 μέν
1057 536 1176 618 κέρατα

151 633 153 639 ’
178 632 289 718 πήχεις
301 629 412 716 ὥσπερ
423 624 525 717 ἦσαν,
540 633 689 717 ζυγώσας
701 632 737 700 δὲ
748 630 833 699 αύτά
845 636 899 700 καλ
910 633 1035 714 ἐνάψας
1045 629 1085 699 τά
1097 638 1177 698 νεῦ·

178 754 238 814 ρα,
254 725 333 796 οὐδὲ
346 728 485 797 κόλλοπι
500 731 733 814 περιστρέψας,
750 731 905 820 ἐμελῴδει
916 729 1067 818 ἀμουσύν
1080 755 1111 796 τι
1123 730 1177 796 καλ

179 824 330 915 ἀπῴδόν,
359 827 439 896 ἀλλο
455 827 516 913 μέν
538 825 638 906 αύτὸς
654 836 761 915 βοῶν,
785 828 864 897 ἀλλο
886 832 922 896 δὲ
944 827 1069 915 ἡλύρα
1089 824 1176 913 ὑπή-

177 950 243 1010 χει,
267 923 350 994 ώστε
366 923 445 993 οὐδὲ
467 928 614 1012 κατέχειν
633 925 694 993 τὸν
709 931 835 1013 γέλωτα
856 927 1049 1013 ἐδυνάμεθα
1064 929 1116 994 ἐπὶ
1132 931 1176 1016 τῴ

178 1025 324 1114 ἐρωτικῷ
336 1025 450 1114 ἐκείνῴ
463 1023 598 1114 ᾄσματι·
620 1022 641 1110 ἡ
657 1026 719 1110 μὲν
730 1024 795 1111 γάρ
808 1022 891 1111 Ἠχώ
907 1023 985 1093 ούδέ
999 1022 1173 1109 ἀποκρίνε-

119 1140 123 1147 “
179 1133 259 1191 σθαι
273 1120 364 1212 αύτῴ
382 1120 505 1208 ἤθελεν
528 1121 616 1190 οὕτω
637 1125 737 1202 λάλος
758 1116 843 1191 οὖσα
860 1126 1079 1213 βρυχωμένῳ,
1101 1117 1174 1190 ἀλλ’

177 1218 353 1309 ᾐσχύνετο,
369 1225 399 1288 εί
410 1226 529 1305 φανείη
540 1223 726 1306 μιμουμένη
737 1235 890 1307 τραχεῖαν
904 1219 994 1313 ῴδην
1008 1225 1062 1290 καὶ
1076 1247 1173 1288 κατα-

112 1333 159 1386 291
178 1321 347 1404 γέλαστον.
390 1323 420 1385 5.
448 1323 546 1404 ἔφερε
567 1319 603 1385 δέ
630 1315 648 1385 ὁ
671 1321 846 1403 ἐπέραστος
867 1322 903 1386 ἐν
925 1334 996 1399 ταῖς
1020 1319 1178 1405 ἀγκάλαις

179 1415 389 1502 ἀθυρμάτιον
409 1414 534 1501 ἄρκτον
554 1417 705 1484 σκύλακα
721 1416 757 1484 τὸ
778 1417 895 1485 λάσιον
913 1415 1002 1508 αύτῴ
1022 1436 1177 1501 προσεοι-

179 1517 268 1583 κότα.
288 1523 336 1593 τίς
352 1506 415 1581 ούν
429 1511 491 1581 οὐκ
509 1508 552 1580 ἀν
570 1514 758 1600 φθονήσειέ
768 1536 839 1601 σοι,
864 1507 1084 1601 ώΓαλάτεια,
1108 1539 1177 1580 τοι-

179 1614 281 1681 ούτου
298 1615 453 1698 ἐραστούς

261 1715 360 1777 ΓΑΛ.
383 1707 521 1777 Ούκούν
535 1708 594 1794 σύ,
611 1716 723 1796 Δωρί,
740 1714 848 1790 δεῖξον
860 1707 941 1796 ἡμῖν
954 1708 1014 1777 τὸν
1027 1713 1176 1793 σεαυτῆς,

179 1813 301 1876 καλλίω
322 1811 424 1893 δῆλον
445 1806 496 1875 ὅτι
514 1807 593 1875 ὅντα
615 1811 671 1876 καὶ
691 1807 899 1898 ᾠδικώτερον
920 1812 974 1876 καὶ
995 1812 1172 1892 κιθαρίζειν

179 1903 317 1991 ἀμεινον
331 1905 558 1993 ἐπιστάμενον.

261 2010 363 2071 ΔΩΡ.
383 2000 470 2073 Ἀλλ’
482 2003 621 2093 ἐραστὴς
629 2007 691 2091 μέν
700 2004 809 2085 οὐδεὶς
819 2012 887 2073 ἔστι
898 2031 955 2091 μοι
965 2003 1042 2073 οάδέ
1053 2002 1170 2090 σεμνύ

179 2126 277 2187 νομαι
288 2103 464 2187 ἐπέραστος
480 2100 581 2170 εἶναι·
604 2111 754 2182 τοιοῦτος
769 2104 805 2171 δέ
819 2099 888 2181 οἶος
903 2100 1082 2182 ὁΚύκλωφ
1097 2104 1175 2185 ἐστί,

179 2197 339 2283 κινάβρας
357 2195 489 2279 ἀπόζων
507 2198 617 2285 ὥσπερ
639 2201 775 2287 τράγος,
802 2198 996 2286 ὠμοφάγος,
1022 2198 1066 2278 ώς
1083 2219 1174 2285 φασι,

178 2298 233 2363 καί
250 2297 444 2381 σιτούμενος
464 2294 542 2376 τούς
555 2301 797 2386 ἐπιδημοῦντας
816 2306 884 2365 τών
901 2301 1020 2384 ξένων,
1047 2301 1097 2365 σολ
1120 2302 1173 2383 γέ·

179 2420 269 2463 νοιτο
286 2398 340 2463 καὶ
356 2392 399 2462 σύ
415 2393 582 2486 ἀντερῴης
598 2396 712 2466 αὐτοῦ.

554 2708 557 2715 ,
664 2652 693 2712 2.

304 2762 573 2817 ΚΤΚΛΩΠΟΣ
595 2764 679 2815 ΚΑΙ
707 2760 1048 2815 ΠΟΣΕΙΔΩΝΟΣ.

263 2904 290 2964 l.
314 2902 414 2964 KYK.
433 2888 473 2963 Ὠ
486 2894 606 2981 πάτερ,
629 2890 683 2962 οἶα
700 2896 854 2963 πέπονθα
868 2892 933 2962 ὑπὸ
955 2901 1016 2961 τοῦ
1033 2897 1180 2980 καταρά-

177 3021 238 3063 του
253 2996 366 3113 ξένον,
390 2991 426 3073 ὃς
442 2994 592 3079 μεθύσας
608 2993 816 3079 ἐξετύφλωσέ
834 3019 875 3080 με
894 2996 1087 3084 κοιμωμένῳ
1106 2997 1180 3061 ἐπι-

109 3206 161 3262 292
177 3111 366 3258 χειρηίσῖοίὶςὲ.
392 3195 449 3267 Τίς
464 3187 499 3255 δέ
512 3181 556 3274 ἦν
577 3186 594 3256 ὁ
611 3196 714 3257 ταῦτα
734 3190 914 3277 τολμήσας,
935 3182 1180 3276 ώΠολύφημες

262 3295 362 3358 m.
389 3286 434 3356 Τὸ
451 3288 513 3376 μὲν
528 3297 663 3375 πρώτον
679 3282 785 3357 Οὖτιν
801 3288 906 3358 αύτόν
921 3286 1094 3374 ἀπεκάλει,
1110 3292 1182 3359 ἐπεὶ

179 3388 494 3471 δέδιέφυγεκαὶέξω
504 3380 1178 3474 ἦνβέλους,Ὀδυσσεύςάνομάζεσθαιἐφη,
