2550 3825
352 191 544 251 ΠΡΟΜΗΘ.
569 192 616 251 ΕΙ
637 194 698 252 ΕΝ
715 195 813 253 ΛΟΓ.
1040 187 1080 251 ll

96 343 162 432 οῦνς
178 347 251 438 οῦχδ
266 354 320 420 καὶ
335 355 477 437 ἔμπαλιν
490 344 609 436 γένοιτ’
628 346 673 418 άν
694 347 869 437 εὔμορφόν
889 379 920 419 τι
935 354 971 421 έκ
986 357 1086 423 δυοῖν

99 464 158 517 τοῑν
170 448 321 536 ἀρίστοιν
338 454 515 536 ξυντεθέν,
539 448 651 532 ῶσπερ
671 453 704 531 ἐξ
720 460 817 518 οίυου
834 454 888 519 καὶ
902 459 1033 537 μελιτος
1045 458 1083 519 το

95 549 337 637 ξυναμφότερον
356 550 510 637 ἥδιστονς
545 554 628 635 φημὶ
646 555 766 635 ἔγωγε·
799 548 840 617 οῦ
862 550 929 637 μὴν
948 575 1023 635 περι
1046 576 1085 637 γε

96 657 152 717 τῶν
168 653 258 736 ἐμῶν
279 656 340 737 έχω
357 655 579 718 διατείνεσθαι
602 647 647 727 ῶς
669 649 833 717 τοιούτων
850 648 977 730 όντων,
1001 649 1086 718 άλλά

95 752 176 817 δέδια
191 749 236 836 μὴ
259 748 296 817 τό
318 750 476 830 ἑκατέρου
493 749 615 826 κάλλος
633 747 654 835 ἡ
671 754 756 835 μῖξις
773 754 1008 835 συνέφθειρεν.
1052 754 1084 816 6.

94 846 130 914 ού
142 848 232 916 πάνυ
246 855 333 935 γοῦν
348 846 481 933 συνήθη
496 850 551 914 καὶ
567 854 649 931 φίλα
665 849 698 925 έξ
712 844 814 933 ἀρχῆς
827 840 871 932 ἦν
893 846 911 915 ὁ
930 849 1085 934 διάλογος

93 946 173 1035 καὶὴ
190 952 357 1039 κωμῳδία,
377 958 410 1016 εί
427 972 466 1033 γε
491 944 509 1013 ὁ
534 948 596 1032 μὲν
618 955 705 1013 οίκοι
724 944 805 1013 καθ’
829 944 950 1013 ἑαυτόν
971 950 1026 1014 καὶ
1040 945 1082 1032 νὴ

22 1108 28 1135 ,
92 1053 152 1114 Δία
167 1052 206 1115 έν
221 1060 289 1124 τοῖς
305 1047 498 1130 περιπάτοις
513 1042 577 1131 μετ’
597 1042 720 1129 ὀλίγων
734 1042 792 1121 τάς
808 1043 979 1132 διατριβάς
993 1048 1086 1113 ἐποι-

31 1132 42 1153 '
93 1158 162 1232 εῑτο,
177 1143 199 1233 ἡ
217 1146 253 1212 δὲ
270 1148 467 1230 παραδοῦσα
480 1150 526 1234 τῶ
542 1143 703 1233 Διονύσῳ
720 1141 843 1229 ἑαυτὴν
856 1143 990 1234 θεάτρφ
1002 1141 1085 1228 ῶμί-
1104 1165 1141 1223 32

91 1252 136 1311 λει
150 1247 207 1312 καὶ
223 1246 393 1324 ξυνέπαιζε
408 1245 463 1311 καὶ
472 1245 700 1327 ἐγελωτοποίει
714 1246 769 1310 καὶ
781 1245 967 1310 ἐπέσκωπτε
982 1245 1037 1309 καὶ
1048 1245 1085 1309 ἐν

91 1344 207 1433 ῥυθμῷ
226 1348 337 1428 ἔβαινε
353 1340 438 1428 πρός
452 1338 559 1409 αὐλόν
573 1346 689 1426 ἐνίοτε,
707 1342 762 1409 καὶ
776 1338 813 1407 τό
829 1339 921 1425 ὅλον,
943 1337 1086 1407 ἀναπαί-

89 1461 172 1520 στοις
186 1444 320 1527 μέτροις
335 1444 539 1527 ἐποχουμένη
561 1439 601 1508 τόι
623 1441 740 1524 πολλά,
755 1437 835 1518 τούς
848 1447 910 1507 τοῦ
925 1438 1086 1525 διαλόγου

90 1541 239 1626 ἑταίρους
255 1540 406 1625 ἐχλεύαζε
423 1538 623 1625 φροντιστὰς
638 1542 694 1606 καί.
704 1543 966 1624 μετεωρολέσχας
981 1542 1035 1606 καὶ
1046 1535 1086 1604 τά
1106 1562 1141 1617 33

88 1646 225 1705 τοιαῦτα
241 1639 556 1724 προσαγορεύουσα·
579 1640 634 1706 καὶ
651 1643 731 1723 μίαν
751 1638 877 1722 ταύτην
891 1646 1087 1721 προαίρεσιν

89 1741 263 1825 ἐπεποίητο
285 1740 433 1817 ἐκείνους
454 1739 675 1806 έπισκῶπτειν
695 1736 750 1805 καὶ
771 1734 834 1822 τὴν
854 1732 1086 1821 Διονυσιακὴν
1106 1740 1142 1798 34

86 1838 287 1923 ἐλευθερίαν
314 1852 466 1925 καταχεῖν
490 1836 619 1923 αὐτῶν,
646 1835 721 1921 ἄρτι
741 1835 802 1921 μὲν
823 1833 1087 1922 ἀεροβατοῦντας

87 1939 293 2006 δεικνύουσα
307 1941 361 2006 καί
376 1942 531 2023 νεφέλαις
541 1938 712 2020 ξυνόντας,
727 1934 804 2019 άρτι
823 1939 860 2002 δὲ
874 1942 1012 2015 ψυλλῶν
1022 1960 1088 2020 πη·

84 2038 215 2124 δόματα
232 2042 502 2124 διαμετροῦντας,
520 2035 563 2114 ὡς
578 2041 685 2122 δῆθεν
700 2032 740 2103 τά
757 2033 850 2119 άέρια
864 2044 1088 2120 λεπτολογου-

22 2199 30 2230 ,
85 2140 216 2214 υένους.
242 2133 261 2202 ὁ
278 2135 432 2220 διάλογος
454 2141 490 2204 δὲ
510 2136 710 2222 σεμνοτάτας
725 2136 865 2202 έποιεῖτο
888 2132 946 2213 τὰς
961 2155 1088 2201 συνου-

82 2240 151 2313 σίας
180 2233 322 2320 φύσεῶς
342 2261 377 2301 τε
398 2239 473 2319 πέρι
492 2236 546 2302 καὶ
569 2232 687 2318 ἀρετῆς
709 2240 922 2318 φιλοσοφῶν·
946 2232 1029 2300 ῶστε
1050 2257 1087 2299 το

83 2339 146 2400 τῶν
164 2339 347 2420 μουσικῶν
357 2340 466 2419 τοῦτο,
482 2335 531 2410 δὶς
541 2331 595 2400 διὰ
611 2339 728 2399 πασῶν
740 2330 825 2400 εἶναι
839 2331 901 2419 τὴν
911 2330 1088 2418 ἁρμονίαν,

81 2428 141 2499 duo*
165 2439 238 2499 τοῦ
254 2426 417 2510 ὀξυτάτου
438 2435 473 2511 ές
494 2430 531 2499 τό
549 2431 746 2519 βαρύτατον.
771 2434 826 2498 καὶ
847 2429 936 2516 ὅμως
950 2430 1090 2515 ἐτολμή-

81 2551 187 2617 σαμεν
206 2527 307 2615 ἡμεῖς
330 2527 370 2596 τά
386 2527 494 2608 ούτως
516 2535 632 2616 ἔχοντα
649 2527 733 2615 πρός
749 2528 874 2614 ῦλληλα
890 2533 1090 2615 ξυναγαγεῖν

80 2633 129 2698 καὶ
147 2626 369 2712 ξυναρμόσαι
387 2626 429 2694 ού
452 2627 544 2695 πάνυ
564 2628 751 2714 πειθόμενα
766 2625 846 2696 οὐδὲ
861 2625 1013 2713 εὐμαρῶς
1028 2625 1090 2693 ἄν·
1110 2638 1145 2694 ³5

81 2729 225 2814 εχόμενα
243 2723 307 2811 τὴν
322 2733 512 2794 κοινωνίαν.
552 2732 580 2796 7.
603 2733 696 2796 δέδια
716 2734 844 2813 τοίνυν,
868 2724 912 2813 μὴ
929 2719 1030 2805 αὖθις
1051 2724 1090 2793 ό-

78 2828 175 2910 μοιόν
192 2853 231 2894 τι
250 2831 297 2913 τῶ
313 2832 493 2910 Προμηθεῖ
515 2833 561 2915 τῶ
581 2834 628 2916 σῶ
651 2824 840 2914 πεποιηκός
861 2833 1031 2913 φαίνωμαι
1052 2824 1088 2893 τό

79 2933 165 3011 θῆλυ
182 2931 238 3014 τῷ
258 2921 374 3008 άρρενι
390 2925 603 3010 ἐγκαταμίξας
615 2928 670 2994 καὶ
684 2924 724 2993 δι’
737 2923 818 2993 αύτό
831 2931 928 3012 δίκην
943 2922 1088 3010 ὑπόσχω·

76 3033 207 3108 μᾶλλον
235 3018 342 3107 δὲμὴ
366 3025 422 3090 καὶ
443 3021 524 3090 ἄλλο
546 3051 577 3091 τι
600 3034 748 3104 τοιοῦτος
765 3031 906 3111 φανείην
920 3028 1091 3105 ἐξαπατῶν

77 3130 150 3203 ίσως
165 3120 261 3200 τούς
272 3119 458 3200 ἀκούοντας
468 3124 522 3190 καὶ
534 3121 614 3190 όστῦ
628 3126 791 3206 παραθεὶς
803 3121 915 3201 αὐτοῖς
926 3133 1092 3209 κεκαλυμ-

76 3228 156 3306 μένα
173 3231 221 3313 τῇ
246 3226 384 3308 πιμελῇ,
407 3225 533 3306 γέλωτα
552 3219 703 3307 κωμικόν
719 3219 785 3289 ὑπὸ
802 3221 976 3308 σεμνότητι
994 3230 1092 3308 φιλο·

77 3322 184 3416 σόφφ·
218 3315 264 3388 τό
287 3314 353 3403 γάρ
376 3325 433 3404 τῆς
459 3328 699 3408 κλεπτικῆς-
720 3324 774 3388 καί
793 3318 858 3406 γάρ
879 3327 1053 3406 κλεπτικῆς
1072 3318 1091 3387 ὁ

21 3450 30 3505 η
75 3425 149 3503 θεός
169 3464 212 3475 -
234 3416 369 3498 ἄπαγε·
391 3425 489 3486 τοῦτο
505 3420 614 3502 μόνον
630 3418 692 3489 οῦκ
707 3415 751 3486 ἂν
766 3428 870 3495 είποις
887 3421 1010 3485 ἐνεῖναι
1024 3430 1093 3494 τοῖς
