2550 3825
168 218 231 282 348
526 221 824 280 ΛΟΤΚΙΑΝΟΤ

169 383 315 465 ἐξευρεῖν
329 379 390 466 τὴν
406 379 527 466 ἀκριβῆ
547 381 622 464 περὶ
637 377 767 447 τούτων
786 387 897 465 κρίσιν
911 385 966 449 καί
986 379 1048 467 τὴν
1061 378 1179 466 ἀσφα-
1249 335 1250 386 ¹

168 478 329 562 λεστάτην
343 480 482 564 αἵρεσιν.
504 475 606 545 ἀκουε
621 477 658 544 δέ
671 480 727 546 καλ
740 479 802 564 σύ,
822 484 853 547 εί
862 479 987 566 βούλει.

251 610 354 766 ΕΞΜ.
375 601 471 670 Ἀλλά
483 603 661 690 βούλομαι,
675 595 851 671 ἀΔυκίνε·
875 614 954 683 ἴσως
963 603 1029 690 γάρ
1041 631 1072 671 τι
1083 604 1177 689 γνιό-
1251 652 1252 655 ,

170 725 269 786 ριμον
297 714 374 785 ρεϊς.

251 834 351 895 AYK.
373 827 502 895 Σκόπει
517 825 556 913 δὴ
571 826 684 916 καὶμὴ
700 829 941 916 καταγελάσῃς,
958 834 987 897 εί
997 827 1176 894 παντάπα-

168 945 223 993 σιν
236 931 409 1004 ίδιωτικος
420 924 569 1012 ἀναζητῶ
579 924 678 994 αὐτό·
700 923 829 1014 ἀνάγκη
839 926 904 1012 γάρ
915 924 1031 1011 οὕτως,
1044 927 1114 993 ἐπεὶ
1127 923 1174 1012 μή

168 1021 211 1090 σύ
235 1027 360 1102 ἐθέλεις
380 1025 585 1111 σαφέστερον
602 1030 706 1092 εἰπεῖν
722 1022 817 1103 είδως
835 1023 982 1110 ἀμεινον.
1015 1029 1067 1091 22.
1090 1029 1174 1090 ἐστω

169 1121 210 1208 δή
225 1148 281 1207 μοι
297 1119 317 1208 ἡ
330 1121 391 1208 μέν
402 1119 501 1208 ἀρετὴ
516 1121 648 1190 τοιόνδε
657 1149 705 1208 τι,
723 1117 797 1190 οἷον
807 1123 901 1202 πόλις
914 1149 963 1202 τις
974 1121 1175 1208 εὐδαίμονας

152 1212 155 1218 ’
170 1226 290 1306 ἐχουσα
301 1217 380 1297 τούς
391 1222 708 1306 ἐμπολιτευομένους
718 1257 761 1268 -
772 1217 816 1298 ὡς
830 1227 912 1306 φαίη
925 1217 968 1287 ἀν
983 1218 1173 1287 ὁδιδόσκα-

169 1313 255 1394 λοςό
268 1313 325 1395 σός
336 1319 466 1386 ἐκεῦθέν
480 1329 588 1386 ποθεν
598 1317 780 1404 ἀφιγμένος
789 1317 967 1405 -σοφούς
978 1322 1011 1398 ἐς
1020 1317 1057 1387 τό
1069 1315 1173 1402 ἀκρό-

168 1440 286 1500 τατον,
302 1413 476 1502 ἀνδρείους
488 1414 653 1501 ἅπαντας,
669 1421 833 1503 δικαίους,
848 1416 1041 1504 σώφρονας,
1057 1413 1174 1500 ἀλίγον

169 1520 262 1580 θεῶν
277 1511 494 1592 ἀποδέοντας·
516 1509 569 1582 οἷα
584 1514 619 1580 δέ
633 1514 738 1583 πολλά
748 1521 895 1601 γίγνεται
906 1512 985 1601 παρ’
999 1511 1095 1600 ἡμῖν,
1110 1511 1175 1595 ἀρ-

170 1611 341 1692 παζόντων
363 1615 417 1681 καὶ
437 1615 641 1701 βιαζομένων
663 1615 718 1681 καὶ
738 1612 1047 1697 πλεονεκτούντων,
1071 1608 1174 1678 οὐδὲν

170 1709 213 1780 ἀν
229 1717 328 1798 ίδοις,
350 1719 469 1798 φασίν,
494 1715 531 1780 ἐν
545 1717 656 1800 ἐκείνη
672 1720 712 1801 τῇ
726 1715 821 1780 πόλει
834 1711 1064 1799 τολμώμενον,
1088 1706 1172 1777 ἀλλά

169 1815 206 1877 έν
222 1812 338 1895 εἰρήνη
356 1813 411 1878 καί
432 1808 570 1898 ὁμονοίᾳ
587 1810 899 1896 ξυμπολιτεύονται,
920 1806 999 1896 μόλ’
1022 1808 1172 1884 εἰκότως·
1258 1818 1259 1833 ’

101 1919 146 1975 761
170 1903 192 1973 ἀ
206 1903 270 1992 γάρ
283 1908 320 1972 ἐν
334 1922 403 1985 ταῖς
416 1905 530 1986 ἀλλαις
540 1908 694 1993 πόλεσιν,
710 1906 816 1995 οἶμαι,
833 1905 891 1987 τάς
901 1908 1032 1987 στάσεις
1045 1909 1100 1975 καὶ
1114 1933 1174 1992 φι-

170 2009 334 2081 λονεικίας
348 2006 466 2089 ἐγείρει
480 2008 535 2073 καὶ
550 1997 598 2073 ἀν
609 2008 707 2073 ἕνεκα
722 2006 998 2093 ἐπιβουλεύουσιν
1008 2003 1173 2090 ἀλλήλοις,

169 2110 272 2171 ταῦτα
287 2102 396 2170 πάντα
416 2104 567 2172 ἐκποδών
581 2107 671 2173 ἐστιν
688 2106 834 2183 ἐκείνοις.
864 2101 906 2171 ού
919 2103 983 2189 γάρ
998 2101 1075 2170 ούτε
1089 2128 1173 2188 χρυ-

170 2209 244 2271 σίον
258 2208 305 2270 ἐτι
317 2200 393 2269 ούτε
404 2201 528 2288 ἡδονάς
543 2201 619 2269 ούτε
630 2202 727 2281 δόξας
741 2199 881 2286 ὁρῶσιν,
898 2199 942 2279 ὡς
954 2204 1175 2287 διαφέρεσθαι

170 2304 245 2386 περὶ
259 2298 386 2386 αὐτῶν,
409 2300 492 2369 ἀλλά
508 2302 610 2368 πύλαι
626 2307 684 2385 τῆς
699 2300 826 2377 πόλεως
842 2300 1074 2384 ἐξεληλάκασιν
1088 2294 1173 2365 αὐτὰ

170 2398 233 2468 ούκ
249 2398 412 2486 ἀναγκαῖα
425 2398 629 2485 ἡγησάμενοι
644 2398 951 2483 ξυμπολιτεύεσθαι.
977 2397 1175 2483 όστεγαλη-

171 2500 235 2566 νόν
249 2523 324 2565 τινα
339 2500 393 2564 καί
408 2502 658 2583 πανευδαίμονα
672 2503 748 2584 βίον
762 2504 874 2583 βιοῦσι
888 2493 950 2576 ξύν
964 2494 1103 2584 εὐνομίᾳ
1118 2498 1175 2563 καί

170 2597 295 2680 ίσότητι
312 2596 367 2661 καὶ
384 2598 559 2681 ἐλευθερίᾳ
574 2597 629 2662 καὶ
645 2609 713 2673 τοῖς
729 2592 841 2673 ἀλλοις
851 2592 1001 2681 ἀγαθοῖς.

254 2727 304 2788 23.
325 2728 430 2789 EPM.
455 2729 498 2789 Τί
516 2716 597 2808 οὖν,
621 2716 648 2790 οἶ
665 2729 806 2801 Λνκῑνες
829 2718 892 2788 ούκ
914 2721 1009 2801 ἀξιον
1026 2720 1175 2801 ἅπαντας

172 2821 350 2903 ἐπιθυμεῖν
367 2827 500 2899 πολίτας
519 2828 694 2908 γίγνεσθαι
710 2828 768 2906 τῆς
783 2820 936 2907 τοιαύτης
950 2819 1075 2899 πόλεως
1091 2821 1176 2906 μήτε

172 2917 321 3002 κάματον
342 2914 642 3004 ὑπολογιζομένους
658 2916 718 2987 τόν
734 2921 771 2985 ἐν
787 2926 827 3006 τῇ
847 2915 915 3007 ὁδῷ
935 2915 1115 3004 μήτεπρὸς
1134 2915 1173 2986 τό

170 3023 274 3103 μῆκος
288 3022 349 3081 τοῦ
362 3018 487 3101 χρόνου
501 3015 787 3104 ἀπαγορεύοντας,
810 3023 841 3085 εί
858 3018 1037 3102 μέλλουσιν
1051 3015 1176 3101 ἀφικό-

170 3140 264 3201 μενοι
287 3114 557 3200 ἐγγραφήσεσθαι
578 3120 631 3184 καὶ
655 3113 747 3183 αὐτοὶ
769 3116 823 3182 καί
837 3119 991 3200 μεθέξειν
1006 3122 1063 3201 τῆς
1077 3122 1156 3181 πολι

170 3219 274 3293 τείαςς

255 3331 352 3392 ΛΤΚ.
376 3322 429 3410 Νη
447 3323 520 3410 Δί’,
549 3319 575 3392 ἀ
593 3324 780 3412 Ἑρμότιμε,
803 3324 939 3391 πόντων
960 3324 1100 3409 μάλιστα
1120 3323 1175 3393 ἐπὶ

169 3423 277 3509 τούτῳ
294 3426 537 3509 σπουδαστέον,
553 3420 667 3490 τῶνδ’
685 3422 796 3491 ἀλλων
809 3421 1005 3508 ἀμελητέον,
1023 3421 1078 3489 καὶ
1091 3418 1173 3507 μήτε
