2550 3825
537 184 714 243 ΧΑΡΩΝ.
1062 180 1125 243 219

123 347 268 430 μείζους,
287 347 321 410 ολ
333 343 370 409 δὲ
384 342 555 422 ἐλάττους·
578 346 632 409 καὶ
646 344 753 429 οἱμὲν
770 342 998 430 ὀλιγοχρόνιον
1014 349 1124 429 ἔχουσι

126 443 181 508 καὶ
195 437 372 526 ὠκύμορον
385 438 422 508 τό
438 442 594 527 φύσημα,
609 445 643 507 ολ
656 442 691 508 δὲ
705 439 773 527 ἀμα
788 450 834 531 τῷ
849 446 1005 527 ξυστῆναι
1020 440 1125 509 ἐπαύ·

126 560 244 606 σαντο·
266 547 346 607 πᾶσι
363 538 395 607 δ’
412 534 476 608 ούν
492 539 722 625 ἀπορραγῆναι
736 536 928 626 ἀναγκαῖον.

208 644 311 705 ΕΡΜ.
337 636 448 706 Ούδὲν
458 654 570 724 χεῖρον
581 634 624 705 σύ
633 634 847 725 τοῶὉμήρου
859 647 1000 723 εἴκασας,
1017 630 1125 707 ῶΧά-

127 761 213 820 ρων,
228 737 265 813 ός
279 736 420 821 φύλλοις
433 736 470 805 τό
485 741 581 824 γένος
595 732 708 804 αάτῶν
723 735 840 823 ὁμοιοῖ.

209 838 259 901 20.
280 842 376 902 XAP.
400 837 467 903 Καὶ
485 841 630 903 τοιοῦτοι
652 831 762 918 ὄντες,
789 826 816 901 ἀ
827 830 946 919 Ἑρμῆ,
972 830 1052 922 δρᾷς
1072 829 1125 901 οἷα

125 939 258 999 ποιοῦσι
270 934 325 999 καὶ
336 928 380 1009 ῶς
391 938 643 1018 φιλοτιμοῦνται
657 931 741 1017 πρός
751 931 914 1020 ἀλλήλους
928 930 1039 1019 ἀρχῶν
1050 937 1124 1018 πέρι

126 1033 182 1098 καλ
196 1037 301 1117 τιμῶν
315 1032 370 1098 καὶ
383 1031 533 1117 κτήσεων
542 1030 775 1117 ἁμιλλώμενοι,
790 1030 874 1115 άπερ
885 1030 1014 1099 ἅπαντα
1024 1058 1125 1099 κατα-

127 1130 283 1207 λιπόντας
297 1126 420 1208 αὐτούς
439 1130 548 1216 δεήσει
570 1132 629 1197 ἕνα
644 1128 766 1216 ὀβολόν
786 1135 920 1216 ἔχοντας
935 1129 1030 1215 ήκειν
1044 1128 1123 1215 παρ’

127 1225 219 1313 ἡμᾶς.
242 1225 356 1314 βούλει
371 1222 452 1313 οὖν,
475 1232 606 1311 ἐπείπερ
627 1226 681 1315 ἐφ’
698 1227 831 1315 ὑψηλοῦ
845 1230 961 1315 ἐσμέν,
980 1226 1126 1316 ἀναβοή-

126 1345 186 1402 σας
204 1327 413 1411 παμμέγεθες
433 1328 622 1410 παραινέσω
643 1324 754 1405 αύτοῑς
777 1325 957 1412 ἀπέχεσθαι
978 1328 1039 1411 μὲν
1058 1335 1126 1393 τῶν

126 1428 273 1509 ματαίων
287 1424 417 1506 πόνων,
435 1430 492 1509 ζῆν
507 1424 543 1491 δὲ
557 1423 608 1492 ἀεὶ
621 1423 682 1493 τόν
696 1425 848 1492 θάνατον
863 1422 926 1508 πρό
939 1420 1126 1509 ὀφθαλμῶν

127 1527 276 1607 ἔχοντας,
291 1524 414 1609 λέγων,
426 1517 465 1590 Ὦ
476 1526 626 1610 μάταιοι,
642 1530 676 1589 τί
684 1522 909 1591 ἐσπουδάκατε
920 1522 994 1606 περὶ
1005 1528 1124 1601 ταύτας

127 1622 303 1689 παύσασθε
317 1623 515 1708 κάμνοντες·
544 1620 585 1687 ού
604 1619 669 1707 γάρ
692 1624 725 1697 ἐς
746 1618 797 1688 ἀεὶ
818 1622 997 1706 βιώσεσθε·
1026 1617 1126 1687 οὐδὲν

125 1727 194 1786 τῶν
207 1723 354 1788 ἐνταῦθα
371 1727 503 1806 σεμνῶν
519 1718 630 1787 ἀΐδιόν
646 1724 752 1806 ἐστιν,
775 1717 850 1788 οὐδ’
871 1715 916 1787 ἀν
935 1718 1058 1805 ἀπάγοι
1075 1745 1125 1796 τις
1143 1733 1191 1789 517

127 1815 239 1885 αὐτῶν
251 1845 282 1885 τι
298 1816 360 1898 ξύν
371 1816 461 1908 αύτῷ
476 1816 678 1905 ἀποθανῶν,
696 1816 768 1888 ἀλλ’
782 1816 910 1904 ἀνάγκη
921 1815 980 1884 τὸν
990 1816 1052 1902 μὲν
1062 1843 1125 1902 γυ-

129 1915 215 2003 μνόν
228 1925 395 2003 οἴχεσθαι,
410 1915 472 2004 τήν
487 1924 595 1986 οἰκίαν
610 1920 646 1987 δὲ
661 1921 713 1986 καὶ
730 1916 790 1986 τόν
806 1915 913 2004 ἀγρόν
926 1918 981 1984 καὶ
994 1912 1031 1982 τό
1043 1941 1125 2002 χρυ-

127 2023 202 2082 σίον
216 2013 267 2082 ἀεὶ
283 2013 394 2083 ἀλλων
409 2015 492 2084 εἶναι
506 2018 560 2085 καὶ
573 2017 791 2104 μεταβάλλειν
805 2014 884 2095 τούς
904 2016 1073 2094 δεσπότας.
1098 2020 1128 2082 εἰ

127 2122 230 2181 ταῦτα
244 2117 298 2181 καὶ
308 2111 348 2181 τά
357 2121 493 2181 τοιαῦτα
505 2119 537 2193 ἐξ
548 2117 695 2202 ἐπηκόου
709 2115 905 2202 ἐμβοήσαιμι
920 2112 1047 2199 αὐτοῖς,
1063 2111 1125 2180 ούιι

128 2208 171 2278 ἀν
181 2223 242 2279 ολει
251 2210 377 2297 μεγάλα
389 2209 605 2299 ὠφεληθῆναι
616 2211 676 2280 τόν
686 2221 761 2300 βίον
770 2215 825 2280 καὶ
834 2215 1126 2298 σωφρονεστέρους

128 2306 172 2376 ἀν
183 2313 340 2395 γενέσθαι
355 2309 444 2397 παρά
459 2312 564 2392 πολύ;

213 2412 262 2474 21.
285 2414 390 2475 ΕΡΜ.
408 2399 445 2473 Ὠ
462 2408 619 2493 μακάριε,
643 2406 705 2475 ούκ
726 2405 841 2492 οἶσθα,
865 2405 953 2485 ὅπως
969 2403 1124 2492 αύτούςῆ

127 2505 245 2592 ἀγνοια
258 2509 312 2573 καὶ
325 2502 346 2592 ῆ
361 2503 468 2591 ἀπάτη
484 2511 744 2592 διατεθείκασιν,
762 2504 805 2586 ῶς
819 2504 897 2593 μηδ’
912 2502 956 2574 ἀν
967 2507 1125 2597 τρυπάνφ

128 2609 175 2670 ἔτι
190 2606 420 2686 διανοιχθῆναι
441 2599 553 2680 αύτοῑς
566 2600 607 2669 τά
625 2596 706 2671 ῶτα·
734 2602 880 2692 τοσούτῳ
895 2610 985 2693 κηρῷ
1000 2609 1125 2690 ἔβυσαν

129 2698 228 2779 αύτά,
251 2694 325 2767 οἷόν
344 2725 405 2783 περ
426 2698 443 2767 ὁ
461 2697 637 2780 Ὀδυσσεύς
657 2699 735 2781 τούς
757 2705 904 2786 ἑταίρους
925 2705 1042 2787 ἔδρασε
1059 2704 1125 2770 δέει

127 2807 185 2885 τῆς
195 2795 370 2883 Σειρήνων
381 2794 577 2881 ἀκροάσεως.
601 2799 711 2867 πόθεν
722 2793 786 2867 οὖν
796 2795 839 2866 ἀν
850 2802 969 2867 ἐκεῖνοι
984 2797 1124 2867 ἀκοῦσαι

129 2902 324 2982 δυνηθεῖεν,
345 2891 390 2982 ήν
409 2897 463 2963 καὶ
480 2893 523 2963 σύ
547 2896 715 2982 κεκραγῶς
734 2901 928 2985 διαρραγῆς;
957 2894 1039 2983 ὅπερ
1060 2894 1124 2982 γάρ

128 2993 209 3077 παρ’
225 2989 306 3079 ὑμῖν
318 2989 339 3079 ῆ
349 2993 448 3078 Λήθη
460 2993 615 3079 δύναται,
630 3001 728 3062 τοῦτο
745 2991 921 3081 ἐνταῦθαή
936 2992 1054 3081 ἀγνοια
1070 2997 1125 3077 ἐρ-

128 3091 266 3178 γάζεται.
288 3089 375 3176 πλήν
389 3088 462 3159 ἀλλ’
480 3093 561 3159 εἰσὶν
576 3091 688 3159 αὐτῶν
702 3091 807 3178 ἀλλγοι
825 3090 866 3159 οὐ
882 3093 1126 3177 παραδεδεγμέ-

130 3215 183 3256 νοι
197 3187 256 3256 τόν
268 3186 373 3274 κηρόν
388 3191 421 3266 ἐς
436 3186 476 3255 τά
491 3181 558 3255 ῶτα
574 3187 658 3274 πρός
672 3187 733 3276 τήν
748 3188 910 3276 ἀλήθειαν
925 3187 1126 3256 ἀποκλίνον-

127 3311 196 3369 τες,
217 3285 276 3366 όξύ
291 3285 483 3372 δεδορκότες
502 3289 534 3364 ἐς
555 3284 594 3352 τά
614 3288 789 3374 πράγματα
808 3289 862 3354 καὶ
884 3284 1126 3371 κατεγνωκότες

127 3379 184 3453 οἷά
197 3387 295 3452 ἐστιν.
