2550 3825
538 208 838 268 AOYKIANOP

267 372 414 435 ΚΡΟΙΣ.
438 365 489 433 Οὐ
503 367 593 434 πάνυ
607 394 647 434 τι.

266 472 367 533 ΣΟΛ.
393 472 463 531 Τοῦ
477 472 645 550 βελτίονος
659 464 723 549 άρα
739 469 860 545 ἐνδεεῖς
874 468 954 534 ἐστε.

265 571 414 632 ΚΡΟΙΣ.
433 570 511 641 Πῶς
525 560 671 649 άμείνων
686 563 703 631 ὁ
719 569 852 651 σίδηρος
867 572 1023 651 χρυσίους

265 668 368 729 ΣΟΛ.
383 657 449 727 Ἢν
462 659 625 749 ἀποκρίνῃ
639 661 743 748 μηδὲν
758 660 970 749 ἀγανακτῶν,
992 662 1115 748 μάθοις
1128 661 1170 731 άυ

267 765 415 827 ΚΡΟΙΣ.
436 757 574 844 Ἔρωτα,
594 753 621 826 ω’
634 760 765 828 Σόλων,

266 864 367 925 ΣΟΛ.
378 858 525 941 «Πότεροι
540 855 710 942 άμείνους,
728 864 761 927 οί
771 860 928 940 σώζοντές
938 887 1030 937 τινας
1041 855 1061 946 ή
1073 863 1107 927 οί
1115 878 1180 926 σω-

183 953 313 1039 ζόμενοι
329 953 412 1038 πρὸς
427 953 555 1035 αὐτωνς

266 1059 413 1120 lipom.
438 1058 482 1120 Οί
494 1052 652 1133 σώζοντες
667 1054 801 1141 δηλαδή.

267 1158 367 1218 ΣΟΛ.
394 1144 464 1233 Ἆρ’
487 1143 565 1235 οὖν,
591 1158 621 1219 εί
633 1159 761 1238 Κῦρος,
788 1150 831 1231 ὡς
853 1161 1067 1238 λογοποιοῦσι
1082 1179 1180 1237 τινες,

183 1248 274 1335 ἐπήει
289 1252 429 1333 Λυδοῖς,
452 1255 576 1334 χρυσᾶς
593 1256 753 1336 μαχαίρας
768 1248 811 1317 συ
832 1250 954 1339 ποιήσῃ
974 1258 1020 1341 τῷ
1040 1258 1179 1341 στρατῷ,

181 1341 203 1431 ή
217 1343 235 1412 ὁ
253 1350 386 1431 σίδηρος
400 1344 578 1432 άναγκαλος
591 1347 680 1427 τάτε;

264 1451 413 1511 ΚΡΟΙΣ.
431 1442 467 1513 ‘0
483 1449 616 1531 σίδηρος
632 1450 735 1531 δήλου
749 1442 809 1513 ὅτι.

264 1550 365 1610 ΣΟΛ.
386 1545 452 1610 Καὶ
467 1552 499 1610 εί
508 1570 547 1628 γε
559 1550 680 1610 τοῦτον
696 1540 738 1628 μή
756 1543 1041 1630 παρασκευάσαιο,
1058 1551 1178 1629 οίχοιτο

179 1638 222 1706 άν
236 1658 289 1706 σοι
308 1635 325 1707 ὁ
340 1635 462 1724 χρυσὸς
477 1642 509 1716 ἐς
520 1643 649 1721 Πέρσας
663 1639 873 1725 αἰχμάλωτος.

261 1744 408 1804 ΚΡΟΙΣ.
433 1736 603 1823 Εὐφήμει,
622 1736 790 1819 ἄνθρωπε.

263 1840 364 1900 ΣΟΛ.
388 1831 448 1919 Μή
469 1837 597 1919 γένοιτο
617 1835 679 1920 μὲν
697 1832 785 1901 οὕτω
799 1841 917 1901 ταῦτα·
945 1842 1048 1924 φαίνῃ
1064 1832 1095 1901 δ’
1113 1828 1175 1901 οὖν

112 1949 161 2003 507
178 1930 303 2002 άνείνω
320 1938 381 1997 τοῦ
395 1939 521 2016 χρυσοῦ
535 1929 595 1999 τὸν
609 1936 748 2018 σίδηρον
762 1931 944 2019 ὁμολογῶν.

262 2035 410 2097 ΚΡΟΙΣ.
434 2027 571 2097 Οὐκοῦν
585 2031 640 2098 καὶ
651 2038 696 2119 τῷ
707 2037 778 2121 θεῷ
790 2036 926 2117 σιδηρᾶς
940 2039 1103 2110 πλίνθους
1115 2033 1177 2099 θέ-

178 2136 245 2206 λεις
266 2125 461 2196 ἀνατιθέναι
481 2154 538 2214 με,
564 2127 625 2195 τὸν
645 2130 681 2196 δὲ
697 2127 823 2214 χρυσὸν
844 2127 948 2197 ὀπίσω
971 2123 1071 2208 αὖθις
1093 2127 1175 2195 άνα-

177 2233 309 2307 κάλωας
507 2293 509 2296 ⁴

262 2330 363 2392 ΣΟΛ.
389 2319 478 2391 Οὐδε
489 2327 628 2408 σιδήρου
640 2337 765 2402 εκείνος
776 2351 812 2410 γε
824 2325 990 2411 δεήσεται,
1002 2320 1075 2392 ἀλλ’
1087 2322 1130 2410 ήν
1141 2349 1174 2390 τε

176 2419 301 2506 χαλκὸν
310 2419 353 2507 ήν
366 2447 402 2489 τε
411 2417 537 2508 χρυσδν
550 2419 697 2508 άναθής,
713 2421 825 2500 άλλοις
835 2424 896 2508 μέν
912 2446 991 2490 ποτε
1004 2429 1110 2508 ιιτήμα
1121 2423 1175 2488 καὶ

173 2519 314 2603 ἕρμαιον
329 2525 387 2607 ἔσῃ
398 2515 653 2604 άυατεθεικωςή
666 2515 871 2605 Φωκεῦσιυή
883 2527 1039 2597 Βοιωτοῖς
1054 2514 1175 2604 ήΔελ-

176 2632 252 2703 φοῖς
268 2617 380 2696 αὐτοῖς
397 2617 497 2705 ήτινι
514 2620 670 2708 τυράννῳ
683 2615 705 2705 ή
720 2625 837 2707 λῃστῇ,
861 2625 908 2707 τῷ
923 2617 958 2685 δὲ
973 2621 1044 2705 θεῷ
1061 2614 1175 2700 ὀλίγον

175 2721 265 2802 μέλει
278 2725 346 2786 τῶν
362 2726 432 2784 σῶν
447 2726 668 2804 χρυσοποιῶν.

258 2823 404 2884 ΚΡΟΙΣ.
424 2814 487 2883 Ἀεὶ
505 2817 548 2883 ου’
569 2843 636 2903 μου
652 2825 697 2906 τῷ
713 2815 845 2906 πλοάτφ
866 2822 1104 2901 προσπολεμεῖς
1120 2816 1173 2881 καὶ
1271 2831 1272 2834 ’

176 2924 324 2998 φθονεῖς.

259 3017 308 3080 13.
330 3020 434 3080 ΕΡΜ.
458 3010 509 3079 Οὐ
526 3013 621 3099 φέρει
635 3010 653 3079 ὁ
667 3011 795 3096 Λυδός,
814 3003 841 3077 οδ
857 3011 998 3096 Χάρων,
1016 3009 1175 3098 τήνπαρ-
1270 3055 1271 3058 =

174 3115 293 3196 ρῃσίαν
308 3112 363 3178 καὶ
383 3107 444 3196 τήν
461 3107 624 3196 ἀλήθειαν
644 3117 710 3176 τῶν
724 3109 849 3195 λόγων,
873 3106 955 3178 άλλά
971 3109 1067 3189 ξένον
1084 3105 1174 3197 αὐτῷ
1269 3189 1270 3208 χ

173 3212 266 3276 δοκεῖ
278 3205 315 3276 τὸ
330 3215 483 3294 πρᾶγμα,
497 3211 598 3295 πένης
609 3206 790 3295 ἄνθρωπος
804 3205 864 3293 οὐχ
879 3205 1119 3294 ὑποπτήσσων,
1135 3202 1172 3273 τό

173 3305 208 3372 δὲ
228 3306 475 3391 παριστάμενον
496 3309 681 3389 ἐλευθέρως
695 3309 810 3390 λέγων.
842 3307 1042 3392 μεμνήσεται
1059 3303 1090 3372 δ’
1109 3299 1175 3372 οὖν

103 3418 155 3472 508
172 3401 294 3490 μιιιρόν
311 3401 453 3492 ὕστερον
475 3410 535 3471 τοῦ
555 3403 727 3487 Σόλωνος,
750 3403 831 3471 ὅταν
847 3402 950 3472 αὐτὸν
971 3408 1028 3493 δέῃ
1048 3402 1175 3472 ἁλόντα
1267 3469 1268 3476 ,
