2550 3825
121 184 181 245 188
467 184 774 243 ΛΟΤΚΙΑΝΟΤ

118 346 177 411 σέα
192 344 247 410 καλ
257 343 374 433 πρῴην
385 340 461 410 οὑτε
475 343 702 428 προσέβλεψας
715 337 836 427 αὑτόν,
854 339 952 410 ὁπότε
963 336 1022 429 ἡκε
1033 368 1117 428 μάνη

117 440 332 527 τευσόμενος,
347 440 425 507 οότε
439 453 629 526 προσειπεῖν
640 437 780 525 ἠξίωσας
793 438 901 526 ἀνδρα
916 438 1117 524 συστρατιω-

119 565 179 623 την
192 540 246 605 καὶ
261 539 409 624 ἑταῖρον,
425 535 498 605 ἀλλ’
512 536 741 622 ὑπεροπτικῶς
752 538 878 623 μεγάλα
892 544 1020 625 βαίνων
1032 563 1117 624 παρ-

118 641 239 719 ῆλθεει

204 739 328 801 ΑΙΑΣ.
357 732 521 819 Εἰκότως,
550 726 577 799 ἀ
603 729 824 818 Ἀγάμεμνον·
856 732 955 813 αὐτὸς
976 734 1039 820 γάρ
1062 760 1117 819 μοι

119 839 175 919 τῆς
190 839 309 917 μανίας
324 840 427 909 αἴτιος
447 833 584 916 κατέστη
600 831 703 917 μόνος
722 829 969 913 ἀντεξετασθεὶς
985 836 1037 902 έπὶ
1052 848 1120 911 τοῖς

118 928 241 1007 ὅπλοις.

201 1033 342 1096 ΑΓΑΜ.
362 1026 520 1107 Ἠξίωσας
531 1030 567 1093 δὲ
578 1024 865 1111 ἀνανταγώνιστος
879 1025 962 1094 εἶναι
973 1027 1028 1093 καὶ
1037 1023 1119 1093 ἀκο-

119 1126 183 1190 υιτλ
197 1139 332 1207 κρατεῖν
348 1122 523 1204 ἀπάντων;

50 1239 99 1292 449
201 1230 324 1290 ΑΙΑΣ.
347 1229 433 1306 Ναί,
453 1222 494 1289 τά
515 1248 553 1308 γε
571 1227 725 1288 τοιαῦτα·
758 1227 861 1288 οἰκεία
881 1221 945 1306 γάρ
966 1247 1022 1307 μοι
1037 1212 1118 1306 ἦνῆ

116 1326 284 1388 πανοπλία
299 1328 361 1388 τοῦ
376 1318 518 1401 ἀνεψιοῦ
531 1346 570 1407 γε
586 1312 680 1386 οὑσα.
703 1321 758 1386 καὶ
771 1317 865 1405 ὑμεῖς
879 1324 913 1387 οό
925 1318 1019 1387 ἄλλοι
1033 1317 1119 1386 πολὺ

116 1416 274 1504 ἀμείνους
288 1415 382 1496 ὄντες
395 1417 583 1485 ἀπείπασθε
597 1416 658 1485 τόν
673 1415 788 1502 ἀγῶνα
803 1419 858 1484 καὶ
868 1416 1118 1503 παρεχωρήσατε

113 1543 189 1602 μοι,
207 1515 225 1583 ὁ
238 1518 273 1583 δὲ
282 1520 450 1600 Λαέρτου,
463 1512 504 1582 δν
515 1514 578 1601 ε’γώ
589 1517 749 1593 πολλάκις
759 1521 865 1582 ἔσωσα
877 1517 1118 1583 κινδυνεύοντα

116 1614 369 1700 κατακεκόφθαι
389 1612 456 1680 ὑπὸ
478 1622 546 1680 τῶν
565 1622 727 1700 Φρυγῶν,
754 1613 900 1700 ἀμείνων
920 1611 1015 1699 ἠξίου
1034 1612 1119 1682 εἶναι

116 1715 172 1779 καὶ
185 1712 445 1796 ἐπιτηδειότερος
460 1716 547 1796 ἔχειν
559 1709 598 1777 τά
612 1710 707 1779 ὅπλα.

200 1818 230 1877 2.
248 1817 388 1879 ΑΓΑΜ.
411 1816 513 1877 Alani
525 1818 721 1896 τοιγαροῦν,
737 1802 922 1895 ἀγενναῖε,
938 1807 999 1895 τὴν
1010 1814 1118 1899 Θέτιν,

115 1908 138 1998 ἢ
148 1912 226 1978 δέον
238 1912 290 1977 σολ
301 1906 362 1994 τὴν
372 1916 597 1995 κληρονομίαν
608 1914 818 1992 παραδοῦναι
831 1915 899 1976 τῶν
911 1906 1024 1976 ὅπλων
1035 1930 1118 1996 συγ-

115 2023 209 2095 γενεί
221 2034 258 2093 γε
273 2006 362 2091 όντι,
381 2009 531 2094 φέρουσα
545 2010 578 2085 ές
594 2005 631 2074 τό
649 2005 765 2074 κοινόν
781 2011 938 2076 κατέθετο
954 2006 1047 2076 αὑτά.

164 2162 168 2167 .
198 2113 321 2174 ΛΙΑΣ.
358 2102 447 2189 Οὑκ,
475 2102 558 2172 ἀλλά
578 2103 637 2172 τόν
656 2105 828 2192 Ὀδυσσέα,
855 2101 892 2183 δς
914 2102 1118 2192 ἀντεποιήθη

116 2205 227 2290 μόνος.

199 2309 339 2372 ΑΓΑΜ.
363 2302 569 2388 Συγγνώμη,
583 2293 724 2386 ἀΑἷαν,
742 2308 771 2369 εἰ
785 2301 965 2387 ἅνθρωπος
976 2297 1024 2369 ἀν
1035 2298 1118 2385 ἀρέ-

114 2412 180 2489 χθη
195 2402 291 2487 δόξης
309 2397 448 2486 ἡδίστου
463 2398 671 2484 πράγματος,
690 2395 774 2480 ὑπὲρ
796 2392 837 2466 οὑ
857 2402 911 2467 καὶ
925 2397 1021 2484 ἡμῶν
1040 2401 1118 2466 έκα·

117 2522 192 2578 στος
214 2498 395 2576 κινδύνους
420 2496 602 2584 ὑπέμενεν,
629 2498 699 2564 ἐπεὶ
723 2499 777 2564 καὶ
801 2499 962 2584 ἐκράτησέ
980 2519 1043 2564 σου
1063 2499 1118 2564 καλ

48 2620 97 2671 450
114 2604 218 2664 ταῦτα
233 2598 285 2663 ἐπὶ
304 2597 414 2679 Τρωσὶ
430 2599 606 2672 δικασταῖς.

199 2702 322 2762 ΑΙΑΣ.
354 2691 437 2761 Οἶδα
453 2692 534 2778 ἐγώ,
555 2692 625 2780 ἥτις
642 2719 707 2778 μου
727 2699 955 2761 κατεδίκασεν·
985 2691 1058 2762 ἀλλ’
1075 2690 1117 2761 οὑ

114 2797 212 2880 θέμις
222 2797 332 2878 λέγειν
345 2819 378 2860 τι
392 2795 468 2875 περὶ
486 2799 554 2859 τῶν
567 2797 669 2859 θεῶν.
692 2788 752 2857 τόν
769 2791 799 2857 δ’
817 2784 881 2860 οὑν
899 2790 1056 2860 Ὀδυσσέα
1070 2789 1115 2878 μὴ

114 2890 187 2979 οάχὶ
197 2905 307 2978 μισεῖν
318 2888 380 2958 οὑκ
391 2886 435 2957 ἀν
447 2894 622 2976 δυναίμην,
640 2880 665 2954 ἀ
680 2887 894 2975 Ἀγάμεμνον,
907 2886 980 2957 οὐδ’
994 2896 1025 2958 εί
1033 2888 1115 2976 αὕτη

113 3017 170 3078 μοι
184 2985 205 3066 ὑ
217 2986 343 3074 Ἀθηνᾶ
358 2983 448 3055 τοῦτ’
466 2987 636 3054 ἐπιτάττοι.

507 3259 714 3270 ..μ-...ἡ
