2550 3825
157 176 219 239 218
510 176 812 235 AOYKIANOY

157 338 212 403 καὶ
227 334 306 414 τοῦς
322 343 441 422 φίλους
463 334 517 403 διὰ
533 342 631 403 τοῦτο
650 336 766 402 ἑστιῶν
780 336 835 403 καὶ
853 334 1002 421 τοῦνομα
1016 336 1077 399 τοῦ
1092 353 1159 395 πα-

157 431 234 517 τρδς
246 436 435 519 τιθέμενος,
451 440 481 502 εί
491 431 649 520 ἠπίστατο
663 430 705 512 ῶς
717 436 848 523 ἑπτέτης
859 433 1038 520 γενόμενος
1052 424 1069 497 ὁ
1082 441 1160 506 παῖς

157 532 367 619 τεθνήξεται,
393 525 457 618 ἀρα
479 530 522 600 ἀν
536 553 589 599 σοι
606 536 700 600 δοκεῖ
711 540 837 618 χαίρειν
857 529 909 601 ἐπ’
926 528 1015 619 αύτῷ
1029 552 1159 614 γεννω-

157 632 264 720 μένφ;
285 628 369 699 ἀλλά
385 628 420 699 τὸ
443 641 566 716 αίτιον,
588 629 640 700 ὁτι
657 629 717 699 τόν
741 634 802 717 μὲν
817 630 1020 717 εὐτυχοῦντα
1042 630 1092 695 ἐπὶ
1111 632 1158 716 τᾷ

156 731 249 797 παιδὶ
264 732 393 797 ἐκεῖνον
403 727 466 819 ὁρᾷ
481 728 541 797 τὸν
551 736 612 796 τοῦ
623 728 774 814 ἀθλητοῦ
788 733 912 816 πατέρα
926 736 987 796 τοῦ
997 724 1159 811 Ὀλύμπια

157 829 385 912 νενικηκότος,
403 826 463 895 τὸν
476 834 608 914 γείτονα
622 830 659 895 δὲ
672 826 732 897 τὸν
747 833 957 916 ἐκκομίζοντα
972 824 1009 895 τὸ
1026 828 1160 893 παιδίον

159 924 219 1011 ούχ
230 925 291 1015 ὁρᾷ
305 924 384 994 οὐδὲ
395 925 485 994 οἶδεν
496 924 558 1012 ἀφ’
569 930 641 1005 οἵας
654 924 743 1017 αῦτᾷ
758 930 881 1015 κρόκης
891 931 1060 1013 ἐκρέματο.
1080 919 1160 1000 τοῦς

158 1027 221 1112 μὲν
237 1023 302 1111 γάρ
317 1028 392 1112 περὶ
411 1034 478 1093 τῶν
495 1025 585 1110 ὁρων
600 1029 861 1112 διαφερομένους
881 1023 975 1116 ὁρᾷς,
998 1023 1070 1093 ὁσοι
1085 1026 1159 1105 είσί,

90 1145 141 1197 ⁵15
161 1128 216 1193 καὶ
225 1122 304 1203 τοῦς
315 1131 573 1210 συναγείροντας
584 1122 624 1192 τά
634 1126 799 1212 χρήματα,
818 1123 902 1211 εἶτα,
918 1129 997 1209 πρὶν
1011 1121 1161 1191 ἀπολαῦ-

160 1243 215 1291 σαι
230 1221 358 1306 αὐτῶν,
381 1228 607 1309 καλουμένους
624 1221 686 1309 ὑφ’
705 1216 752 1291 ῶν
770 1223 862 1291 εἷπον
879 1231 947 1291 τῶν
962 1221 1110 1309 ἀγγέλων
1125 1244 1160 1285 τε

160 1323 214 1391 καὶ
231 1328 299 1388 τῶν
316 1317 499 1407 ὑπηρετῶν.

245 1425 294 1487 18.
316 1427 412 1487 ΧΑΡ.
437 1418 522 1507 Ὀρῶ
540 1428 643 1489 ταῦτα
663 1422 770 1488 πάντα
791 1423 845 1488 καὶ
865 1417 948 1507 πρὸς
963 1418 1107 1506 ἐμαυτόν
1123 1442 1161 1503 γε

161 1521 266 1586 ἐννοῶ
281 1515 300 1585 ὁ
311 1545 341 1585 τι
353 1517 390 1585 τὸ
401 1516 466 1606 ἡδύ
478 1519 589 1599 αὐτοῖς
600 1518 689 1604 παρὰ
703 1518 763 1586 τὸν
773 1526 848 1605 βίον
860 1514 882 1605 ἦ
897 1526 931 1586 τί
942 1518 1049 1587 ἐκεῖνό
1061 1520 1161 1601 ἐστιν,

162 1609 205 1684 ού
219 1616 411 1701 στερόμενοι
427 1618 682 1703 ἀγανακτοῦσιν.
703 1613 747 1704 ἦν
756 1625 842 1704 γοῦν
852 1615 930 1696 τοῦς
940 1618 1093 1704 βασιλέας
1107 1619 1163 1702 λ’δη

161 1742 210 1793 τις
224 1713 351 1799 αὐτῶν,
374 1720 468 1800 οἵπερ
491 1715 780 1803 εὐδαιμονέστατοι
802 1714 885 1783 εἶναι
901 1719 1075 1801 δοκοῦσιν,
1100 1718 1162 1793 ἔξω

162 1820 221 1879 τοῦ
236 1811 395 1899 ἀβεβαίου
414 1816 469 1880 καὶ
490 1810 533 1892 ῶς
553 1813 618 1900 φης
634 1812 824 1901 ἀμφιβόλου
844 1822 900 1901 τῆς
920 1817 1034 1901 τύχης,
1061 1820 1163 1881 πλείω

162 1919 229 1980 τῶν
242 1907 350 1998 ἡδέων
363 1907 404 1978 τά
420 1908 540 1993 ἀνιαρά
555 1910 690 1998 εὑρήσει
707 1911 875 1999 προσόντα
891 1911 1019 2000 αὐτοῖς,
1034 1915 1163 2001 φόβους

162 2013 217 2078 καὶ
236 2005 379 2095 ταραχάς
399 2013 453 2077 καὶ
473 2017 551 2096 μίση
572 2013 627 2078 καὶ
642 2010 821 2098 ἐπιβουλὰς
838 2015 891 2080 καὶ
912 2009 1013 2098 ἀργὰς
1033 2013 1087 2080 καὶ
1102 2037 1162 2079 κο-

162 2116 308 2188 λακείας·
335 2110 465 2187 τούτοις
485 2107 548 2194 γάρ
568 2108 712 2188 ἅπαντες
728 2111 883 2190 ξύνεισιν.
913 2114 956 2179 ἐῶ
976 2114 1085 2195 πένθη
1108 2111 1162 2177 καὶ

162 2208 284 2285 νόσους
305 2208 359 2275 καὶ
381 2206 476 2293 πάθη
493 2209 525 2286 ἐξ
546 2214 706 2292 ἰσοτιμίας
727 2206 852 2294 δηλαδὴ
870 2207 1012 2294 ἀρχοντα
1034 2206 1162 2274 αύτῶν·

163 2304 250 2373 ὅπου
272 2307 309 2373 δὲ
328 2303 368 2373 τά
387 2304 517 2373 τούτων
536 2306 684 2391 πονηροί,
710 2311 897 2389 λογίζεσθαι
917 2303 1033 2391 καιρὸς
1048 2299 1100 2372 οἷα
1122 2301 1162 2370 τά

163 2415 230 2475 τῶν
243 2412 384 2476 ἰδιωτῶν
399 2403 443 2474 ἀν
457 2418 515 2494 ελη.
540 2413 589 2474 19.
610 2409 716 2475 ἐθέλω
731 2404 767 2473 δ’
781 2400 846 2477 οῦν
861 2426 931 2492 σοι,
947 2399 1100 2492 ῶἙρμᾷ,
1117 2410 1163 2473 εἰ·

163 2521 253 2590 πείν,
275 2498 367 2595 ᾧτινι
382 2507 524 2573 ἐοικέναι
542 2532 599 2591 μοι
618 2511 734 2586 ἔδοξαν
749 2511 783 2574 οί
795 2506 970 2590 ἀνθρωττοι
988 2506 1041 2572 καὶ
1058 2502 1076 2571 ὁ
1092 2508 1165 2591 βίος

164 2602 250 2680 ἀπας
263 2600 382 2672 αῦτῶν.
405 2601 468 2689 ἤδη
482 2603 561 2671 ποτὲ
571 2602 790 2689 πομφόλυγας
802 2605 839 2669 έν
850 2601 946 2670 ῦδατι
957 2601 1087 2671 ἐθεάσω
1097 2598 1163 2668 ύπὸ

96 2718 146 2773 516
165 2707 298 2790 κροννᾷ
312 2726 378 2766 τινι
394 2700 630 2786 καταράττοντι
648 2698 881 2786 ἀνισταμένας;
903 2700 961 2780 τάς
981 2704 1166 2787 φυσαλίδας

163 2799 265 2880 λέγω,
291 2793 350 2881 ἀφ’
377 2788 425 2862 ῶν
451 2801 676 2883 ξυναγείρεται
698 2796 715 2864 ὁ
736 2794 859 2882 ἀφρός·
893 2800 1030 2866 ἐκείνων
1050 2802 1165 2864 τοίνυν

163 2895 249 2970 τινὲς
263 2895 325 2978 μὲν
344 2901 462 2978 μικραί
479 2901 542 2962 είσι
556 2899 609 2962 καὶ
628 2892 746 2963 αὐτίκα
761 2897 947 2981 ἐκραγεῖσαι
962 2893 1166 2982 ἀπέσβησαν,

165 2994 201 3057 αἱ
209 2988 240 3057 δ’
256 2994 308 3058 ἐπὶ
319 2993 420 3058 πλέον
435 2996 608 3076 διαρκοῦσι
620 2995 676 3061 καὶ
689 3000 958 3079 προσχωρουσῶν
972 2989 1087 3070 αὐταῖς
1098 2996 1165 3058 τῶν

163 3086 275 3155 ἀλλων
296 3079 393 3154 αὗται
410 3085 693 3177 ῦπερφνσῶμεναι
713 3093 746 3169 ἐς
760 3093 916 3178 μέγιστον
932 3089 1035 3177 ὄγκον
1050 3099 1167 3176 αίρον-

162 3211 232 3269 ται,
249 3182 316 3251 εἶτα
330 3188 443 3269 μέντοι
457 3184 606 3255 κάκεῖναι
621 3189 754 3268 πάντως
768 3189 992 3276 ἐξερράγησάν
1006 3213 1100 3255 ποτε·
1124 3182 1167 3253 ού

162 3279 227 3368 γάρ
249 3279 372 3351 οἷόντε
391 3282 498 3363 ἄλλως
519 3289 686 3371 γενέσθαι.
722 3289 821 3355 τοῦτό
837 3290 925 3356 ἐστιν
943 3285 960 3354 ὁ
979 3285 1166 3371 ἀνθρῶπον

162 3386 263 3465 βίος·
282 3380 426 3461 ἅπαντες
448 3380 513 3449 ύπὸ
538 3384 726 3469 πνεύματος
751 3385 1022 3470 ἐμπεφυσημένοι
1047 3387 1081 3450 ολ
1102 3382 1166 3467 μὲν
