2550 3825
184 151 247 214 384
540 157 836 215 AOYKIANOY

185 313 333 393 τετράκις
349 316 446 382 πέντε
465 318 755 402 τετταρεσκαίδεκα
776 315 908 392 πάντως
927 317 994 382 ἐστὶ
1012 319 1069 382 καὶ
1091 337 1193 398 μεχρι

185 404 228 476 ἀν
242 407 323 477 ὅτου
337 413 497 500 ἐθελήσῃ,
522 408 574 480 οἷα
591 413 646 480 καί
659 410 680 497 ῆ
694 410 872 498 θαυμαστή
886 419 1068 499 γεωμετρία
1082 423 1192 478 ποιεί·

185 506 320 594 κάκείνη
334 508 400 595 γάρ
413 509 491 588 τούς
507 513 544 577 ἐν
557 508 641 599 ἀρχή
656 508 819 578 ἀλλόκοτά
832 537 907 577 τινα
923 511 1083 597 αἰτήματα
1094 506 1194 593 αἰτή·
1251 538 1252 545 “

122 645 124 651 ·
186 626 270 673 σασα
290 609 346 673 καὶ
365 614 624 692 συγχωρηθῆναι
645 605 729 695 αύτή
748 605 916 686 ἀξιώσασα
932 605 1011 673 οὐδὲ
1027 611 1194 691 συστῆναι
1251 680 1252 687 χ

186 703 374 790 δυνάμενα,
392 707 509 791 σημεῖά
523 731 598 772 τινα
613 703 719 790 ἀμερῆ
733 706 788 771 καὶ
799 702 952 788 γραμμάς
965 702 1120 780 ἀπλατεῖς
1136 704 1190 770 καὶ

185 798 225 870 τά
244 808 397 888 τοιαῦτα,
418 805 471 871 ἐπὶ
486 813 625 887 σαθροῖς
641 816 710 879 τοῖς
723 808 890 886 θεμελίοις
905 803 1036 880 τούτοις
1057 805 1189 869 οἰκοδο-
1251 798 1252 823 ’

186 913 242 986 μεί
253 897 293 966 τά
308 907 444 968 τοιαῦτα
458 928 513 968 και
501 899 658 980 άξιοίεἰ
657 927 673 978 ς
689 897 860 1062 ἀπόδειξιν
873 897 985 1018 ἀληθῆ
998 897 1143 1026 λέγειν’
1123 897 1188 966 από

185 1096 240 1163 καὶ
265 1091 357 1216 ὑμεῖς
382 1094 550 1174 δόντες
514 1123 573 1174 τας
599 1094 701 1180 ἀρχάς
724 1103 781 1182 τῆς
804 1051 1027 1217 προαιρέσεως
1051 1096 1192 1181 ἑκάστης

187 1193 357 1260 πιστεύετε
371 1208 440 1272 τοῖς
456 1197 529 1279 ἑξῆς
548 1197 603 1260 καὶ
622 1195 794 1279 γνώρισμα
815 1201 872 1280 τῆς
896 1192 1055 1280 ἀληθείας
1075 1191 1192 1260 αὐτῶν

185 1288 247 1376 τῆν
261 1288 468 1357 ἀκολουθίαν
482 1287 619 1376 ῆγεῐσθε
634 1289 717 1357 εἶναι
731 1295 839 1375 ψευδῆ
854 1283 978 1358 οὖσαν·
1002 1288 1070 1357 εἰτα
1084 1295 1120 1356 οἰ
1129 1289 1192 1374 μὲν

118 1401 170 1456 818
188 1386 284 1473 ὑμῶν
307 1388 599 1474 ἐναποθνήσκουσι
616 1402 686 1464 ταῖς
705 1391 827 1473 ἐλπίσι,
850 1391 930 1470 πρὶν
946 1393 1029 1456 ἰδεῖν
1044 1384 1193 1472 τάληθὲς

187 1487 242 1554 καὶ
259 1492 468 1571 καταγνῶναι
483 1494 550 1552 τῶν
567 1485 840 1571 ἐξαπατησάντων
856 1487 1010 1570 ἐκείνων,
1025 1489 1059 1552 οἰ
1071 1485 1110 1552 δὲ
1125 1481 1193 1552 κάν

187 1593 372 1653 αἰσθωνται
390 1585 626 1670 ἐξηπατημένοι
641 1583 704 1663 ὀφέ
716 1610 796 1651 ποτε
809 1587 961 1669 γέροντες
973 1582 1036 1670 ήδη
1047 1582 1192 1668 γευόμε-

187 1708 257 1768 νοι,
275 1679 441 1749 ὀκνοῦσιν
452 1680 674 1772 ἀναστρέφειν
689 1683 898 1766 αἰδούμενοι,
924 1688 954 1749 εί
969 1682 1079 1767 δεήσει
1095 1689 1191 1765 τηλι-
1251 1632 1253 1759 6

187 1779 329 1855 τούτους
349 1775 472 1856 αύτούς
492 1777 590 1856 ὄντας
611 1780 914 1865 ἐξομολογήσασθαι
941 1778 992 1846 ότι
1012 1778 1191 1862 πράγματα
1251 1774 1252 1819 ἶ

187 1880 315 1944 παίδων
327 1882 455 1963 ἔχοντες
466 1873 507 1944 ού
518 1883 692 1944 συνίεσαν·
715 1875 798 1944 ὥστε
809 1879 987 1962 ἐμμένουσι
996 1890 1065 1955 τοῖς
1076 1872 1193 1953 αὐτοῖς

186 1972 244 2042 ὑπ’
262 1976 419 2060 αἰσχύνης
433 1978 488 2043 καὶ
502 1978 675 2045 ἐπαινοῦσι
691 1975 731 2043 τά
740 1978 919 2097 παρόντα
916 1978 970 2043 καὶ
985 1973 1132 2053 ὁπόσους
1144 1972 1192 2041 ἀν

187 2072 353 2140 δύνωνται
373 2076 617 2158 προτρέπουσιν
639 2077 691 2141 ἐπι
711 2072 750 2141 τό
768 2072 870 2158 αύτά,
896 2071 939 2151 ὡς
958 2071 1002 2140 ἀν
1021 2073 1067 2159 μή
1088 2075 1191 2159 μόνοι
1251 2033 1253 2182 ῆ

186 2164 460 2289 ἐξηπατημένοι
434 2194 534 2256 ωσιν,
553 2169 636 2241 ἀλλά
651 2178 747 2258 ἔχωσι
758 2178 977 2257 παραμυθιαυ
986 2199 1023 2239 το
1039 2199 1081 2239 κα
1082 2173 1192 2239 ἰ-πολ
1251 2191 1252 2240 λ

185 2266 266 2389 λρύς
284 2272 339 2336 καί
359 2268 481 2353 ἀλλους
500 2267 541 2338 τά
563 2268 660 2355 ὅμοια
682 2279 806 2338 παθεῖν
825 2269 952 2347 αὐτοῖς
983 2273 1038 2338 και
1060 2269 1125 2355 γάρ
1143 2264 1191 2336 αύ
1251 2293 1252 2296 ’

186 2365 319 2434 κάκεῖνο
335 2363 474 2451 ὁρωσιν,
496 2366 546 2436 ότι
561 2363 605 2454 ῆν
619 2366 762 2453 τάληθὲς
777 2378 932 2453 εἰπωσιν,
947 2368 1056 2437 οὐκετι
1071 2372 1189 2454 σεμνοὶ

188 2464 297 2549 ὥσπερ
313 2472 377 2531 νῦν
397 2465 486 2533 κάλ’
467 2466 550 2548 νπὲρ
566 2463 644 2545 τούς
663 2464 808 2546 πολλούς
824 2467 980 2547 δόξουσιν
996 2466 1075 2535 ούδέ
1089 2468 1190 2552 τιμή-

188 2584 302 2631 σονται
316 2561 445 2647 ὁμοίως.
469 2562 531 2632 ούκ
547 2559 590 2630 ἀν
605 2559 668 2632 ούν
683 2566 813 2644 ἑκόντες
828 2574 953 2633 εἰποιεν
971 2565 1108 2649 εἰδότες,
1122 2561 1187 2648 ἀφ’

188 2664 269 2726 οἴων
281 2660 474 2740 ἐκπεσόντες
489 2660 598 2747 ὅμοιοι
613 2677 681 2740 τοῖς
694 2661 806 2740 ἀλλοις
824 2664 987 2743 δόξουσιν.
1017 2660 1140 2746 ὀλίγοις
1153 2660 1186 2727 δ’

186 2753 230 2824 ἀν
244 2757 335 2824 πάνυ
357 2759 504 2846 ἐντύχοις
520 2756 579 2826 ὑπ’
594 2758 748 2845 ἀνδρείας
766 2768 910 2845 τολμῶσι
922 2764 1033 2845 λέγειν
1047 2758 1098 2825 ὅτι
1113 2761 1188 2842 ἐξη-

186 2853 347 2938 πάτηνται
366 2858 420 2922 καί
440 2854 518 2933 τούς
536 2855 691 2936 ἄλλους’
672 2862 870 2982 ἀποτρέπειν
886 2864 954 2925 τῶν
973 2855 1099 2942 ὁμοίων
1114 2879 1189 2923 πει-

185 2954 364 3036 ρωμέυους.
388 2950 460 3020 εἰδ’
478 2948 541 3020 οὖν
557 2982 622 3022 τινι
633 2956 771 3047 τοιούτφ
786 2954 950 3041 εὐτύχοις,
968 2953 1138 3040 φιλαλήθη
1152 2980 1188 3019 τε

117 3065 168 3120 819
187 3049 281 3117 κάλει
294 3046 355 3116 τόν
370 3058 523 3119 τοιοῦτον
536 3056 590 3121 καὶ
602 3051 745 3139 χρηστόν
758 3055 814 3121 ’καλ
827 3058 957 3121 δίκαιον
971 3059 1042 3135 καί,
1061 3078 1078 3117 ε
1078 3052 1190 3138 ἰβού-

186 3154 251 3232 λει,
267 3146 535 3233 φιλόσοφον·ού
549 3148 613 3234 γάρ
625 3145 668 3216 ἀν
681 3149 889 3269 φθονήσαιμι
902 3150 1009 3239 τούτῳ
1021 3147 1115 3237 μόνφ
1126 3157 1189 3216 τοῦ

186 3241 364 3330 ὀνόματος·
398 3244 480 3313 οἷδ’
498 3245 592 3315 άλλοι
613 3243 633 3366 ῆ
630 3245 757 3314 ούδευ
771 3245 895 3333 ἀληθὲς
908 3256 1020 3316 ἰσασιν
1040 3244 1187 3331 οἰόμενοι

159 3337 344 3408 εἰδέναι
321 3369 343 3426 η
359 3367 374 3408 ε
375 3341 511 3422 ἰδότες’
491 3344 759 3426 αποκρύπτονται
776 3342 842 3411 ὑπὸ
860 3348 983 3421 δειλίας
1002 3347 1057 3411 καί
1072 3342 1188 3429 αἰσχύ
