2550 3825
340 186 563 250 ENAAIOI
587 192 849 251 ΔΙΑΛΟΓΟΙ.
1037 191 1096 255 117

179 356 282 417 ΔέδΡ.
301 356 343 418 Τί
350 342 432 432 ούνς
448 353 542 420 εἶκαὶ
555 357 615 417 τού
626 347 711 428 Διὸς
722 348 826 417 αύτού
838 365 914 429 παῖς
926 346 974 418 ῶν
984 351 1099 436 άμριος

2 453 7 464 ’
99 445 185 513 οὕτω
201 449 255 514 καὶ
269 447 383 525 λάσιος
399 450 553 534 ἐφαίνετο
569 453 627 515 καί
631 498 640 529 ,
656 445 692 515 τδ
706 449 842 515 πάντων
853 446 1096 535 άμορφότατον,

98 544 352 632 μονόφθαλμος,
376 555 438 614 οἴει
458 544 494 614 τό
518 550 614 633 γένος
635 545 687 612 άν·
699 572 730 613 τι
752 544 869 632 ὀνῆσαι
891 544 994 614 αύτόν
1014 545 1098 629 πρὸς

98 641 158 729 τὴν
175 644 324 730 μορφήν;

179 747 278 809 ΓΑΛ.
310 738 399 808 Οὐδὲ
414 740 451 809 τό
467 742 584 809 λάσιον
598 740 703 809 αὐτοῦ
720 748 778 809 καί
782 793 792 827 ,
813 739 858 820 ῶς
875 742 957 829 φής,
978 741 1097 827 άγριον

97 839 251 926 άμορφόν
266 843 355 908 ἐστιν
369 881 410 892 -
427 837 595 924 ἀνδρῶδες
607 842 672 926 γάρ
686 838 762 907 -ό
779 866 814 907 τε
832 835 1008 926 ὀφθαλμός
1024 842 1095 905 ἐπι-

97 940 213 1023 πρέπει
224 945 269 1028 τῶ
279 937 418 1029 μετῶπφ
430 935 531 1004 ούδδν
542 939 752 1022 ἐνδεέστερον
764 933 884 1023 ὁρῶνῆ
896 943 925 1004 ελ
932 935 987 1003 δύ’
997 928 1093 1023 ἦσαν.

180 1041 281 1104 ΛΩΡ.
295 1033 444 1119 Ἔοικας,
463 1027 679 1120 ῶΓαλάτεια,
697 1033 759 1101 ούκ
771 1032 912 1120 ἐραστὴν
926 1029 999 1101 ἁλλ’
1012 1033 1096 1120 ἐρῶ·

98 1163 199 1224 μενον
215 1143 300 1222 ἔχειν
315 1133 377 1203 τόν
389 1134 617 1219 Πολύφημον,
636 1131 690 1200 ola
706 1136 850 1211 ἐπαινεῖς
864 1131 976 1200 αὐτόν.

180 1241 209 1303 2.
232 1241 332 1304 ΓΑΛ.
356 1232 428 1303 Ούκ
445 1233 629 1319 έρῶμενον,
652 1231 735 1301 άλλά
750 1230 788 1300 τδ
809 1233 900 1300 πάνυ
920 1229 1096 1298 όνειδιστι-
1113 1250 1164 1305 239

96 1334 159 1403 κόν
173 1339 270 1401 τοῦτο
286 1331 327 1401 ού
342 1338 433 1419 φέρω
449 1329 562 1418 ὑμῶν,
587 1338 646 1399 καί
659 1359 715 1418 μοι
732 1336 857 1399 δοκεῖτε
872 1327 938 1396 ύπδ
959 1328 1095 1414 φθόνου

96 1430 177 1500 αὐτδ
189 1445 313 1517 ποιεῖν,
325 1429 376 1502 ὅτι
387 1437 574 1517 ποιμαίνων
585 1430 664 1498 ποτὲ
674 1427 739 1498 άπδ
752 1437 810 1516 τῆς
825 1434 949 1513 σκοπῆς
959 1427 1095 1507 παιζού-

96 1551 155 1608 σας
166 1526 252 1616 ἡμάς
262 1527 344 1596 λδῶν
354 1532 406 1597 ἐπὶ
419 1536 475 1614 τῆς
492 1525 592 1616 η’όνος
607 1531 644 1596 έν
654 1542 722 1607 τοῖς
735 1527 879 1612 πρόποσι
892 1531 949 1611 τῆς
962 1533 1094 1610 Αἴτνης,

96 1626 176 1695 καθ’
191 1624 211 1693 δ
222 1623 343 1712 μεταξύ
355 1633 415 1694 τοῦ
428 1624 528 1711 ὅρους
541 1628 663 1712 καὶτῆς
676 1625 842 1709 θαλάττης
852 1621 1000 1708 αἰγιαλὸς
1010 1619 1096 1689 άπο-

96 1724 295 1810 μηκύνεται,
311 1722 398 1810 ὑμᾶς
409 1727 470 1810 μὲν
484 1723 562 1792 ου’δὲ
575 1727 815 1810 προσέβλεψεν,
831 1719 895 1808 έγῶ
908 1721 944 1789 δὲ
959 1723 991 1801 ἐξ
1007 1719 1095 1788 άπα-

96 1829 166 1888 σῶν
180 1819 201 1907 ἡ
218 1827 373 1907 καλλίστη
389 1826 500 1908 έδοξα,
516 1824 571 1890 καὶ
584 1822 672 1909 μόνη
686 1823 757 1906 ἐμοὶ
770 1824 875 1906 ἐπεῖχε
888 1818 948 1888 τόν
962 1816 1095 1906 ὀφθαλ-

95 1920 170 2006 μόν.
193 1928 295 1987 ταῦτα
307 1918 497 2011 ύμάςάνιᾷ·
521 1921 729 2009 δεῖγμαμάρ,
748 1918 792 2000 ῶς
802 1917 948 2007 ἀμείνων
963 1923 1027 2006 εἰμὶ
1041 1921 1094 1987 καὶ
1128 1911 1132 1920 ’

96 2017 301 2104 ἀξιέραστος,
319 2016 412 2105 ὑμεῖς
428 2019 464 2085 δὲ
480 2021 696 2105 παρώφθητε.
848 2099 851 2106 .

179 2122 282 2185 ΔΩΡ.
309 2122 353 2183 Εἰ
377 2118 509 2203 ποιμένι
531 2119 585 2184 καὶ
606 2120 714 2184 ἐνδεεῖ
736 2113 798 2202 τὴν
814 2113 894 2196 ὄψιν
913 2115 996 2203 καλὴ
1019 2120 1095 2184 έδο-

96 2222 166 2296 ξας,
188 2218 372 2302 ἐπίφθονος
394 2225 456 2284 οῖει
477 2220 664 2302 μεμονέναις
695 2222 799 2283 καίτοι
821 2222 855 2283 τί
879 2214 960 2283 άλλο
983 2218 1019 2282 ε’ν
1043 2217 1095 2282 σοὶ

95 2319 265 2383 ἐπαινέσαι
286 2313 372 2400 εἶχεν
392 2312 414 2401 ἢ
433 2312 470 2382 τό
492 2313 614 2383 λευκὸν
630 2316 752 2400 μόνονς
782 2316 836 2382 καὶ
854 2321 969 2398 τούτο,
993 2312 1093 2398 οἶμαι,

95 2411 146 2480 ὅτι
160 2411 309 2498 ξυνήθης
319 2415 386 2480 ἐστὶ
400 2420 490 2502 τυρῷ
501 2414 556 2480 καὶ
566 2412 721 2497 γάλακτι·
743 2410 851 2478 πάντα
866 2403 930 2478 ούν
944 2409 984 2478 τὰ
997 2409 1093 2497 ὅμοια

94 2510 223 2589 τούτοις
236 2508 362 2597 ἡγεῖται
376 2511 469 2578 καλά.
492 2516 521 2578 3.
544 2512 612 2578 ἐπεὶ
627 2510 667 2576 τά
682 2535 720 2595 γε
737 2508 820 2577 άλλα
835 2507 961 2575 ὁπόταν
975 2508 1094 2593 ἐθελή-

94 2629 153 2697 σῃς
169 2619 308 2695 μαθεῖν,
330 2611 383 2675 οἵα
404 2608 577 2695 τυγχάνεις
591 2601 676 2675 ούσα
694 2605 756 2693 ιτὴν
769 2605 864 2689 ὄψιν,
887 2602 951 2672 άπδ
973 2607 1092 2690 πέτρας
1111 2623 1162 2677 290

93 2708 200 2793 τινός,
226 2718 356 2775 εἴποτε
374 2706 502 2793 γαλήνη
523 2716 590 2791 εἴη,
615 2706 804 2787 ἐπικύψασα
825 2707 857 2782 ἐς
876 2701 913 2771 τό
937 2702 1029 2788 ὕδωρ
1044 2704 1093 2772 ἰδὲ

94 2803 237 2891 σεαυτὴν
252 2803 352 2873 οὐδὲν
363 2802 443 2871 άλλο
458 2799 479 2890 ἢ
493 2803 597 2889 χρόαν
608 2802 732 2891 λευκὴν
743 2802 903 2889 ἀκριβῶς·
926 2797 988 2868 ούκ
1000 2805 1093 2868 ἐπαι-

92 2919 197 2973 νεῖται
212 2906 248 2979 δὲ
262 2910 377 2988 τούτο,
400 2897 444 2987 ἢν
458 2899 502 2987 μὴ
518 2903 681 2989 έπιπρέπη
696 2898 787 2989 αύτῷ
801 2902 855 2969 καὶ
874 2894 910 2965 τό
928 2898 1089 2985 ἐρύθημα.

176 3008 275 3070 ΓΑΛ.
298 3003 363 3069 Καὶ
373 2998 439 3086 μὴν
453 2997 518 3085 έμῶ
532 2996 624 3086 μὲνὴ
639 2998 789 3085 άκράτως
800 2995 901 3084 λευκὴ
916 2995 1005 3084 ὅμως
1015 2999 1092 3081 έρα-

92 3098 174 3185 στὴν
189 3104 250 3185 ἔχω
265 3096 330 3166 κάν
343 3105 479 3181 τούτου,
502 3095 597 3182 ὑμῶν
618 3097 655 3165 δὲ
670 3095 732 3166 ούκ
745 3104 835 3165 ἔστιν
847 3095 966 3183 ἥντινα
979 3090 1000 3182 ἢ
1017 3121 1092 3162 ποι-

90 3195 159 3284 μὴν
172 3192 195 3283 ἦ
211 3193 369 3283 ναύτηςῆ
386 3193 560 3283 πορθμεύς
575 3201 705 3265 ἐπαινεῖ
711 3224 717 3236 ·
749 3195 766 3264 ὁ
785 3199 825 3264 δέ
835 3222 873 3284 με
887 3196 1091 3282 Πολύφημος

90 3293 130 3361 τό
145 3320 182 3361 τε
197 3293 280 3364 άλλα
295 3297 349 3362 καλ
364 3292 523 3381 μουσικός
538 3296 614 3361 ἐστι.

174 3396 205 3458 4.
227 3399 330 3461 ΔΩΡ.
358 3392 494 3477 Σιύπα,
522 3384 548 3458 ῶ
568 3393 745 3461 Γαλάτεια·
774 3390 965 3478 ἠκούσαμεν
986 3391 1091 3462 αύτού
