2550 3825
434 161 744 220 ΕΡΜΟΤΙΜΟΣ.
1027 159 1091 226 339

92 310 184 408 νονῇ
200 321 319 387 ἕκαστα
331 325 411 404 ἔχει·
433 318 601 397 πλούτους
612 321 649 387 δὲ
659 321 714 400 καὶ
724 320 821 400 δόξας
834 323 888 387 καί
901 316 1026 406 ἡδονὰς
1036 321 1091 388 καλ

91 416 151 486 όσα
162 425 223 485 τοῦ
234 416 399 503 στόματος,
416 425 518 485 ταῦτα
529 418 639 484 πάντα
649 419 740 485 κάτω
748 416 908 504 ἀφελςκαλ
918 416 1091 485 ἀποδυσό-

91 541 188 602 μενος
198 513 377 602 ἀνέρχεται,
388 513 498 600 ῶσπερ
510 516 590 601 φασὶ
600 513 660 583 τόν
670 514 830 599 Ἡρακλέα
842 519 879 583 ἐν
889 522 929 603 τῇ
938 523 1019 602 Οίτη
1030 542 1091 581 κα-

91 615 299 682 τακαυθέντα
313 611 398 681 θεόν
413 615 587 699 γενέσθαι·
620 615 675 681 καλ
689 613 753 699 γὰρ
770 617 894 691 ἐκεῖνος
908 609 1088 699 ἀποβαλών
1106 632 1157 688 747

92 711 216 779 ὁπόσον
235 709 451 796 ἀνθρῶπειον
466 709 529 797 εἶχε
549 708 639 795 παρά
655 719 713 797 τῆς
727 710 850 798 μητρός
864 714 919 779 καὶ
936 710 1091 797 καθαρόν

91 811 192 877 τεκαὶ
208 806 374 896 ἀκήρατον
390 812 504 895 φέρων
514 807 551 876 τό
566 818 665 876 θεῖον
675 807 836 877 ἀνέπτατο
851 813 883 887 ἐς
894 807 973 887 τούς
986 805 1091 885 θεοὺς

92 908 328 992 διευκρινηθὲν
344 904 410 974 ὑπό
422 914 483 975 τοῦ
497 907 614 990 πυρός.
636 910 692 975 καὶ
710 899 802 974 οὖτοι
818 905 858 993 δη
869 903 935 974 ὑπό
951 915 1090 992 φιλοσο-

91 1010 168 1089 φίας
184 1002 294 1087 ῶσπερ
306 1001 373 1072 ὑπό
384 1031 472 1083 τινος
484 1003 590 1089 πυρός
599 1003 730 1072 ἅπαντα
740 1011 843 1072 ταῦτα
858 1007 1090 1089 περιαιρεθέν-

90 1127 158 1187 τες,
174 1098 273 1179 δι’τοῑς
284 1100 395 1181 ἀλλοις
404 1100 583 1189 θαυμαστὰ
598 1101 683 1170 είναι
695 1108 788 1172 δοκεῖ
795 1101 856 1170 οὐκ
870 1100 981 1187 ὀρθῶς
992 1101 1090 1181 δοξά-

92 1205 220 1281 ζουσιν,
237 1197 437 1279 ἀνελθόντες
453 1202 505 1268 ἐπὶ
515 1198 551 1268 τό
568 1198 675 1284 ἀκρον
691 1197 927 1287 εὐδαιμονοῦσι
942 1201 1089 1268 πλοότου

90 1301 144 1366 καλ
159 1297 256 1384 δόξης
269 1301 324 1369 καλ
337 1298 469 1385 ἡδονῶν
479 1298 553 1367 ἀλλ’
565 1297 645 1368 οὐδὲ
658 1300 859 1386 μεμνημένοι
871 1303 936 1383 ίτι,
950 1322 1088 1382 καταμε-

93 1403 211 1474 λῶντες
226 1396 262 1463 δὲ
277 1405 344 1464 τῶν
358 1401 521 1485 οίομένων
534 1405 637 1465 ταῦτα
652 1396 745 1466 εἶναι.

172 1501 202 1562 8.
218 1502 317 1566 AYK.
331 1494 386 1582 Νὴ
397 1494 457 1565 τόν
466 1493 640 1581 Ἡρακλέα,
657 1488 875 1582 ῶἙρμότιμε,
888 1492 947 1562 τόν
958 1497 994 1562 ἐν
1007 1501 1089 1581 Οίτη

90 1589 225 1675 ἀνδρεῖα
246 1595 300 1660 καὶ
325 1590 505 1680 εὐδαίμονα
521 1598 626 1680 λέγεις
648 1595 723 1679 περὶ
743 1591 864 1660 αὐτῶν.
897 1590 985 1678 πλὴν
1005 1589 1088 1660 ἀλλά

89 1688 165 1755 τόδε
180 1714 236 1774 μοι
250 1695 336 1776 είπέ,
364 1695 419 1760 καλ
440 1696 654 1779 κατέρχονταί
672 1715 752 1757 ποτε
772 1693 806 1757 ἐκ
823 1699 881 1776 τῆς
895 1689 1014 1774 ἀκρας,
1046 1685 1090 1774 ἦν

92 1785 289 1872 ἐθελήσωσι,
311 1790 509 1876 χρησόμενοι
528 1803 595 1867 τοῖς
613 1789 703 1858 κάτῶ
723 1781 1089 1872 ἀκαταλελοίπασιν,ἦ

90 1881 218 1970 ἀνάγκη
234 1883 320 1965 ἅπαξ
334 1885 537 1967 ἀνελθόντας
551 1884 674 1967 αὐτοὺς
686 1889 799 1974 μένειν
813 1889 867 1955 καὶ
882 1901 1032 1955 συνεῖναι
1047 1891 1088 1972 τῇ

90 1980 190 2070 ἀρετῇ
204 1984 352 2052 πλούτου
365 1989 420 2055 καὶ
435 1986 531 2073 δόξης
546 1990 600 2055 καὶ
615 1984 749 2072 ἡδονῶν
766 1992 1030 2071 καταγελῶνταςς

176 2088 278 2149 ΕΡΜ.
301 2080 352 2149 Οὐ
362 2083 468 2168 μόνον
478 2093 592 2169 τοῦτο,
610 2078 637 2151 ῶ
650 2092 791 2168 Λυκῖνε,
808 2082 882 2151 ἀλλ’
894 2081 931 2161 ὃς
944 2079 988 2149 ἀν
1002 2079 1088 2148 ἀπο-

90 2186 231 2267 τελεσθῇ
245 2177 328 2265 πρὸς
344 2178 481 2267 ἀρετήν,
500 2180 576 2249 οὔτε
590 2180 673 2269 ὀργῇ
684 2179 761 2248 οὔτε
772 2182 868 2269 φόβφ
883 2177 954 2247 οὔτ’
967 2182 1086 2247 ἐπιθυ-

90 2287 178 2363 μίαις
192 2275 210 2345 ὁ
226 2285 374 2357 τοιοῦτος
391 2274 434 2346 ἀν
449 2281 619 2366 δουλεύοι,
644 2278 722 2348 οὐδὲ
735 2288 887 2363 λυποῖτο,
912 2276 990 2345 οὐδὲ
1004 2276 1089 2355 όλως

90 2372 201 2452 πόθος
214 2379 261 2441 ἔτι
276 2382 430 2442 τοιοῦτον
444 2376 550 2444 πάθοι
565 2377 616 2445 ἀν.

173 2478 272 2540 ΛΤΚ.
296 2474 361 2539 Καὶ
375 2471 441 2558 μὴν
459 2484 492 2542 εί
501 2477 541 2559 γέ
552 2501 593 2561 με
609 2476 773 2562 δείμηδὲν
784 2473 971 2560 ὀκνήσαντα
985 2479 1088 2540 εἰπεῖν

89 2570 232 2658 τάληθές
244 2612 282 2625 -
296 2569 371 2641 ἀλλ’
389 2572 550 2660 εὐφημεῖν
570 2575 648 2661 χρή,
670 2572 776 2660 οἶμαι,
798 2572 879 2658 μηδὲ
893 2570 988 2639 όσιου
1005 2569 1089 2639 είναι

91 2671 251 2751 ἐξετάζειν
266 2668 307 2739 τά
321 2668 386 2738 ὑπό
401 2680 470 2740 τῶν
484 2680 600 2758 σοφῶν
617 2672 807 2759 γιγνόμενα.

173 2777 276 2838 ΕΡΜ.
298 2774 488 2856 Μηδαμῶς,
505 2768 577 2840 ἀλλ’
594 2774 664 2840 είπὲ
677 2769 697 2838 ό
710 2797 742 2837 τι
756 2773 810 2838 καὶ
824 2772 937 2857 λέγεις.

174 2874 274 2936 ΛΤΚ.
289 2866 388 2955 Ὅρα,
406 2862 432 2936 ῶ
450 2873 572 2955 ἑταῖρε,
591 2866 634 2947 ῶς
650 2874 754 2954 ἔγωγε
767 2870 821 2936 καλ
835 2869 925 2935 πάνυ
940 2864 1039 2936 ὀκνῶ.

174 2973 276 3034 ΕΡΜ.
308 2965 403 3035 Ἀλλά
418 2966 462 3054 μη
479 2966 585 3052 όκνει,
612 2960 799 3052 ῶμενναίε,
828 2967 910 3051 πρός
929 2994 967 3052 με
983 2966 1088 3053 μόνον

89 3063 146 3150 ἐμὲ
161 3066 276 3149 λέγων.

175 3168 205 3228 9.
220 3169 318 3230 AYK.
340 3162 388 3230 Τὰ
398 3165 460 3250 μὲν
471 3173 586 3232 τοίνυν
596 3164 696 3250 ἀλλα,
712 3156 739 3233 ῶ
748 3161 936 3251 Ἑρμότιμε,
952 3168 1090 3250 διηγου-

89 3264 179 3351 μένῳ
190 3280 242 3329 σοι
257 3264 466 3349 παρειπόμην
476 3266 530 3331 καὶ
544 3266 717 3332 ἐπίστευον
727 3260 833 3341 οὕτως
844 3267 947 3348 ἔχειν,
961 3262 1088 3348 σοφούς
1106 3255 1158 3340 τις

88 3386 125 3426 τε
140 3367 314 3446 γίγνεσθαι
332 3359 454 3439 αὐτοὺς
473 3365 528 3431 καὶ
548 3360 723 3449 ἀνδρείους
742 3360 797 3429 καὶ
817 3366 965 3513 δικαέιέης
979 3363 1032 3429 καὶ
1048 3360 1088 3428 τδ
