2550 3825
176 176 218 237 46
524 176 827 235 AOYKIANOP

177 333 208 402 δ’
224 339 365 423 έμπαλιν
379 334 495 421 ἰξώδης
511 360 546 400 τε
561 337 614 402 καὶ
626 330 768 420 εὐλαβὴς
777 334 832 399 καὶ
844 336 946 417 μυρία
957 329 997 399 τά
1010 327 1170 417 ἄγκιστρα

177 432 387 519 ἐκπεφυκότα
398 430 585 511 έξάπαντος
596 438 657 499 τοῦ
667 430 817 517 στόματος
828 435 959 515 ἔχουσα,
976 426 1020 507 ὡς
1030 428 1172 513 πλησιό·

176 552 297 610 σαντας
312 529 417 609 εάθάς
434 536 568 617 ἔχεσθαι
585 527 697 617 καὶμὴ
713 535 798 615 ἔχειν
808 532 930 617 ῥαδίως
944 526 1168 614 ἀπολυθῆναι.

113 650 160 704 143
176 626 259 697 ἀλλά
276 626 398 715 μεταξδ
415 636 650 715 φλυαροῦντας
663 625 748 714 ἡμᾶς
763 634 898 713 πρᾶγμα
914 625 977 714 ἤδη
994 625 1033 694 οὐ
1052 623 1175 712 μικρὸν

178 730 321 797 διέλαθε.
384 774 386 779 -

259 817 420 893 ΠΛΟΥΤ.
447 821 492 891 Τό
509 836 624 903 nolon

260 931 364 993 EPM.
380 922 451 991 Ὅτι
466 919 526 989 τόν
537 930 717 1007 Θησανρον
728 916 790 987 οὐκ
802 918 1053 1005 ἐπηγαγόμεθα,
1068 910 1174 1002 οὗπερ

177 1027 244 1091 ἔδει
257 1022 407 1108 μάλιστα.

130 1162 132 1169 -
262 1124 312 1187 30.
344 1125 507 1187 ΠΛΟῬΤ.
541 1118 665 1201 Θάρρει
686 1115 809 1183 τούτου
827 1142 867 1201 γε
883 1117 997 1184 ἕνεκα·
1025 1119 1063 1184 ἐν
1076 1125 1116 1207 τῇ
1130 1126 1174 1206 γῇ

177 1213 282 1284 αὐτόν
302 1212 352 1284 ἀεὶ
372 1222 578 1283 καταλείπων
593 1212 772 1299 ἀνέρχομαι
786 1210 871 1298 πρός
887 1211 975 1300 ὑμᾶς
991 1216 1174 1300 ἐπισκήψας

179 1318 277 1383 ένδον
299 1316 412 1398 μένειν
434 1313 707 1397 ἐπικλεισάμενον
728 1308 791 1397 τὴν
811 1312 942 1397 θόραν,
969 1312 1116 1399 ἀνοίγειν
1137 1314 1174 1380 δέ

178 1416 313 1499 μηδενί,
334 1407 378 1497 ἢν
394 1408 438 1497 μὴ
453 1407 581 1499 ἀκοόση
594 1412 677 1495 ἐμοῦ
693 1410 886 1496 βοήσαντος.

263 1516 367 1579 ΕΡΜ.
395 1506 532 1577 Οὐκοῦν
547 1510 768 1595 ἐπιβαίνωμεν
780 1505 845 1594 ἤδη
861 1516 918 1595 τῆς
928 1506 1088 1595 Ἀττικῆς·
1119 1516 1177 1577 καί

179 1634 235 1695 μοι
250 1610 334 1675 ἕπον
346 1606 500 1691 ἐχόμενος
510 1611 568 1692 τῆς
577 1606 759 1691 χλαμύδος,
777 1604 853 1691 ἀχρι
862 1602 906 1673 ἀν
916 1604 1069 1693 πρδςτην
1078 1609 1174 1693 ἐσχα-

178 1706 254 1775 τιάν
268 1703 444 1790 ἀφίκωμαι.

261 1810 423 1871 ΠΛΟΤΤ.
456 1794 509 1869 Εό
531 1815 652 1887 ποιεῖς,
675 1796 831 1891 ῶἙρμῆ,
853 1811 1081 1891 χειραγωγῶν·
1105 1807 1174 1873 ἐπεὶ

178 1900 220 1991 ἤν
237 1929 275 1990 γε
289 1899 450 1988 ἀπολίπῃς
469 1926 525 1985 με,
537 1898 726 1991 Ὑπερβόλῳ
742 1901 824 1988 τάχα
838 1898 1000 1988 η’Κλέωνι
1012 1905 1175 1990 ἐμπεσοῦ-

112 2027 162 2079 ιςς
179 2027 238 2089 μαι
255 2005 468 2082 περινοστῶν.
502 1996 585 2066 ἀλλά
599 2005 648 2077 τίς
664 1996 682 2066 ό
699 1998 808 2086 ψόφος
823 1992 921 2078 οὗτός
933 2003 1002 2068 έστι
1019 2003 1173 2087 καθάπερ

180 2097 321 2184 σιδήρου
337 2093 421 2181 πρδς
436 2102 544 2163 λίθον.

263 2202 313 2264 31.
346 2202 450 2263 EPM.
467 2191 503 2262 ‘0
523 2199 635 2279 Τίμων
651 2191 764 2262 οὑτοσί
778 2195 914 2263 σκόπτει
928 2202 1070 2281 πλησίον
1085 2193 1175 2282 όρει-

178 2290 242 2362 νδν
259 2297 314 2362 καὶ
328 2291 497 2361 ὑπόλιθον
510 2292 637 2378 γήδιον.
666 2308 788 2378 παπαί,
811 2292 899 2380 καὶὴ
914 2301 1020 2362 Πενία
1035 2295 1176 2381 πάρεστι

179 2396 234 2462 καὶ
255 2390 272 2460 ὁ
287 2392 399 2471 Πόνος
415 2395 555 2476 ἐκεῖνος,
575 2387 597 2476 ἡ
614 2399 779 2475 Καρτερία
800 2418 836 2460 τε
850 2391 938 2478 καὶὴ
957 2400 1068 2479 Σοφία
1082 2395 1138 2460 καὶ
1153 2390 1175 2477 ἡ

174 2488 326 2576 Ἀνδρεία
343 2487 428 2558 καὶὸ
446 2497 595 2568 τοιοῦτος
616 2486 712 2575 όχλος
727 2498 795 2558 τῶν
808 2488 874 2558 ὑπὸ
890 2498 936 2581 τῷ
950 2498 1045 2581 Λιμῷ
1059 2516 1177 2558 ταττο·

179 2592 289 2674 μένων
311 2585 485 2673 ἀπόντων,
507 2586 593 2654 πολύ
613 2585 770 2673 ἀμείνους
788 2595 857 2655 τῶν
875 2595 946 2654 σῶν
961 2588 1174 2673 δορυφόρων.

262 2691 423 2753 ΠΛΟῬΤ.
466 2690 509 2752 Τί
527 2678 591 2752 οόν
612 2685 676 2752 οὐκ
697 2683 992 2771 ἀπαλλαττόμεθα,
1021 2678 1175 2771 ῶἙρμῆ,

179 2779 241 2868 την
260 2789 431 2866 ταχίστηνς
457 2779 499 2848 οό
512 2779 577 2868 γάρ
594 2781 637 2848 ἀν
651 2809 682 2848 τι
695 2779 789 2869 ἡμεῖς
805 2784 986 2869 δράσαιμεν
1000 2780 1177 2868 ἀξιόλογον

179 2879 374 2968 πρόςάνδρα
385 2877 451 2946 όπδ
462 2881 662 2965 τηλικούτου
670 2885 895 2962 στρατοπέδου
905 2882 1175 2966 περιεσχημένον.

262 2984 365 3044 ΕΡΜ.
387 2977 513 3056 ’Ἀλλως
528 2982 618 3057 ἔδοξε
633 2984 679 3068 τῷ
686 2984 760 3046 Διί·
781 2980 827 3065 μη
842 2976 1083 3063 ἀποδειλιῶμεν
1100 2971 1175 3046 οὖν.

114 3097 161 3149 145
258 3078 313 3149 32.
335 3083 439 3143 ΠΕΝ.
455 3082 523 3143 Ποῖ
530 3083 651 3143 τοῦτον
662 3073 810 3162 ἀπάγεις,
829 3068 1093 3163 ῶἈργειφόντα,
1107 3100 1180 3161 χει-

181 3182 361 3260 mmmm

265 3278 366 3344 ΕΡΜ.
389 3269 463 3339 Ἐπὶ
486 3273 618 3340 τουτονὶ
640 3269 699 3340 τόν
719 3279 853 3358 Τίμωνα
874 3274 1093 3360 ἐπέμφθημεν
1110 3259 1181 3339 ἀπὸ

179 3375 240 3438 τοῦ
257 3369 348 3442 Διός.
