2550 3825
177 157 239 223 278
537 163 824 222 AOYKIANOY

260 327 396 390 ΚΛΩΘ.
418 328 493 389 Ποῦ
509 319 539 388 δ’
558 325 591 390 οί
606 323 681 404 περὶ
695 327 753 406 τῆς
768 327 936 407 βασιλείας
949 319 1007 389 ὑπ’
1025 318 1180 404 ἀλλήλων

176 413 422 498 ἀποθανόντεςς

259 523 362 584 ΕΡΜ.
383 522 602 598 Παρεστᾶσιν.
1179 560 1181 563 -

258 620 394 682 ΚΛΩΘ.
411 609 448 680 Ὁ
465 609 495 678 δ’
509 609 576 678 ὑπὸ
592 617 654 678 τοῦ
664 617 782 696 μοιχοῦ
796 615 851 679 καὶ
866 619 924 698 τῆς
937 610 1097 697 γυναικδς
1112 637 1180 697 φο-

175 718 327 792 νευθείς;

258 814 361 876 ΕΡΜ.
382 805 467 876 Ἰδού
483 827 536 873 σοι
553 813 703 890 πλησίον.

257 912 392 974 mm.
416 901 502 982 Τούς
513 906 548 972 ἐκ
560 907 782 988 δικαστηρίων
794 907 875 989 δῆτα
886 903 1076 990 παράγαγε,
1091 905 1178 990 λέγω

106 1019 158 1073 628
177 1001 216 1091 δὴ
231 1000 310 1082 τούς
327 1005 363 1071 ἐκ
377 1003 554 1089 τυμπάνου
567 1003 621 1070 καὶ
631 998 710 1080 τούς
721 999 1072 1087 ἀνεσκολοπισμένους.
1096 1007 1130 1070 οἱ
1143 999 1175 1069 δ’

174 1100 239 1170 ὑπὸ
257 1108 388 1190 ληστοίν
399 1100 629 1179 ἀποθανόντες
641 1104 815 1169 ἑκκαίδεκα
825 1107 892 1169 πού
907 1108 1006 1187 εἰσιν,
1025 1095 1160 1188 άἘρμῆ
1169 1133 1178 1181 ;

256 1209 360 1270 ΕΡΜ.
384 1202 545 1285 Πάρεισιυ
561 1205 631 1269 οἵδε
653 1206 687 1268 οί
706 1208 920 1288 τραυματίαι,
942 1199 987 1279 εδς
1001 1198 1089 1291 ὁρᾷς.
1117 1201 1178 1280 τάς

174 1302 210 1367 δὲ
223 1313 384 1385 γυναῖκας
399 1297 466 1386 ἅμα
483 1300 599 1386 βούλει
612 1298 811 1384 παρανόμως

256 1404 391 1466 mcx).
414 1398 587 1482 Μάλιστα,
608 1398 665 1465 καὶ
677 1393 756 1474 τούς
772 1393 838 1463 άπδ
852 1404 1025 1483 ναυαγίων
1037 1424 1076 1483 γε
1092 1397 1161 1483 ἀμα

173 1497 228 1564 καὶ
245 1493 310 1581 γάρ
325 1503 463 1563 τεθνᾶσι
486 1493 545 1563 τδν
560 1493 678 1581 ὅμοιον
700 1495 836 1578 τρόπον.
870 1492 1018 1572 καὶτοὺς
1034 1492 1099 1562 ἀπὸ
1116 1502 1178 1561 τού

172 1601 318 1677 πυρετοῦ
334 1596 386 1681 δέ,
409 1597 464 1662 καὶ
478 1594 620 1673 τούτους
632 1592 718 1679 ἀμα,
740 1596 796 1661 καὶ
809 1589 870 1660 τδν
888 1591 1005 1676 ίατρδν
1021 1590 1093 1679 μετ’
1114 1591 1174 1659 αύ·

172 1700 240 1760 τάν
257 1690 470 1777 Ἀγαθοκλέα.
503 1697 532 1762 7.
554 1699 621 1761 ποῦ
635 1689 667 1759 δ’
686 1689 704 1759 ὁ
726 1691 911 1777 φιλόσοφος
926 1698 1110 1776 Κυνίσκος,
1136 1687 1177 1758 δν

173 1793 239 1857 ἔδει
255 1796 312 1875 τῆς
326 1787 463 1875 Ἑκάτης
477 1788 513 1856 τό
530 1794 668 1857 δείπνου
684 1790 836 1875 φαγόντα
855 1792 910 1858 καὶ
924 1787 964 1856 τά
981 1791 1018 1856 ἐκ
1031 1797 1099 1857 τάν
1115 1816 1177 1856 κα-

172 1894 325 1971 θαρσίων
336 1885 383 1977 βά
393 1890 447 1957 καὶ
458 1884 541 1970 πρὸς
550 1887 679 1965 τούτοις
689 1914 727 1974 γε
736 1895 859 1975 σηπίαν
868 1885 962 1975 ἀμην
972 1885 1176 1969 ἀποθανεῖνς

256 1991 359 2052 ΚΤΝ,
383 1986 493 2053 Πάλαι
513 2004 567 2053 σοι
592 1988 797 2073 παρέστηκα,
822 1978 1013 2074 άβελτίστη
1027 1993 1174 2055 Κλωθοῖ.

171 2088 203 2150 τί
217 2087 256 2151 δι’
274 2110 315 2170 με
337 2081 540 2169 ἀδικήσαντα
560 2090 722 2152 τοσούτου
743 2094 855 2163 είασας
876 2083 947 2152 ἀνω
962 2082 1022 2153 τόν
1035 2084 1175 2171 χρόνους

172 2179 291 2267 σχεδδν
310 2179 374 2267 γάρ
395 2180 475 2251 ὅλον
495 2208 552 2269 μοι
575 2179 636 2250 τὸν
658 2180 822 2268 ἀτρακτον
842 2186 1037 2259 ἐπέκλωσας.
1069 2188 1175 2250 καίτοι

171 2280 329 2358 πολλάκις
345 2280 528 2367 ἐπειράθην
540 2278 577 2348 τδ
594 2288 682 2367 νῆμα
696 2281 857 2364 διακόψας
872 2285 1000 2366 ἐλθεῖν,
1021 2279 1096 2349 ἀλλ’
1112 2279 1175 2349 ούκ

171 2376 235 2446 οἶδ’
252 2376 343 2457 ὅπως
359 2376 527 2465 ἄρρηκτον
542 2371 595 2465 ἦν.

255 2484 389 2545 mcx),
409 2476 557 2564 Ἕφορόν
578 2496 614 2545 σε
636 2478 691 2547 καί
708 2476 824 2561 ἰατρὸν
847 2475 1014 2545 εἶναιτῶν
1037 2473 1157 2560 ἀυθρω

170 2580 278 2641 πίνων
295 2572 539 2660 ἁμαρτημάτων
559 2574 798 2661 ἀπελίμπανον.
821 2571 896 2643 ἀλλ’
909 2579 1044 2661 ἔμβαινε
1061 2572 1176 2662 ἀγαθῇ

169 2697 261 2759 τυχη.

254 2775 357 2837 KYN.
391 2768 452 2836 Μά
479 2768 555 2853 Δί’,
582 2777 612 2838 εί
636 2768 680 2857 μὴ
705 2769 870 2854 πρότερόν
895 2794 934 2854 γε
959 2770 1092 2835 τουτονὶ
1114 2764 1175 2834 τὸν

170 2867 347 2950 δεδεμένον
367 2865 641 2955 ἐμβιβασώμεθα·
671 2870 763 2936 δέδια
783 2865 848 2953 γάρ
866 2865 910 2952 μή
929 2885 966 2932 σε
987 2872 1175 2952 παραπείσῃ

169 2960 337 3049 δεόμενος.

100 3073 151 3128 629
254 3066 283 3128 8.
306 3066 441 3130 ΚΛΩΘ.
465 3059 545 3144 Φέρ’
565 3067 625 3130 ίδω
640 3071 688 3141 τίς
703 3064 778 3130 ἐστι.

254 3163 354 3225 ΕΡΜ.
379 3160 606 3245 Μεγαπένθης
621 3156 639 3225 ὁ
655 3160 831 3244 Λακύδου,
845 3157 1019 3242 τύραννος.

250 3263 386 3325 mcx).
407 3253 571 3342 Ἐπίβαινε
588 3255 640 3323 σύ.

251 3362 356 3423 ΜΕΓ.
372 3358 554 3442 Μηδαμῶς,
569 3348 595 3421 ά
607 3355 765 3422 δέσποινα
778 3362 932 3439 Κλωθοῖ,
944 3350 1029 3420 ἀλλά
1039 3377 1080 3437 με
1090 3350 1176 3437 πρὸς
