2550 3825
378 211 513 270 ΘΕΩΝ
541 212 799 272 ΔΙΛΛΟΓΟΙ.
1029 210 1089 273 113

91 371 207 438 στάναι
226 378 272 460 τῷ
288 371 346 439 Διὶ
362 371 416 437 καὶ
431 372 601 455 διαφέρειν
616 368 675 448 τὰς
690 369 844 457 ἀγγελίας
860 369 918 449 τάς
932 370 1012 454 παρ’
1027 370 1091 438 αύ-

91 476 149 536 τοῦ
159 469 230 536 ἀνω
244 472 299 537 καὶ
309 468 398 536 κάτω
409 464 719 553 ἡμεροδρομοῦντα,
736 472 791 535 καὶ
802 470 1030 537 ἐπανελθόντα
1042 475 1088 536 ἔτι

92 569 306 652 κεκονιμένον
325 568 545 651 παρατιθέναι
564 561 626 650 τὴν
645 563 845 652 ἀμβροσίαν·
874 570 952 650 πρὶν
974 569 1010 634 δὲ
1029 563 1090 633 τόν

92 664 259 750 νεύυητου
269 672 389 731 τούτου
404 663 556 750 οἰνοχόον
566 661 678 749 ήκειν,
694 661 796 732 καὶτὸ
809 668 928 748 νέκταρ
942 660 1005 749 ἐγω
1019 665 1090 731 ἐνέ-

91 787 184 849 χεον·
197 760 234 829 τό
253 761 288 830 δὲ
306 763 441 830 πάντων
462 759 672 847 δεινότατον,
694 760 745 830 ότι
764 765 847 849 μηδὲ
867 763 988 840 νυκτός
1003 772 1090 830 καθ·

91 861 177 927 εύδω
191 859 293 946 μόνος
305 869 372 927 τῶν
388 859 515 945 ἀλλων,
542 856 625 926 ἀλλά
641 863 693 926 δεῖ
704 886 746 945 με
759 864 814 928 καὶ
826 862 900 928 τότε
914 868 958 949 τῷ
974 860 1089 928 Πλού-
1105 880 1159 937 276

92 984 169 1025 τωνι
189 971 400 1044 ψυχαγωγεῖν
422 962 477 1026 καί
498 955 733 1042 νεκροπομπὸν
755 957 838 1026 εἶναι
854 963 909 1026 καλ
924 960 1088 1045 παρεστό-

91 1182 148 1241 γα,
167 1158 204 1222 έν
218 1163 431 1241 παλαίστραις
451 1155 534 1223 εἶναι
548 1153 612 1222 κάν
625 1169 696 1232 ταῖς
709 1157 894 1240 ἐκκλησίαις
914 1157 1089 1242 κηρύττειν

90 1257 143 1322 καὶ
162 1253 302 1342 ῥήτορας
322 1253 545 1340 ἐκδιδάσκειν,
568 1249 640 1320 ἀλλ’
658 1258 705 1320 ἔτι
725 1255 778 1320 καὶ
796 1251 932 1339 νεκρικὰ
950 1258 1089 1321 συνδια-

89 1353 244 1437 πράττειν
255 1355 503 1439 μεμερισμένον.
520 1358 548 1419 2.
562 1359 668 1419 καίτοι
679 1349 719 1418 τά
730 1353 792 1437 μὲν
801 1358 858 1437 τῆς
868 1352 979 1439 Λήδας
990 1355 1089 1419 τέκνα

89 1449 167 1536 παρ’
185 1448 312 1537 ἡμέραν
329 1453 482 1536 ἑκάτερος
496 1453 532 1519 ἐν
550 1449 685 1540 οὐρανῷ
706 1446 728 1534 ἡ
744 1451 781 1516 ἐν
797 1448 882 1539 ᾅδου
898 1456 996 1536 εἰσίν,
1018 1453 1089 1536 ἐμοὶ

90 1554 125 1619 δὲ
140 1546 220 1618 καθ’
238 1551 379 1636 έκάστην
394 1549 521 1637 ἡμέραν
535 1547 672 1616 κάκεῖνα
682 1549 850 1616 καὶταῦτα
862 1564 969 1616 ποιεῖν
984 1547 1089 1635 ἀναγ-

90 1665 201 1736 καῖον,
222 1653 277 1719 καὶ
294 1655 328 1718 οί
339 1651 401 1737 μὲν
419 1649 602 1736 Ἀλκμήνης
621 1651 676 1715 καὶ
690 1649 838 1734 Σεμέλης
859 1650 895 1714 έκ
917 1655 1089 1734 γυναικῶν

90 1749 264 1836 δυστήνων
273 1751 449 1835 γενόμενοι
465 1747 666 1834 εὐωχοῦνται
677 1744 885 1832 ἀφρόντιδες,
899 1743 916 1814 ὁ
930 1749 966 1814 δὲ
975 1754 1088 1825 Μαίας

0 1927 1 1930 ¹
88 1855 144 1936 τῆς
154 1845 359 1928 Ἀτλαντίδος
370 1854 588 1935 διακονοῦμαι
599 1841 719 1925 αὐτοῖς.
738 1849 793 1915 καὶ
803 1852 868 1912 νῦν
879 1844 954 1932 ἀρτι
964 1844 1088 1933 ἡκοντά

88 1973 127 2033 με
138 1944 203 2014 ἀπὸ
215 1949 367 2023 Σιδῶνος
381 1945 471 2033 παρὰ
487 1954 543 2033 τῆς
555 1946 696 2032 Κάδμον
705 1944 890 2031 θυγατρός,
907 1942 962 2031 ἐφ’
976 1942 1020 2031 ἡν
1030 1949 1089 2013 πέ-

88 2046 202 2132 πομφέ
216 2070 256 2130 με
272 2041 442 2129 ὀψόμενον
458 2042 478 2113 ό
491 2071 522 2111 τι
538 2046 672 2128 πράττει
684 2042 704 2131 ἡ
716 2060 807 2129 παῖς,
824 2044 906 2131 μηδὲ
920 2042 1089 2111 ἀναπνεύ-

88 2166 190 2213 σαντα
208 2146 382 2230 πέπομφεν
401 2137 502 2221 αὖθις
518 2147 550 2223 ἐς
564 2140 600 2209 τό
617 2142 737 2229 ’Ἀργος
751 2143 1012 2228 ἐπισκεψόμενον
1027 2142 1090 2229 τήν

87 2243 240 2330 Δαυάην,
252 2240 310 2309 εἶτ’
321 2244 451 2309 ἐκεῖθεν
462 2244 494 2319 ἐς
502 2247 675 2327 Βοιωτίαν,
687 2249 800 2328 φησίν,
812 2240 923 2309 ἐλθόν
933 2244 970 2309 ἐν
981 2241 1080 2325 παρό·
1106 2258 1157 2314 277

87 2347 134 2433 δφ
154 2340 216 2429 τὴν
237 2339 413 2427 Ἀντιόπην
439 2343 496 2408 ίδέ,
536 2341 591 2407 καὶ
611 2338 696 2418 όλως
718 2338 932 2425 ἀπηγόρευκα
952 2338 1024 2426 ήδη.
1060 2346 1090 2408 εί

86 2448 171 2528 γοῦν
189 2437 335 2508 δυνατόν
349 2433 410 2527 ήν,
431 2437 535 2526 ἡδέως
551 2434 594 2505 ἀν
608 2436 730 2524 ήξίωσα
744 2444 952 2523 πεπρᾶσθαι,
978 2436 1088 2524 ὥσπερ

87 2544 121 2607 οί
133 2541 170 2605 έν
185 2545 228 2626 γῇ
242 2543 351 2615 κακῶς
367 2538 592 2615 δουλεύοντες.

172 2643 271 2704 MAI.
284 2634 345 2703 Ἔα
359 2642 477 2721 ταῦτα,
496 2629 523 2702 τό
537 2638 669 2703 τέκνου·
690 2633 751 2721 χρὴ
764 2632 827 2720 γάρ
840 2636 947 2702 πάντα
962 2632 1088 2722 ὑπηρε-

84 2751 155 2805 τεῖν
169 2744 217 2827 τῷ
235 2737 334 2820 πατρὶ
349 2741 486 2802 νεανίαν
502 2735 591 2802 όντα.
621 2737 676 2802 καὶ
692 2741 758 2801 νύν
777 2731 888 2819 ὥσπερ
904 2736 1087 2821 ἐπέμφθης,

85 2836 179 2923 σόβει
201 2837 233 2912 ές
255 2842 380 2919 Αργος,
403 2832 471 2901 εἶτα
491 2836 523 2912 ἐς
546 2832 609 2921 τήν
622 2842 803 2919 Βοιωτίαν,
825 2831 869 2920 μή
892 2836 945 2901 καὶ
962 2833 1088 2921 πληγάς

84 2935 268 3022 βραδύνων
285 2932 389 3021 λάβης
426 2931 577 3019 ὀξύχολοι
591 2930 655 3019 γάρ
672 2937 706 3000 οί
720 2934 868 3018 έρῶντες.

376 3232 496 3287 ΔΙΟΣ
523 3135 609 3283 ΚΞὸΙ
632 3228 794 3283 ΗΛΙΟΤ.

86 3374 97 3393 .
171 3327 199 3389 l.
216 3330 341 3390 ΖΕΥΣ.
360 3318 989 3412 οἷαπεποίηκας,όΤιτύνωνκακιστες
1005 3321 1089 3395 ἀπο·
1126 3311 1128 3315 ’

83 3421 231 3499 λοίλεκας
246 3418 285 3487 τά
302 3424 340 3489 ἐν
354 3429 393 3510 τῇ
410 3430 452 3512 γῇ
469 3422 615 3510 ἅπαντα,
633 3427 793 3512 μειρακίω
807 3421 936 3512 ἀνοήτῳ
952 3422 1086 3493 πιστεύ-
1105 3439 1157 3494 278

169 3532 275 3571 ιαοιαα.
296 3517 316 3570 Ι.
927 3515 947 3570 8
