2550 3825
157 170 201 235 30
514 170 807 230 ΛΟΤΚΙΑΝΟΤ

156 357 261 420 μενον
277 326 313 398 τό
331 331 428 417 μόχις
441 328 694 417 ἀφαιρούμενον
705 326 811 396 αύτού
825 333 880 398 καὶ
890 332 1032 416 μάλιστα
1046 354 1154 415 παρα-

102 436 137 494 87
158 433 311 512 κλέπτον,
322 431 377 497 καὶ
392 426 433 495 τά
449 426 548 497 λοιπά
564 426 594 495 δ’
611 424 778 514 άνήρίμεε
788 428 980 514 συγχύσεως
993 428 1155 514 ἄρχεσθαι

158 526 370 612 παρανόμου·
396 524 500 594 καλὸν
520 524 585 609 γάρ
600 529 740 593 ἕκαστον
753 530 865 612 μίνειν
879 524 928 612 ἐφ’
944 519 985 613 ής
1000 524 1156 611 τετύχηκε

160 625 296 704 τάξεως·
319 650 355 691 το
374 628 410 692 δέ
424 621 640 710 ὑπερβαίνειν
654 626 688 700 ἐς
704 620 727 689 δι’
742 621 788 709 μή
802 621 863 710 χρή
878 623 1019 701 λύοντός
1035 619 1154 690 ἐστιτὰ

159 726 297 789 δίκαιον.
341 726 370 788 5.
394 723 448 788 καί
464 718 482 787 ὃ
498 746 535 803 γε
550 727 680 802 πρῶτος
692 717 773 805 ἡμῖν
786 718 865 798 τούς
875 721 1000 807 νόμους
1014 718 1156 795 τούτους

104 838 138 893 88
160 818 388 904 διατυπώσας,
412 826 475 886 εἴτε
489 818 627 902 Κάδμος
647 814 665 882 ὁ
688 816 851 903 νησιώτης
874 826 938 883 είτε
951 815 1156 903 Παλαμήδης

159 916 177 985 ὁ
193 922 382 1001 Ναυπλίου,
399 956 436 967 -
453 917 509 982 καὶ
518 917 693 1000 Σιμωνίδη
703 916 739 979 δέ
755 918 838 981 ἐνιοι
853 914 1083 1000 προσάπτουσι
1093 911 1156 999 τήν

159 1013 370 1100 προμήθειαν
383 1010 510 1096 ταύτην
525 1008 622 1077 -ού
646 1017 686 1097 τῇ
707 1009 795 1090 τάξει
815 1008 938 1097 μόνον,
959 1009 1039 1079 καθ’
1060 1008 1104 1097 ἣν
1119 1013 1156 1075 αί

159 1114 331 1196 προεδρίαι
342 1116 566 1196 βεβαιοῦνται,
578 1107 750 1192 διώρισαν,
762 1114 796 1175 τί
802 1115 935 1190 πρῶτον
946 1113 1036 1176 ἔσται
1046 1103 1069 1194 ή
1076 1104 1157 1174 δεύ-

159 1234 274 1293 τερον,
296 1203 380 1274 άλλά
401 1208 457 1273 καὶ
478 1206 671 1292 ποιότητας,
687 1202 726 1283 όίς
739 1206 881 1272 ἕκαστον
894 1204 990 1291 ήμῶν
1006 1211 1081 1291 ἐχει,
1098 1206 1155 1272 καὶ

160 1306 318 1391 δυνάμεις
332 1307 497 1371 συνεῖδον.
518 1306 573 1372 καὶ
584 1301 665 1389 ὑμῖν
676 1304 749 1389 μέν,
765 1296 792 1369 ά
806 1307 965 1388 δικασταί,
981 1302 1043 1390 τήν
1057 1308 1156 1389 μείζω

159 1404 324 1473 δεδώκασι
345 1402 459 1488 τιμήν,
481 1400 532 1469 ότι
552 1398 632 1469 καθ’
649 1398 735 1468 αὑτά
757 1401 909 1469 δύνασθε
932 1404 1155 1487 φθέγγεσθαι,

158 1500 346 1588 ἡμιφώνοις
360 1498 396 1567 δέ
416 1496 478 1585 τήν
500 1500 634 1583 ἐφεξῆς,
657 1495 708 1565 ότι
723 1498 919 1584 προσθήκης
934 1504 980 1576 είς
993 1496 1030 1564 τό
1048 1495 1149 1565 άκου-

159 1607 283 1687 σθήναι
298 1603 417 1666 δεῖται·
440 1604 556 1665 πασών
569 1597 604 1665 δὲ
616 1597 756 1685 ἐσχάτην
767 1597 926 1686 ἐνόμισαν
937 1604 1023 1684 ἔχειν
1033 1612 1156 1684 μοῖραν

103 1714 137 1769 89
158 1700 254 1766 ἐννέα
267 1703 335 1763 τῶν
350 1696 497 1779 πάντων,
512 1690 561 1772 οἷς
577 1694 656 1763 οὐδὲ
671 1694 767 1782 φωνή
786 1696 944 1780 πρόσεστι
958 1694 1038 1763 καθ’
1057 1693 1144 1780 αὑτά

158 1794 197 1864 τὰ
212 1797 274 1881 μὲν
289 1786 353 1861 ούν
364 1792 540 1878 φωνήεντα
553 1794 739 1879 φυλάσσειν
751 1800 837 1861 ἐοικε
851 1791 930 1871 τούς
940 1792 1066 1877 νόμους
1074 1793 1157 1860 τού-

158 1920 246 1971 τους.
291 1897 321 1960 6.
351 1888 386 1957 τό
411 1893 448 1958 δί
466 1916 505 1976 ηε
518 1897 582 1957 ταῦ
596 1897 706 1977 τοῦτο,
722 1888 763 1960 ού
776 1888 841 1977 γάρ
856 1896 918 1977 ἐχω
932 1895 1057 1977 χείρονι
1071 1886 1155 1957 αύτό

159 1990 322 2077 ὀνομάσαι
337 1989 457 2075 βήματι
477 1983 499 2073 ή
520 1980 724 2076 ᾦκαλείται,
745 1986 765 2055 δ
782 1987 827 2074 μά
843 1987 922 2066 τούς
936 1988 1050 2073 θεούς,
1067 1993 1097 2055 εί
1109 1988 1155 2074 μή

159 2093 192 2170 ἐξ
205 2086 302 2173 ὑμῶν
318 2085 379 2153 δύο
395 2093 569 2171 συνῆλθον
593 2083 717 2171 άηαθολ
737 2091 792 2154 καὶ
805 2085 1011 2172 καθήκοντες
1026 2083 1155 2171 ὁραθῆ-

158 2214 226 2272 ναι,
243 2184 281 2253 τό
295 2210 330 2252 τε
346 2181 438 2269 άλφα
454 2186 509 2250 καὶ
524 2182 560 2250 τό
572 2176 606 2268 ύ,
621 2181 684 2251 ούκ
698 2180 742 2252 άν
754 2181 910 2271 ήκούσθη
922 2184 1040 2269 μόνον,
1055 2189 1156 2251 τοῦτο

158 2292 275 2355 τοίνυν
289 2283 468 2370 ἐτόλμησεν
484 2282 613 2352 όδικεϊν
628 2311 669 2370 με
689 2292 791 2354 πλείω
805 2291 873 2353 τών
887 2285 1020 2353 πώποτε
1033 2294 1157 2373 βιασα-

158 2385 279 2471 μόνων,
294 2377 470 2466 ὀνομάτων
484 2382 545 2466 μὲν
559 2383 614 2450 καὶ
630 2382 787 2469 βημάτων
802 2379 965 2450 ἀπελάσαι
978 2383 1156 2472 πατρώων,

104 2501 139 2556 90
159 2484 308 2558 ἐκδιῶξαι
336 2483 372 2546 δὲ
393 2475 480 2565 ὁμοῦ
500 2479 697 2564 συνδέσμων
717 2477 785 2565 ἅμα
802 2482 857 2548 καί
876 2484 1089 2566 προθέσεων,
1111 2477 1157 2559 ὡς

160 2581 276 2664 μηκέτι
289 2579 405 2660 φέρειν
420 2574 482 2663 τήν
494 2582 634 2644 ἔκτοπον
647 2581 851 2657 πλεονεξίαν.
875 2576 960 2645 ὅθεν
975 2578 1012 2645 δέ
1022 2581 1078 2646 καλ
1087 2575 1155 2646 άπο

159 2682 261 2744 τίνων
279 2670 475 2757 ἀρξάμενον,
492 2669 563 2758 όίρα
578 2673 696 2758 λέγειν,
741 2678 769 2742 7.
794 2672 982 2762 ἐπεδήμουν
991 2678 1157 2744 ποτέΚυ-

160 2775 256 2862 βέλφ,
273 2808 310 2821 -
327 2766 364 2836 τό
387 2769 425 2837 δέ
445 2773 513 2838 ἐστι
535 2776 707 2857 πολίχνιον
728 2769 791 2838 ούκ
805 2769 920 2859 άηδίς,
936 2772 1088 2859 άποικον,
1111 2773 1158 2854 ὥς

161 2877 225 2956 ἔχει
240 2868 348 2955 λόγος,
359 2864 548 2953 Ἀθηναίων
562 2908 605 2920 -
622 2870 791 2957 ἐπηγόμην
806 2872 842 2938 δέ
856 2874 911 2938 καὶ
922 2869 959 2938 τό
977 2871 1157 2956 κράτιστον

159 2971 217 3056 βώ,
231 2966 393 3052 γειτόνων
408 2964 444 3032 τό
461 2970 647 3053 βέλτιστον·
669 2968 863 3055 κατηγόμην
878 2969 915 3035 δὲ
930 2967 1019 3053 παρά
1034 2995 1148 3058 καμφ-

160 3069 243 3133 διεόν
265 3089 331 3132 τινι
353 3071 488 3152 ποιητῇ,
509 3072 697 3151 Λυσίμαχος
719 3071 882 3150 ἐκαλεῖτο,
904 3066 1062 3145 Βοιώτιος
1080 3069 1157 3153 μέν,

105 3181 135 3236 91
160 3158 204 3240 ὡς
218 3163 388 3247 ἐφαίνετο,
405 3159 442 3230 τό
463 3165 561 3249 γένος
580 3161 765 3250 ἀνέκαθεν,
789 3162 855 3232 άπό
878 3167 979 3251 με’σης
995 3165 1031 3230 δὲ
1051 3161 1158 3245 άξιοῑν

160 3263 317 3348 λέγεσθαι
333 3269 389 3348 τῆς
400 3258 562 3350 Ἀττικῆς·
584 3261 675 3348 παρά
689 3265 796 3358 τούτφ
810 3264 851 3352 δή
862 3273 908 3356 τῷ
920 3267 1002 3358 ξένφ
1018 3264 1079 3354 τήν
1093 3275 1158 3337 τοῦ

161 3366 223 3430 ταύ
235 3359 357 3429 τούτου
371 3368 564 3444 πλεονεξίαν
579 3364 751 3451 ἐφώρασα·
774 3369 868 3453 μέχρι
879 3367 940 3450 μὲν
952 3363 1017 3450 γάρ
1031 3365 1158 3454 όλίηοις
