2550 3825
508 213 635 270 AAIE
644 213 710 269 ΥΣ.
1051 209 1113 272 273

111 394 170 453 νης
184 365 237 434 ἐπ’
255 363 376 446 αύτούς
393 368 518 454 δεήσεις
541 364 615 435 ἀλλ’
628 365 670 433 ού
681 368 850 453 πάρεστιν.
873 366 992 436 ῖκανόν
1004 374 1034 437 εί
1047 365 1113 436 κάν

110 469 168 532 ἕνα
190 461 264 531 τινά
287 466 323 531 έκ
345 472 402 550 τής
420 463 538 550 ἀγέλης
560 464 821 549 ἀνασπάσαιμεν.
852 451 924 551 ήξει
942 469 979 533 δὲ
1001 468 1054 534 ἐπὶ
1075 465 1111 537 τό

109 561 288 647 ἄγκιστρον
305 560 428 647 δηλαδή
444 559 480 639 ὃς
495 557 539 628 ἀν
553 559 666 628 αὐτῶν
679 562 888 649 θρασύτατος
901 556 932 651 ᾗ.

192 665 317 726 EAEI'.
342 660 466 743 Κάθες,
483 664 514 726 εί
522 663 623 744 δοκεῖ,
639 659 824 745 σιδηρώσας
834 686 873 745 γε
883 659 1048 745 πρότερον
1059 663 1111 730 ἐπὶ

109 756 194 826 πολύ
211 767 268 843 τής
286 755 419 844 ὁρμιᾶς,
436 756 480 836 ὡς
494 755 538 844 μή
551 755 718 843 ἀποπρίσῃ
731 772 799 836 τοῖς
810 756 926 826 ὀδοῦσι
940 757 1111 828 καταπιών

108 853 145 923 τό
160 861 308 941 χρυσίον.
1186 848 1189 852 ⁴

193 959 315 1020 HAPP.
338 959 491 1038 Καθήκα.
521 950 563 1019 σύ
578 955 630 1038 δέ,
649 946 676 1018 ἀ
689 953 872 1039 Πόσειδον,
891 969 1024 1040 ταχεῖαν
1038 956 1111 1021 ἐπι-

108 1054 192 1119 τέλει
202 1049 263 1136 τήν
273 1048 390 1135 ἄγραν.
412 1059 528 1138 βαβαῖ,
543 1051 704 1136 μάχονται
719 1052 865 1136 περὶτοῦ
880 1054 1040 1137 δελέατος,
1055 1054 1110 1119 καὶ

108 1149 241 1234 συνάμα
261 1149 376 1217 πολλοὶ
395 1149 638 1236 περιτρώγουσι
658 1145 720 1235 τήν
741 1149 858 1235 ἰσχάδα
865 1200 874 1232 ,
899 1154 934 1216 οί
950 1149 987 1216 δὲ
1004 1170 1110 1233 προσ-

108 1245 232 1331 φύντες
244 1250 373 1330 έχονται
383 1252 443 1313 τοῦ
453 1252 603 1331 χρυσίου.
622 1238 662 1312 εύ
671 1251 750 1331 ἔχει·
768 1246 950 1332 περιεπάρη
961 1273 1009 1324 τις
1020 1247 1109 1332 μάλα

107 1343 275 1429 καρτερός.
304 1339 379 1428 φέρ’
397 1348 457 1411 ῖδω
476 1350 565 1422 τίνος
588 1343 767 1429 ἐπώνυμον
787 1339 929 1410 σεαυτδν
950 1341 1033 1410 εἶναι
1054 1346 1110 1409 λέ-

108 1467 191 1526 γειςς
219 1447 325 1508 καίτοι
344 1441 472 1526 γελοῖός
497 1445 537 1526 γε’
556 1447 622 1527 είμι
643 1439 838 1525 ἀναγκάζων
858 1437 959 1525 ίχθύν
980 1448 1108 1508 λαλεῖν·

108 1536 238 1622 άφωνοι
252 1534 317 1623 γάρ
334 1535 437 1606 αὐτοί.
457 1534 540 1605 ἀλλά
556 1539 616 1623 σύ,
634 1530 661 1604 ἀ
667 1536 815 1623 Ἔλεγχε,
831 1538 900 1605 είπὲ
915 1535 1032 1603 ὅντινα
1043 1541 1108 1622 ἔχει

110 1636 318 1703 διδάσκαλον,

191 1739 315 1801 ΕΛΕΓ.
338 1733 536 1820 Χρύσιππον
551 1741 692 1802 τουτουί.

190 1836 314 1897 ΠΑΡΡ.
336 1829 533 1899 Μανθάνω·
555 1831 641 1898 διότι
651 1838 799 1919 χρυσίον,
812 1828 912 1918 οἶμαι,
922 1838 1051 1916 προσῆν
1061 1835 1107 1919 τῷ

107 1922 254 2012 ὀνόματι.
278 1926 319 1994 σύ
336 1926 368 1995 δ’
385 1923 466 2015 ούν,
488 1931 679 2018 Χρύσιππε,
701 1930 785 2018 πρὸς
799 1938 855 2018 τής
866 1929 1009 2016 Ἀθηνᾶς
1025 1930 1105 2014 είπέ,

107 2022 206 2090 οἶσθα
221 2021 300 2103 τούς
314 2022 474 2113 ἀνδραςή
491 2035 627 2095 τοιαῦτα
643 2030 802 2117 παρῄνεις
813 2026 924 2104 αὐτοῖς
939 2040 1063 2105 ποιεῖνς

190 2126 315 2187 xm.
334 2120 388 2207 Νή
404 2121 479 2209 Δί’,
495 2121 670 2210 ὑβριστικά
682 2127 821 2214 ἐρωτᾷς,
837 2118 1103 2208 ἀΠαρρησιάδη,
1123 2133 1175 2188 619

108 2217 289 2302 προσήκειν
302 2245 332 2284 τι
347 2217 426 2304 ἡμῖν
442 2219 690 2308 ὑπολαμβάνων
704 2222 876 2299 τοιούτους
893 2219 1000 2296 ὄντας.

190 2321 312 2383 ΠΑΡΡ.
329 2310 440 2402 Εὖγε,
454 2311 676 2404 ἀΧρύσιππε,
686 2332 839 2402 γενναῖος
850 2315 886 2384 εἷ.
905 2314 1010 2393 οὕτως
1021 2320 1106 2399 γοῦν

107 2415 162 2482 καὶ
178 2409 277 2490 αύτὸς
293 2414 345 2480 ἐπὶ
360 2412 510 2500 κεφαλήν
526 2412 606 2500 μετά
622 2422 689 2481 τῶν
705 2413 830 2497 ἀλλων,
847 2415 915 2480 ἐπεὶ
929 2414 984 2480 καὶ
1000 2410 1107 2479 ἀκαν-

106 2511 221 2596 θώδης
232 2514 315 2596 έστί,
330 2514 384 2579 καὶ
395 2515 468 2589 δέος
478 2509 522 2599 μή
535 2517 679 2602 διαπαρῇ
689 2539 737 2592 τις
747 2509 808 2580 τόν
818 2509 939 2598 λαιμὸν
949 2514 1082 2579 ἐσθίων.

190 2614 241 2675 52.
263 2615 351 2677 ΦῙΛ.
366 2608 472 2695 Ἅλις,
489 2604 764 2697 ύΠαρρησιάδη,
782 2618 839 2697 τής
854 2608 975 2696 ἀγρας,
990 2607 1034 2696 μή
1050 2616 1108 2677 καί

106 2715 153 2787 τίς
168 2728 237 2790 σοι,
253 2702 316 2775 οἷοι
330 2715 449 2777 πολλοί
458 2715 557 2795 εἰσιν,
575 2720 700 2796 οἴχηται
714 2708 908 2787 ἀποσπάσας
918 2705 955 2775 τὰ
966 2714 1105 2793 χρυσίον

106 2810 161 2875 καὶ
169 2803 206 2874 τό
219 2804 413 2891 άγκιστρον,
430 2804 499 2874 εἶτά
510 2829 547 2875 σε
559 2806 711 2876 ἀποτῖσαι
721 2818 762 2898 τῇ
773 2814 875 2896 ίερείηι
888 2807 997 2895 δεήση.
1022 2804 1105 2873 ὥστε

105 2905 196 2992 ἡμεῖς
213 2906 274 2990 μὲν
286 2902 434 2991 ἀπίωμεν
449 2908 747 2993 περιπατήσουσαι·
768 2905 884 2993 καιρός
897 2907 933 2974 δέ
947 2909 1002 2974 καὶ
1019 2903 1106 2992 ὑμᾶς

105 3004 238 3074 ἀπιέναι
249 3002 334 3072 ὅθεν
345 3003 451 3090 ήκετε,
462 3004 507 3092 μή
520 3007 574 3073 καὶ
585 3004 788 3093 ὑπερήμεροι
798 3009 943 3092 γένησθε
953 3014 1010 3092 τής
1020 3030 1105 3090 προ-

103 3111 251 3191 θεσμίας.
275 3101 317 3170 σύ
329 3103 430 3171 δὲκαὶ
441 3100 629 3191 δ’Ἑλεγχος,
648 3098 910 3191 ύΠαρρησιάδη,
927 3105 1040 3194 κύκλφ
1052 3106 1105 3171 ἐπὶ

104 3201 229 3279 πάντας
245 3199 368 3279 αὐτούς
378 3200 485 3278 ἰόντες
495 3198 516 3287 ή
528 3209 732 3287 στεφανοῦτε
745 3197 767 3286 ή
781 3202 929 3287 ἐγκάετε,
952 3198 996 3279 ὡς
1007 3208 1102 3288 ἔφην.

186 3308 310 3368 ΠΑΡΡ.
323 3299 435 3367 Ἔσται
447 3308 565 3384 ταῦτα,
584 3293 817 3386 ιάΦιλοσοφία.
832 3308 975 3387 χαίρετε,
989 3293 1016 3368 ὦ
1027 3304 1105 3389 βέλ·

103 3417 205 3465 τιστοι
221 3396 362 3547 ἀνδρφυ,
384 3396 476 3486 ἡμεῖς
491 3402 526 3467 δέ
541 3405 721 3487 κατίωμεν,
738 3391 916 3486 ιάἝλεγχε,
927 3404 986 3553 ingl
1001 3407 1104 3469 τελῶ-

186 3510 289 3548 Luem.
325 3534 332 3546 .
