2550 3825
165 184 228 249 254
538 190 844 249 AOYKIANOY

97 363 148 417 585
167 356 236 415 λων
250 345 481 435 ἀσεβέστατος,
499 345 535 426 ὃς
550 346 612 435 τήν
625 348 807 433 ἱερωτάτην
819 353 855 416 σὲ
869 357 979 428 κακῶς
993 347 1173 437 ἀγορεύειν

166 450 352 531 ἐπεχείρησε
373 448 428 514 καὶ
448 443 533 532 ἡμᾶς
548 445 714 532 ἅπαντας,
734 443 853 513 ὁπόσοι
869 472 900 514 τι
921 443 1011 535 παρά
1026 455 1090 514 σου
1104 474 1173 533 μα-

165 544 285 622 θόντες
298 557 366 622 τοῖς
382 542 459 628 μεθ’
478 541 563 630 ημᾶς
578 551 869 630 καταλελοίπαμεν.

251 649 339 708 ΦΙΛ.
353 640 434 709 Εἶτα
445 639 692 727 ἠγανακτήσατε
703 645 989 729 λοιδορησαμένου
1001 644 1103 728 τινός,
1114 647 1171 711 καὶ

166 746 269 806 ταῦτα
286 739 408 816 εἰδότες
422 741 495 825 ἐμέ,
512 733 565 806 οἷα
582 737 666 822 πρός
679 747 736 825 τῆς
751 745 934 831 Κωμῳδίας
947 737 1117 807 ἀκούουσα
1132 743 1171 807 ἐν

166 850 234 914 τοῖς
248 842 442 912 Διονυσίοις
463 834 551 922 ὅμως
569 843 671 922 φίλην
693 863 729 903 τε
743 835 849 922 αὐτήν
867 835 993 924 ἥγημαι
1014 839 1070 905 καὶ
1092 836 1172 904 οὔτε

166 933 370 1019 ἐδικασάμην
381 930 457 1000 οὔτε
467 930 654 1022 ᾐτιασάμην
663 942 908 1021 προσελθοῦσα,
920 937 1035 1021 ἐφίημι
1046 939 1082 1002 δὲ
1091 941 1171 1002 παί-

103 1112 106 1118 .
167 1038 234 1112 ζειν
247 1028 287 1096 τά
303 1029 413 1098 είκότα
428 1032 483 1098 καὶ
496 1029 535 1097 τά
553 1031 684 1117 ξυνήθη
697 1041 739 1120 τῇ
749 1036 862 1121 ἑορτῇς
884 1032 957 1100 οίδα
971 1031 1037 1118 γὰρ
1049 1029 1092 1109 ὡς
1106 1027 1169 1098 οὐκ

168 1127 210 1195 ἀν
230 1154 261 1196 τι
281 1125 348 1194 ὑπὸ
364 1129 558 1214 σκώμματος
573 1143 685 1214 χεῖρον
699 1131 844 1213 γένοιτο,
868 1126 951 1196 ἀλλά
972 1127 1170 1196 τούναντίον

167 1223 251 1312 ὅπερ
270 1221 313 1292 ἀν
326 1219 347 1314 ᾖ
362 1225 483 1312 καλόν,
508 1225 617 1311 ὥσπερ
634 1224 673 1292 τό
693 1234 830 1312 χρυσίον
844 1224 1089 1313 ἀποσμώμενον
1101 1239 1170 1302 τοῖς
1251 1259 1255 1262 ·

97 1342 148 1395 586
167 1325 312 1412 κόμμασι
326 1325 556 1413 λαμπρότερον
567 1325 757 1413 ἀποστίλβει
767 1329 822 1395 καλ
833 1327 1069 1413 φανερώτερον
1077 1332 1170 1412 γίνε-

166 1451 229 1493 ται.
252 1421 345 1510 ὑμεῖς
359 1422 391 1491 δ’
410 1422 473 1493 οὐκ
486 1423 550 1493 οἷδ’
568 1423 658 1503 ὅπως
672 1422 799 1510 ὀργίλοι
813 1426 868 1492 καὶ
884 1423 1099 1511 ἀγανακτικοὶ
1111 1449 1170 1508 γε·

167 1522 296 1608 γόνατι.
320 1529 353 1590 τί
368 1521 398 1590 δ’
415 1515 479 1589 οὖν
493 1521 598 1591 αὐτόν
611 1521 741 1608 ἀγχετε;
813 1562 822 1581 ·

250 1626 385 1688 HAAT.
407 1627 502 1688 Μίαν
515 1618 642 1706 ἡμέραν
656 1621 780 1706 ταύτην
793 1621 1076 1705 παραιτησάμενοι
1088 1615 1171 1703 ήκο-

168 1743 229 1803 μεν
244 1715 296 1784 ἐπ’
309 1715 429 1802 αὐτόν,
446 1716 490 1797 όις
501 1715 630 1804 ὑπόσχῃ
640 1714 702 1803 τήν
716 1715 811 1797 ἀξίαν
826 1709 874 1786 οἷν
886 1721 1039 1798 δέδρακε·
1063 1723 1170 1802 φῆμαι

167 1810 231 1897 γάρ
255 1811 335 1899 ἡμῖν
362 1812 558 1899 διήγγελλον
583 1811 636 1882 οἷα
661 1821 774 1900 ἔλεγεν
800 1812 902 1882 ἐπιαλν
929 1819 961 1892 ἐς
986 1812 1027 1881 τά
1055 1813 1169 1899 πλήθη

167 1907 248 1979 καθ’
266 1909 372 1997 ήμῶν.

251 2014 300 2078 15.
314 2018 402 2080 ΦΙΛ.
415 2011 496 2079 Εἶτα
507 2010 571 2097 πρὸ
585 2017 677 2097 δίκης
688 2010 766 2080 οὐδὲ
777 2010 1072 2098 ἀπολογησάμενον
1085 2006 1169 2075 ἀπο-

167 2122 325 2190 κτενεῖτες
347 2113 444 2196 δῆλος
458 2116 544 2198 γοῦν
558 2114 648 2179 ἐστιν
664 2116 768 2179 εἰπεῖν
781 2137 813 2178 τι
826 2111 947 2179 θέλων.

250 2215 384 2277 ΠΛΑΤ.
408 2207 498 2295 Οόκ,
516 2206 588 2278 ἀλλ’
602 2212 655 2277 ἐπὶ
669 2208 705 2276 σὲ
720 2206 757 2275 τδ
769 2215 838 2275 κάν
851 2206 1093 2294 ἀνεβαλόμεθα.
1114 2204 1169 2271 καὶ

168 2309 220 2376 σοὶ
237 2304 281 2374 ἀν
296 2313 377 2395 δοκῇ
392 2314 507 2391 τοῦτο,
525 2309 647 2397 ποιήσῃ
661 2311 753 2386 τέλος
771 2314 828 2394 τῆς
843 2310 943 2391 δίκης.

252 2415 341 2475 ΦΙΛ.
369 2411 410 2473 Τί
424 2403 489 2491 φὴς
503 2406 562 2484 σάς

251 2512 382 2573 AOYK.
410 2512 516 2572 Τοῦτο
532 2504 630 2588 αὐτό,
646 2498 673 2571 ά
689 2508 847 2572 δέσποινα
862 2508 1066 2587 Φιλοσοφία,
1083 2499 1169 2587 ἥπερ

169 2606 222 2672 καὶ
238 2604 324 2689 μόνη
336 2601 477 2689 τάληθὲς
487 2601 531 2671 ἀν
542 2602 653 2689 εὑρεῖν
663 2603 799 2670 δύναιο
820 2602 916 2687 μόγις
926 2609 1010 2686 γοῦν
1022 2597 1169 2684 εὑρόμην

169 2700 274 2771 πολλά
290 2700 458 2779 ἱκετεύσας
474 2700 511 2768 τό
528 2707 580 2772 σολ
595 2710 809 2789 φυλαχθῆναι
822 2699 884 2788 τήν
898 2706 1003 2785 δίκην.

255 2806 385 2867 ΠΛΑΤ.
411 2806 496 2886 Νῦν,
516 2793 726 2887 ἀκατάρατε,
738 2803 918 2867 δέσποιναν
929 2798 1034 2885 αὐτήν
1044 2806 1169 2878 καλεῖς;

169 2898 286 2990 πρῴην
305 2900 341 2965 δὲ
363 2894 399 2964 τδ
419 2895 615 2986 ἀτιμότατον
631 2905 838 2985 Φιλοσοφίαν
857 2899 1037 2986 ἀπέφαινες
1057 2900 1094 2965 ἐν
1111 2923 1170 2964 τοἈ

169 2998 277 3087 σούτῳ
292 2996 424 3086 θεάτρῳ
439 2994 678 3085 ἀποκηρύττων
692 2995 774 3065 κατά
786 3000 868 3085 μέρη
879 2997 933 3065 δύ’
948 2997 1078 3085 ὀβολῶν
1091 2998 1170 3064 ἕκα-

169 3118 249 3165 στον
264 3094 349 3177 εἶδος
363 3093 464 3182 αὐτῆς
480 3105 547 3165 τῶν
561 3098 680 3183 λόγων.

253 3204 341 3264 ΦΙΛ.
368 3192 500 3281 Ὁρᾶτε,
528 3194 572 3281 μή
594 3194 635 3263 οὐ
659 3201 865 3281 Φιλοσοφίαν
885 3186 983 3271 οὗτός
1003 3220 1060 3280 γε,
1085 3192 1168 3261 ἀλλά

169 3296 289 3383 γόητας
304 3293 428 3379 ἀνδρας
443 3296 494 3361 ἐπὶ
508 3302 553 3385 τῷ
568 3292 715 3386 ἡμετέρῳ
727 3292 863 3382 ὀνόματι
877 3291 982 3359 πολλὰ
997 3296 1052 3361 καλ
1065 3318 1168 3380 μιαρα

169 3395 373 3481 πράττοντας
388 3390 551 3479 ἠγόρευσε
562 3401 677 3471 κακῶς.
