2550 3825
354 176 598 234 NEKP1K01
624 177 882 237 ΔιΑΛΟΓΟΙ.
1057 173 1118 238 151

172 339 314 451 ἱΔΑΜ.
349 339 432 417 Ναί,
464 323 629 420 ιόἙρμῆ·
668 331 750 404 ἀλλὰ
779 336 963 420 παράδεξαί
990 363 1031 424 με
1056 361 1120 424 γν-

118 456 206 515 μνον
222 428 311 498 ὄντα.

203 536 306 598 ΕΡΜ.
338 525 389 597 Ού
408 528 554 614 γυμνόν,
581 522 608 595 ά
628 531 790 617 βέλτιστε,
813 533 974 611 τοσαύτας
994 531 1120 617 σάρκας

120 627 418 714 περιβεβλημένον·
442 625 525 694 ὥστε
540 624 689 696 ἀπόδυθι
705 627 823 716 αύτάς,
840 633 909 700 ἐπεὶ
924 629 1120 708 καταδύσεις

119 723 157 792 τό
179 726 307 811 σκάφος
322 723 382 793 τὸν
396 727 511 809 ἕτερον
525 725 613 793 πόδα
633 723 792 813 ὑπερθεὶς
812 729 934 814 μόνον·
963 726 1046 798 ἀλλά
1065 730 1121 796 καὶ
1136 743 1188 801 3δῖ

121 821 199 902 τούς
213 823 399 910 στεφάνους
413 825 552 904 τούτους
568 821 758 911 ἀπόρριψον
773 825 881 894 καὶτὰ
896 827 1098 914 κηρύγματα.

204 930 315 990 ΔΑΜ.
336 920 423 991 Ἰδού
438 944 492 990 σοι
507 924 651 1010 γυμνός,
668 921 712 1004 ὡς
725 921 822 1014 ὁρᾷς,
837 923 973 1011 ἀληθῶς
987 932 1052 1012 είμι
1064 928 1120 992 καὶ

122 1020 306 1100 ίσοστάσιος
320 1035 388 1100 τοῖς
401 1019 513 1099 ἀλλοις
527 1037 666 1108 νεκροῖς.

204 1127 233 1188 6.
267 1126 370 1188 ΕΡΜ.
406 1117 521 1198 Οὕτως
542 1117 681 1205 ἀμεινον
698 1118 807 1209 ἀβαρῆ
829 1119 926 1189 εἶναι·
961 1119 1043 1189 ἀστε
1060 1125 1119 1207 ἔμ-

121 1223 225 1303 βαινε.
253 1215 364 1284 καὶσὺ
388 1219 423 1284 δὲ
437 1215 497 1284 τὸν
517 1224 664 1285 πλοῦτον
678 1216 901 1306 ἀποθέμενος,
925 1210 951 1285 ά
965 1217 1119 1304 Κράτων,

121 1317 176 1382 καὶ
192 1315 253 1401 τὴν
270 1322 434 1402 μαλακίαν
457 1315 493 1383 δὲ
510 1322 643 1399 προσέτι
665 1320 719 1385 καὶ
739 1315 801 1403 την
823 1315 955 1402 τρυφὴν
975 1316 1059 1403 μηδὲ
1078 1315 1117 1383 τό

120 1414 261 1500 ἐντάφια
275 1415 386 1500 κόμιζε
397 1415 479 1502 μηδὲ
492 1413 532 1482 τά
549 1423 616 1482 τῶν
630 1415 808 1501 προγόνων
819 1411 1001 1500 ἀξιώματα,
1016 1415 1118 1482 κατά-

119 1523 195 1583 λιπε
212 1514 248 1582 δὲ
265 1517 319 1582 καὶ
335 1516 431 1600 γένος
443 1516 498 1581 καὶ
518 1515 620 1593 δόξαν
636 1515 692 1582 καὶ
706 1524 739 1582 εί
752 1518 833 1581 ποτέ
845 1511 915 1600 σεὴ
932 1514 1026 1593 πόλις
1040 1511 1119 1581 ἀνε·

120 1613 242 1700 ιιηρυξε
257 1617 312 1682 καὶ
333 1612 391 1692 τάς
411 1621 478 1681 τῶν
498 1611 707 1698 ἀνδριάντων
723 1611 924 1698 ἐπιγραφάς,
946 1614 1045 1699 μηδέ,
1066 1610 1118 1680 ότι

119 1716 224 1799 μέγαν
243 1715 353 1800 τάφον
373 1717 428 1782 ἐπί
447 1735 499 1782 σοι
526 1719 669 1800 ἔχωσαν,
695 1718 785 1800 λέγε·
815 1714 955 1801 βαρύνει
978 1713 1043 1801 γάρ
1064 1717 1119 1784 καὶ

120 1816 222 1877 ταῦτα
239 1810 524 1897 μνημονευόμενα.

203 1916 331 1977 ΚΡΑΤ.
357 1905 428 1997 Ούχ
438 1906 524 1977 ἕκάν
539 1915 615 1996 μέν,
631 1907 806 1998 ἀπορρίψω
818 1915 869 1979 δέ·
890 1918 923 1980 τί
930 1908 994 1998 γάρ
1009 1906 1053 1979 ἀν
1065 1915 1118 1980 καί

119 2006 279 2093 πάθοιμι;

204 2112 233 2179 7.
255 2114 358 2175 ΕΡΜ.
380 2114 494 2195 Βαβαῖ.
518 2105 560 2174 οὐ
573 2110 608 2176 δὲ
622 2104 641 2175 ὁ
655 2114 793 2186 ἔνοπλος
806 2114 840 2175 τί
851 2110 982 2195 βούλει;
1003 2106 1025 2195 ἢ
1039 2116 1072 2177 τί
1080 2107 1115 2177 u*

118 2204 280 2289 τρόπαιον
294 2209 392 2269 τοῦτο
410 2206 538 2289 φόρεις;

202 2309 359 2370 ΣΤΡΑΤ.
374 2300 444 2371 ’Ότι
459 2304 608 2389 ἐνίκησα,
625 2295 653 2369 ω’
667 2300 768 2389 Ἑρμῆ
775 2354 784 2389 ,
805 2304 859 2370 καὶ
873 2300 1051 2388 ἠρίστευσα
1064 2307 1120 2373 ιιαὶ

117 2397 138 2485 ἡ
157 2399 253 2478 πόλις
267 2402 399 2486 ἐτίμησέ
409 2426 459 2485 με.

201 2504 305 2564 ΕΡΜ.
330 2494 431 2582 Ἄφες
447 2494 532 2582 ὑπὲρ
546 2504 607 2582 γῆς
626 2495 664 2563 τό
685 2496 861 2581 τρόπαιον·
895 2499 932 2564 ἐν
949 2494 1034 2586 ᾅδου
1054 2495 1118 2584 γάρ

118 2593 233 2680 εἰρήνη
244 2598 299 2662 καὶ
311 2592 411 2662 οὐδὲν
421 2593 535 2663 ὅπλων
547 2595 667 2681 δεήσει.
689 2601 718 2663 8.
733 2591 885 2680 ὁσεμνδς
896 2597 931 2662 δὲ
944 2587 1041 2675 οὗτος
1052 2593 1118 2664 ἀπό

116 2698 229 2777 γετοῦ
246 2692 408 2779 σχήματος
422 2696 477 2760 καὶ
493 2691 760 2780 βρενθυόμενος,
783 2690 873 2771 ὁτάς
894 2688 1001 2779 ὀφρῦς
1017 2696 1119 2779 ἐπηρ-

116 2787 200 2872 κάς,
220 2786 238 2855 ὁ
256 2792 390 2857 ἐπὶτῶν
406 2796 597 2876 φροντίδων
611 2796 660 2866 τίς
674 2792 780 2875 ἐστιν,
802 2787 820 2858 ὁ
836 2788 896 2858 τόν
914 2791 1030 2879 βαθύν
1045 2791 1117 2859 πτό-
1135 2811 1190 2868 368

117 2914 209 2974 γωνα
224 2894 436 2976 καθειμένοςς

200 2993 312 3055 ΜΕΝ.
335 2987 524 3073 Φιλόσοφός
534 3014 599 3072 τις,
617 2979 769 3073 ύἙρμῆ,
785 2993 912 3072 μᾶλλον
925 2985 962 3054 δὲ
972 2988 1052 3074 γόης
1063 2991 1118 3056 καὶ

114 3100 283 3169 τερατείας
298 3087 431 3171 μεστός·
454 3083 537 3153 ὥστε
552 3083 726 3154 ἀπόδυσον
739 3089 793 3153 καὶ
805 3092 941 3152 τοῦτον·
965 3083 1039 3167 ὄψει
1053 3084 1117 3173 γάρ

115 3180 222 3250 πολλά
239 3186 293 3250 καὶ
307 3192 420 3269 γελοία
434 3180 500 3250 ὑπό
517 3191 563 3273 τῷ
577 3183 907 3274 ίματίφσκεπόμενα.

199 3286 302 3349 EPM.
322 3277 471 3357 Ἀπόθον
485 3277 528 3347 σύ
544 3279 581 3348 τό
593 3286 700 3367 σχῆμα
712 3287 861 3364 πρῶτον,
876 3276 943 3345 εἶτα
959 3279 1014 3346 καὶ
1024 3278 1118 3346 ταντλ

115 3376 233 3445 πάντα.
259 3367 285 3443 τό
301 3384 384 3461 Ζεῦ,
409 3375 493 3464 ὅσην
510 3378 572 3465 μὲν
586 3375 647 3464 τὴν
661 3374 855 3458 ἀλαζονείαν
872 3381 1011 3462 νομίζει,
1033 3374 1118 3461 ὅσην
1135 3388 1192 3444 369
