2550 3825
406 185 543 248 ΘΕΩΝ
565 186 822 247 ΔΙΑΛΟΓΟΙ.
1068 181 1109 246 95

109 341 227 428 αὐτῆς,
245 347 280 412 οί
290 345 326 414 δὲ
343 345 395 414 σοὶ
411 349 524 422 παῖδες
537 341 558 430 ῆ
574 345 636 430 μὲν
650 341 762 411 αύτῶν
776 343 932 432 ἀρρενικὴ
951 351 1034 433 πέρα
1050 349 1112 416 τού

110 447 246 528 μετρίου
266 443 321 514 καὶ
340 440 463 528 ὄρειος,
489 445 543 510 καὶ
562 440 599 509 τό
618 448 807 510 τελευταῖον
828 445 860 520 ές
879 443 941 529 τῆν
954 451 1112 513 Σκυθίαν

110 537 305 608 άπελθοῦσα
326 539 446 618 πάντες
462 550 573 608 λὀασιν
594 535 648 605 οἷα
667 541 773 607 ἐσθίει
794 546 1036 620 ξενοκτονοῦσα
1056 546 1111 613 καδ

111 641 297 724 μιμουμένη
313 636 391 716 τούς
402 638 542 715 Σκύθας
557 635 679 714 αὐτούς
690 635 984 725 ἀνθρωποφάγους
995 639 1107 718 ὄντας·
1127 665 1177 718 244

111 735 128 805 ὁ
144 738 179 806 δὲ
192 735 359 806 Ἀπόλλων
370 749 596 819 προσποιεῖται
605 736 668 821 μὲν
678 734 786 802 πάντα
798 740 919 804 εἰδέναι
930 740 985 804 καλ
997 738 1093 818 τοξεύ

112 862 162 904 ειν
177 837 231 903 καὶ
248 840 431 918 κιθαρίζειν
448 837 502 903 καλ
518 831 628 916 ίατρδς
646 831 729 900 εἶναι
746 837 800 901 καλ
816 835 1041 919 μαντεύεσθαι
1056 845 1111 903 καλ

111 933 398 1018 καταστησάμενος
409 932 605 1018 ἐργαστήρια
616 938 674 1017 τῆς
685 941 842 1019 μαντικῆς
855 931 892 1001 τό
904 937 966 1019 μὲν
976 937 1012 1000 ἐν
1022 943 1111 1003 Δελ-

112 1046 203 1118 φοῖς,
215 1028 252 1098 τό
265 1031 300 1098 δὲ
314 1033 350 1097 ἐν
361 1031 483 1120 Κλάρῳ
496 1031 551 1098 καὶ
562 1032 598 1098 ἐν
608 1032 774 1117 Διδύμοις
785 1034 926 1121 ἐξαπατᾷ
936 1031 1015 1111 τούς
1024 1059 1111 1117 χρω-

112 1134 233 1217 μένους
255 1128 343 1219 αύτῷ
365 1127 444 1209 λοξά
466 1131 522 1197 καὶ
538 1132 836 1215 έπαμφοτεριξοντα
857 1128 940 1215 πρὸς
954 1131 1111 1214 ἑκάτερον

113 1237 168 1314 τῆς
184 1226 372 1314 ἐρωτήσεως
392 1225 671 1312 ἀποκρινόμενος,
697 1225 740 1305 ὡς
762 1225 944 1296 ἀκίνδυνον
969 1227 1053 1297 εἶναι
1073 1227 1110 1296 τό

112 1327 256 1414 σφάλμα.
281 1329 335 1392 καὶ
350 1333 487 1392 πλουτεῖ
502 1325 563 1408 μὲν
578 1320 642 1392 άπό
660 1333 720 1393 τοῦ
730 1327 897 1394 τοιούτου·
920 1330 1035 1396 πολλοὶ
1045 1325 1110 1413 γὰρ

112 1424 288 1511 οίάνόητοι
298 1426 353 1492 καὶ
361 1426 557 1508 παρέχοντες
568 1421 690 1503 αὑτούς
699 1424 1111 1512 καταγοητεύεσθαι·πλῆν

113 1523 174 1592 ούκ
189 1520 359 1609 άγνοεῖταί
370 1548 408 1606 γε
422 1519 487 1588 ὑπὸ
509 1529 577 1589 τόν
592 1525 821 1606 ξυνετωτέρων
835 1520 875 1589 τά
890 1523 995 1592 πολλά
1013 1550 1111 1606 τερα-

114 1621 305 1707 τευόμενος·
327 1617 427 1698 αύτδς
440 1626 527 1705 γοῦν
541 1617 558 1686 ὁ
575 1619 691 1705 μάντις
707 1616 822 1705 ἠγνόει
837 1624 899 1706 μέν
917 1620 968 1690 ὅτι
984 1623 1111 1707 φονεύ-

112 1740 162 1787 σει
178 1716 238 1786 τόν
259 1717 426 1804 ἐριόμενον
445 1724 491 1806 τῷ
510 1722 629 1806 δίσκῳ,
652 1715 694 1784 ού
712 1717 999 1804 προεμαντεύσατο
1017 1719 1053 1787 δὲ
1067 1716 1111 1798 ὡς

114 1816 269 1902 φεύξεται
280 1812 385 1883 αύτόν
397 1813 418 1901 ῆ
431 1816 572 1900 Δάφνη,
589 1815 643 1882 καὶ
654 1821 757 1881 ταῦτα
772 1813 860 1883 οὕτω
873 1814 1041 1885 καλόνκαὶ
1052 1844 1111 1885 κο·

114 1914 220 2002 μήτην
239 1909 327 1981 όντα.
357 1911 440 1983 ύστε
458 1911 519 1999 ούχ
534 1911 602 1998 ὁρῶ
623 1912 743 1981 καθότι
760 1920 1031 2001 καλλιτεκνοτέρα
1053 1924 1111 2002 τῆς

114 2011 244 2098 Νιόβης
258 2015 380 2091 ἔδοξας.

198 2116 226 2177 2.
249 2116 351 2177 AHT.
378 2116 488 2177 Ταῦτα
502 2112 614 2195 μέντοι
631 2107 799 2195 τὰτέκνα,
815 2108 836 2195 ῆ
849 2109 1041 2189 ξενοκτόνος
1056 2115 1111 2181 καλ

114 2206 132 2277 ὁ
153 2208 389 2293 ψευδόμαντις,
416 2204 505 2293 οἶδα,
533 2205 622 2286 ὅπως
641 2216 741 2275 λυπεῖ
758 2228 795 2274 σε
815 2205 969 2293 όράμενα
989 2211 1025 2275 ἐν
1044 2222 1110 2287 τοῖς

112 2315 217 2391 θεοῖς,
226 2306 279 2373 καὶ
289 2305 429 2391 μάλιστα
440 2302 565 2371 ὁπόταν
574 2303 595 2391 ή
604 2306 667 2391 μὲν
677 2308 849 2398 ἐπαινῆται
859 2306 892 2380 ἐς
900 2300 936 2371 τό
948 2304 1078 2389 κάλλος,
1091 2302 1107 2371 ὁ

113 2404 150 2470 δὲ
165 2407 318 2489 κιθαρίζη
327 2403 365 2468 ἐν
378 2408 424 2491 τῷ
434 2409 605 2492 συμποσίφ
619 2400 871 2489 θαυμαζόμενος
880 2397 935 2486 ὑφ’
944 2398 1109 2469 ἁπάντων.

197 2506 298 2567 ΗΡΑ.
318 2498 488 2583 Ἐγέλασα,
505 2491 532 2565 ὦ
547 2507 666 2585 Λητοῖ·
696 2502 820 2576 ἐκεῖνος
834 2496 1044 2583 θαυμαστός,
1070 2496 1111 2565 δν

114 2594 132 2663 ό
154 2594 338 2681 Μαρσύας,
367 2601 397 2663 εί
413 2593 453 2663 τά
476 2600 585 2663 δίκαια
606 2600 642 2663 αί
660 2604 798 2663 Μοῦσαι
820 2595 952 2662 δικάσαι
975 2592 1111 2685 ἤθελον,

113 2691 288 2776 ἀπέδειρεν
301 2687 345 2759 άν
361 2690 461 2771 αὐτὸς
475 2693 638 2779 κρατήσας
651 2702 692 2782 τῆ
704 2699 862 2781 μουσικῆ
885 2698 950 2759 νῦν
961 2692 996 2759 δέ
1011 2720 1112 2761 καταο

114 2791 288 2875 σοφισθελς
299 2786 416 2867 άθλιος
427 2788 599 2857 άπόλωλεν
610 2789 731 2868 άδίκως
741 2786 857 2867 ἁλούς·
872 2785 893 2874 ῆ
906 2790 942 2856 δὲ
952 2789 1038 2875 καλή
1050 2809 1113 2857 σου

113 2889 283 2973 παρθένος
299 2885 387 2957 οὕτω
406 2888 490 2974 καλή
508 2891 613 2975 ἐστιν,
634 2886 717 2956 ὥστε
731 2889 801 2955 ἐπεὶ
821 2893 947 2972 ἔμαθεν
968 2883 1112 2972 ὀφθεῖσα
1163 2924 1169 2931 ·

113 2982 178 3053 ύπδ
200 2991 261 3054 τοῦ
276 2982 486 3071 Ἀκταίωνος,
510 2995 697 3074 φοβηθεῖσα
712 2983 756 3072 μῆ
777 2983 794 3052 ὁ
812 2990 984 3063 νεανίσκος
997 2986 1111 3071 έξαγο-
1129 3002 1180 3054 245

114 3084 218 3170 ρεύση
232 3079 269 3150 τό
285 3080 394 3169 αίσχος
412 3081 527 3169 αὐτῆς,
545 3088 716 3171 ἐπαφῆκεν
730 3081 819 3171 αύτῷ
833 3080 912 3160 τούς
926 3083 1046 3161 κύνας·
1069 3086 1112 3150 ἐῶ

113 3178 179 3267 γάρ
193 3182 302 3264 λέγειν
317 3179 368 3249 ὅτι
385 3178 464 3250 ούδὲ
479 3180 537 3261 τάς
548 3183 708 3261 τεκούσας
722 3185 876 3269 ἐμαιοῦτο
891 3184 1060 3262 παρθένος
1074 3208 1113 3267 γε

112 3275 197 3366 αὐτῆ
215 3271 308 3347 ούσα.
602 3354 611 3374 ι

198 3384 266 3445 ΛΗ
268 3383 302 3445 Τ.
325 3383 439 3464 Μέγα,
453 3370 481 3445 ά
489 3376 591 3465 Ἥρα,
603 3391 752 3465 φρονεῖς,
769 3378 820 3447 ὅτι
831 3378 922 3459 ξύνει
935 3384 980 3466 τῷ
990 3380 1048 3446 Διί
1059 3378 1113 3443 καὶ
