2550 3825
146 189 211 253 σου
412 157 418 178 '
505 187 810 251 Λουκιλνου

146 351 283 439 πράξης,
296 355 352 420 καλ
363 356 419 440 ἰδη
430 372 468 418 σε
480 354 535 419 καὶ
545 352 772 434 προσκαλέσας
781 356 897 437 ἔρηταί
905 377 935 418 τι
948 341 997 418 ῶν
1008 345 1051 415 ἀν
1061 348 1158 436 τύχη,

146 447 220 514 τότε
235 445 275 534 δὴ
290 447 365 516 τότε
379 448 484 529 πολύς
494 446 584 535 μὲνὸ
600 448 716 534 ἰδρῶς,
733 446 861 534 ἀθρόος
875 453 912 518 δὲ
929 447 947 517 ὁ
962 457 1089 534 ἰλιγγος
1099 447 1158 513 καί

147 546 269 632 τρόμος
283 544 421 634 ἀκαιρος
433 549 488 615 καί
502 549 605 633 γέλως
622 553 690 614 τῶν
703 549 881 635 παρόντων
894 550 948 616 ἐπὶ
961 555 1001 635 τῇ
1015 544 1157 634 ἀπορίᾳ·

148 645 202 710 καί
220 643 381 722 πολλάκις
395 643 644 730 ἀποκρίνασθαι
658 647 751 729 δέον,
766 652 814 725 τίς
828 639 902 732 ἦνὸ
917 642 1072 732 βασιλεὺς
1086 650 1158 710 τῶν

143 738 299 827 Ἀχαιῶν,
325 740 376 811 ὅτι
394 751 496 829 χίλιαι
510 749 587 827 νῆες
604 735 692 828 ἦσαν
713 741 841 830 αύτοίς,
863 746 975 830 λέγεις.
1009 747 1107 809 τοῦτο
1122 745 1159 808 οἰ

147 842 209 925 μέν
223 841 358 926 χρηστοὶ
379 845 461 908 αἰδῶ
477 841 655 925 ἐκάλεσαν,
681 845 715 908 οέ
733 842 769 908 δέ
785 843 943 928 τολμηροὶ
958 845 1100 923 δειλίαν,
1122 840 1160 905 οἰ

148 937 184 1002 δέ
205 937 386 1023 κακοήθεις
406 935 635 1006 ἀπαιδευσίαν.
668 934 711 1003 σύ
732 935 764 1004 δ’
790 931 854 1005 ούν
874 935 1154 1022 ἐπισφαλεστάτης

147 1035 319 1118 πειραθεὶς
333 1042 391 1121 τῆς
400 1036 532 1121 πράτης
543 1035 796 1120 φιλοφροσύνης
810 1032 958 1121 ἀπῆλθες
973 1032 1153 1101 καταδικά-

148 1152 208 1208 σας
223 1139 367 1199 σεαυτοῦ
382 1131 510 1219 πολλην
524 1131 585 1218 τὴν
600 1130 803 1217 ἀπόγνωσιν.
825 1130 960 1199 έπειδάν
976 1131 1012 1198 δέ

355 1227 479 1308 πολλάς
494 1231 556 1315 μέν
571 1227 722 1307 ἀύπνους
736 1229 858 1307 νύκτας
871 1229 988 1316 ἰαύσης

232 1328 342 1414 ἤματα
358 1325 389 1393 δ’
408 1327 605 1414 αἱματόεντα
1238 1394 1241 1407 ,

150 1425 326 1514 διαγάγῃς,
350 1422 391 1492 ού
406 1424 451 1510 μά
466 1433 534 1495 Δία
547 1433 604 1512 τῆς
615 1423 748 1512 Ἑλένης
761 1428 858 1493 ἕνεκα
872 1422 952 1493 ούδδ
967 1430 1035 1491 τῶν
1044 1420 1153 1509 Πριά-

149 1549 216 1610 μου
232 1524 438 1610 Περγάμων,
461 1522 543 1593 ἀλλά
563 1533 631 1594 τῶν
651 1527 871 1611 ἐλπιζομένων
892 1528 989 1592 πέντε
1010 1521 1152 1609 ὀβολῶν,

148 1621 249 1708 τύχης
263 1619 300 1688 δὲ
314 1625 369 1689 καὶ
383 1631 543 1708 τραγικοῦ
558 1649 649 1700 τινος
662 1630 748 1691 θεοῦ
763 1622 994 1706 συνιστάντος,
1013 1622 1155 1699 ἐξέτασις

148 1714 356 1785 τούντεῦθεν
375 1726 405 1787 εἰ
417 1719 517 1788 οἰσθα
530 1718 570 1787 τά
584 1718 781 1807 μαθήματα·
802 1725 857 1788 καί
870 1727 916 1810 τῷ
927 1719 989 1805 μὲν
1003 1722 1152 1805 πλουσίςο

148 1811 168 1899 ἡ
184 1813 334 1902 διατριβὴ
349 1813 412 1884 ούκ
423 1814 527 1903 ἀηδὴς
537 1820 767 1908 ἐπαινουμένῳ
778 1821 832 1887 καὶ
844 1815 1151 1904 εὐδαιμονιζομένῳ,

79 1926 130 1982 667
150 1912 202 1977 σοί
224 1911 260 1979 δέ
283 1910 301 1979 ὁ
322 1909 408 1998 ὑπὲρ
431 1922 488 2000 τῆς
507 1922 613 2002 ψυχῆς
633 1914 726 2001 ἀγῶν
748 1920 804 1984 καί
822 1914 907 1998 ὑπὲρ
927 1914 1074 1992 ἅπαντος
1093 1918 1153 1979 τοῦ

149 2014 226 2096 βίον
247 2009 321 2077 τότε
341 2022 540 2098 προκεῖσθαι
562 2016 670 2079 δοκεῖ·
696 2010 920 2100 ὑπεισέρχεται
937 2010 1002 2099 γάρ
1019 2011 1153 2087 εἰκότως
1184 2006 1190 2017 ’

147 2104 185 2175 τὸ
197 2104 275 2193 μηδ’
292 2104 352 2174 ἀπ’
369 2108 474 2178 ἀλλον
496 2105 540 2177 ἀν
553 2113 796 2196 καταδεχθῆναι
816 2107 899 2197 πρὸς
913 2116 973 2177 τοῦ
987 2109 1153 2193 προτέρου

149 2206 387 2294 ἀποβληθέντα
397 2212 453 2278 καί
464 2209 605 2289 δόξαντα
617 2206 701 2277 εἰναι
712 2207 881 2295 ἀδόκιμον.
898 2206 1025 2293 ἀνάγκη
1036 2212 1155 2274 τοίνυν

148 2310 181 2385 ές
204 2313 307 2394 μυρία
335 2312 547 2393 διαιρεθῆναι
574 2306 648 2374 τότε
671 2321 739 2385 τοίς
766 2308 828 2393 μὲν
852 2306 1154 2391 ἀντεξεταζομένοις

148 2412 365 2491 φθονοῦντα,
384 2446 422 2458 -
439 2414 528 2475 τίθει
545 2403 610 2491 γάρ
632 2407 688 2473 καί
706 2404 828 2484 ἀλλους
849 2398 1019 2473 εἶναιτῶν
1040 2401 1154 2471 αύτῶν

148 2501 507 2590 ἀντιποιουμένους-
528 2501 631 2571 αύτδν
652 2502 689 2571 δέ
710 2505 819 2571 πάντα
840 2506 959 2583 ἐνδεῶς
986 2503 1152 2590 εἰρηκέναι

147 2606 341 2687 νομίζοντα,
367 2600 640 2687 φοβούμενονδὲ
666 2604 720 2669 καί
744 2606 914 2683 ἐλπίζοντα
936 2604 991 2670 καί
1012 2598 1093 2687 πρὸς
1112 2597 1150 2666 τδ

147 2701 278 2766 ἐκείνου
298 2696 481 2781 πρόσωπον
504 2695 693 2779 ἀτενίζοντα
709 2703 765 2768 καί
786 2706 816 2768 εἰ
829 2703 891 2787 μέν
910 2704 1100 2787 ἐκφαυλίζοι
1120 2724 1152 2766 τι

147 2802 214 2863 τῶν
226 2799 432 2881 λεγομένων,
448 2794 698 2883 ἀπολλύμενον,
716 2804 747 2867 εἰ
757 2799 794 2866 δέ
804 2803 941 2884 μειδιῶν
951 2796 1080 2882 ἀκούοι,
1095 2822 1153 2882 γε-

145 2893 276 2980 γηθότα
290 2895 345 2961 καί
361 2892 496 2962 εὔελπιν
513 2895 771 2981 καθιστάμενον.
794 2902 845 2965 12.
863 2896 951 2975 εἰκὸς
961 2897 997 2964 δὲ
1008 2892 1153 2972 πολλοῦς

148 2990 232 3060 εἰναι
246 2990 326 3072 τοῦς
345 2996 478 3061 ἐναντία
495 3011 548 3059 σοι
564 3001 777 3079 φρονοῦντας
794 2996 849 3063 καλ
863 2993 986 3072 ἀλλους
1001 2991 1075 3059 ἀντί
1088 2998 1152 3058 σοῦ

146 3092 362 3177 τιθεμένους,
386 3084 435 3158 ῶν
449 3094 584 3171 ἕκαστος
601 3089 713 3181 ῶσπερ
729 3096 765 3162 έκ
780 3094 882 3180 λόχου
895 3092 1042 3173 τοξεύων
1055 3094 1152 3176 λέλη-

145 3200 220 3258 θεν.
245 3187 303 3259 εἰτ’
321 3191 485 3277 ἐννόησον
495 3189 603 3278 ἀνδρα
616 3194 655 3259 ἐν
667 3192 916 3279 βαθετπῶγωνι
931 3195 986 3259 καὶ
999 3196 1098 3279 πολιᾷ
1110 3195 1152 3275 τῇ

145 3289 233 3378 κόμη
251 3290 495 3376 ἐξεταζόμενον,
519 3299 553 3358 εἰ
565 3317 597 3357 τι
618 3287 709 3357 οἶδεν
725 3287 911 3376 ῶφέλιμου,
932 3291 988 3357 καὶ
1004 3302 1074 3365 τοίς
1089 3289 1152 3372 μέν

147 3392 312 3457 δοκοῦντα
327 3390 466 3473 εἰδέναι,
481 3403 548 3467 τοῖς
564 3388 599 3456 δέ
614 3389 669 3474 μή.
692 3390 791 3473 μέσος
807 3390 844 3455 έν
858 3387 1006 3479 τοσούτω
1020 3384 1151 3473 χρόνος,
