2550 3825
179 178 221 239 48
528 175 838 240 AOYKIANOY

262 344 425 405 HAOPT.
461 334 643 424 Ἀπίωμεν,
659 328 800 425 ῶἘρμη
809 390 819 424 ,
833 335 992 424 πρόςτου
1003 339 1104 424 Διός,
1119 365 1177 426 με·

179 442 346 521 λαφχολῶν
359 432 424 521 γὰρ
440 433 456 502 ὁ
475 433 657 518 ἅνθρωπος
672 432 713 501 οὐ
730 442 870 522 μετρίως
882 461 940 522 μοι
957 440 1063 523 δοκεῖ,
1085 438 1131 524 μη
1147 466 1175 505 τι

178 529 285 599 κακόν
298 529 432 601 άπέλθω
449 532 658 619 προσλαβῶν.

263 639 314 701 35.
335 640 440 702 ΕΡΜ.
463 633 584 720 Μηδὲν
599 632 734 719 σκαιόν,
753 624 779 699 ῶ
795 640 923 719 Τίμων,
941 630 1024 700 ἀλλὰ
1038 632 1075 701 τό
1087 632 1179 701 πάνυ

179 738 278 799 τοῦτο
301 729 420 817 άγριον
442 734 496 799 καί
510 728 615 816 τραχὺ
631 726 830 816 καταβαλῶν
843 736 1019 815 προτείνας
1030 728 1076 798 τῶ
1090 746 1179 817 χεῖρε

180 830 329 914 λάμβανε
349 825 411 912 τὴν
426 826 560 916 άγαθην
574 827 679 914 τύχην
694 830 749 895 καὶ
766 829 902 896 πλούτει
916 829 1020 897 πάλιν
1034 830 1089 897 καὶ
1104 839 1177 897 ίσθι

176 925 367 1011 Ἀθηναίων
385 922 425 991 τὰ
447 932 563 1011 πρῶτα
578 930 632 995 καὶ
648 924 798 1014 ὑπερόρα
811 934 880 993 τῶν
894 924 1080 1013 άχαρίστων
1094 930 1177 995 ἐκεί-

179 1049 250 1092 νων
265 1023 365 1108 μόνος
378 1018 477 1101 αύτός
494 1021 713 1109 εὐδαιμονῶν.

267 1128 362 1189 ΤΙΜ.
388 1118 498 1188 Οὐδὲν
512 1120 610 1207 ὑμῶν
625 1125 757 1207 δέομαι·
778 1119 821 1207 μὴ
838 1124 1000 1208 ἐνοχλεῖτέ
1011 1150 1084 1210 μοι·
1103 1129 1180 1192 ίκα·

179 1218 239 1298 νός
254 1222 326 1305 ἐμοὶ
341 1224 483 1297 πλοῦτος
496 1217 516 1306 ἡ
528 1223 676 1287 δίκελλα·
691 1215 732 1286 τὰ
744 1216 775 1286 δ’
789 1218 872 1287 ἄλλα
884 1218 1180 1307 εὐδαιμονέστατός

181 1325 263 1405 είμι,
285 1318 427 1404 μηδενός
444 1342 500 1402 μοι
516 1318 762 1403 πλησιάζοντος.

263 1421 367 1484 ΕΡΜ.
394 1414 526 1502 Οὕτως,
544 1408 663 1501 ῶτάν,
685 1414 935 1500 άπανθρῶπωςς

393 1514 491 1582 τόνδε
518 1517 609 1601 φέρω
630 1517 690 1582 Διὶ
711 1521 826 1600 μῦθον
854 1512 983 1600 ἀπηνέα
1004 1540 1039 1583 τε
1060 1540 1180 1600 κρατε-

967 1614 1029 1701 ρόν
1042 1640 1095 1697 τες

114 1718 162 1773 148
180 1709 316 1798 καὶμὴν
332 1710 419 1790 εἰκός
432 1705 477 1798 ἦν
494 1712 736 1798 μισάνθρωπον
750 1712 811 1795 μὲν
824 1710 912 1780 εἷναί
919 1731 956 1779 σε
965 1720 1111 1779 τοσαῦτα
1122 1709 1178 1780 ὑπ’

180 1808 292 1878 αὐτῶν
315 1807 408 1877 δεινοὶ
423 1808 634 1893 πεπονθότα,
655 1809 819 1895 μισόθεον
833 1812 869 1877 δὲ
882 1814 1056 1896 μηδαμῶς,
1073 1808 1180 1889 οὕτως

181 1907 450 1993 ἐπιμελουμένων
467 1928 530 1975 σου
545 1915 613 1976 τῶν
626 1915 729 1975 θεῶν.

263 2010 315 2074 36.
361 2011 455 2072 ΤΙΜ.
491 2002 587 2071 Ἀλλοὶ
607 2008 661 2072 σοὶ
681 2009 760 2090 μέν,
789 1998 953 2091 ῶἘρμῆ,
978 2009 1032 2074 καὶ
1053 2013 1099 2096 τῷ
1120 2011 1178 2075 Διί

180 2109 315 2189 πλείστη
336 2102 430 2188 χάρις
450 2109 508 2184 τῆς
529 2104 728 2188 ἐπιμελείας,
750 2105 883 2170 τουτονί
899 2104 935 2171 δέ
950 2101 1011 2171 τόν
1024 2110 1180 2172 Πλοῦτον

181 2201 242 2269 οὐκ
258 2196 302 2269 δν
316 2203 460 2288 λάβοιμι,

263 2307 367 2368 ΕΡΜ.
393 2305 435 2368 Τί
448 2299 506 2385 δής

268 2405 362 2467 ΤΙΜ.
377 2395 448 2465 ’Ότι
463 2401 518 2465 καί
533 2395 635 2464 πάλαι
653 2403 783 2482 μυρίων
798 2422 854 2482 μοι
869 2403 983 2464 κακῶν
999 2406 1102 2476 αίτιος
1117 2388 1172 2463 οὗ·

180 2525 235 2577 τος
249 2499 389 2582 κατέστη
405 2496 521 2576 κόλαξί
532 2521 567 2562 τε
583 2491 755 2580 παραδοός
769 2495 825 2562 καὶ
839 2493 1038 2580 ἐπιβούλους
1054 2496 1181 2580 ἐπαγα-«

182 2593 252 2682 γῶν
272 2597 328 2662 καί
343 2609 437 2680 μῖσος
451 2597 621 2679 ἐπεγείρας
635 2594 691 2659 καὶ
705 2589 897 2681 ἡδυπαθείᾳ
908 2596 1109 2679 διαφθείρας
1124 2593 1180 2660 καὶ

180 2696 369 2771 ἐπίφθονον
384 2689 575 2776 άποφήνας,
598 2692 691 2767 τέλος
707 2691 742 2756 δὲ
757 2687 855 2775 ἄφνω
869 2687 1061 2757 καταλιπῶν
1071 2688 1182 2769 οὕτως

180 2790 325 2867 ἀπίστως
338 2791 393 2855 καὶ
406 2793 627 2873 προδοτικῶς·
648 2784 669 2872 ἡ
685 2795 835 2874 βελτίστη
846 2789 883 2854 δὲ
894 2793 999 2854 Πενία
1010 2787 1127 2866 πόνοις
1139 2813 1184 2873 με

179 2903 247 2967 τοϊς
261 2886 518 2972 ἀνδρικωτάτοις
524 2887 806 2972 καταγυμνάσασα
813 2887 867 2954 καὶ
874 2881 940 2969 μετ’
952 2882 1111 2969 ἀληθείας
1125 2887 1182 2954 καὶ

179 2991 363 3072 παρρησίας
377 2990 627 3070 προσομιλοῦσα
641 2983 682 3050 τά
696 3009 731 3050 τε
745 2982 908 3068 ἀναγκαῖα
920 2983 1083 3068 κάμνοντι
1092 3005 1181 3066 παρ-

180 3099 244 3170 εῖχε
259 3085 313 3150 καὶ
329 3089 398 3149 τῶν
413 3087 547 3150 πολλῶν
562 3085 700 3149 ἐκείνων
714 3095 939 3169 καταφρονεῖν
954 3083 1129 3148 ἐπαίδευεν
1145 3083 1184 3160 ἐξ

179 3179 283 3250 αὐτοῦ
305 3183 387 3266 ἐμοῦ
407 3178 465 3259 τὰς
487 3182 619 3257 ε’λπίδας
641 3178 857 3267 ἀπαρτήσασά
878 3205 935 3265 μοι
950 3185 1013 3246 τοῦ
1028 3185 1106 3266 βίου
1125 3181 1186 3250 καὶ

180 3282 311 3360 δείξασα
333 3276 422 3356 ὅστις
442 3269 485 3364 ἦν
505 3275 521 3346 ὁ
538 3283 682 3356 πλοῦτος
697 3275 714 3345 ὁ
730 3278 825 3365 ἐμός,
841 3273 883 3344 δν
897 3273 975 3344 οὔτε
991 3277 1092 3357 κόλαξ
1106 3285 1187 3344 θω·

113 3394 162 3451 λλ9
178 3376 292 3446 πεόων
307 3373 383 3444 οὔτε
398 3375 610 3464 συκοφάντης
627 3383 760 3463 φοδῶν,
777 3371 818 3443 οὐ
829 3377 932 3461 δῆμος
942 3377 1186 3463 παροξυνθείς,
