2550 3825
510 167 813 229 AOYKIANOT
871 223 874 228 .
959 200 961 205 ·

363 431 560 502 ΘΕΩΝ
591 436 956 508 ΔΙΑΛΟΓΟΙ.
1040 445 1044 452 ’

582 589 734 602 ——..

643 673 672 736 l.

435 785 681 838 ιιΡοαιιιοΕαΣ
697 788 763 839 παι
777 786 880 838 mox.

241 929 259 992 l
298 930 438 991 ΠΡΟΜ.·
463 925 578 992 Λῦσόν
597 952 656 1011 με,
679 919 801 995 ιύΖεῦ·
826 924 918 994 δεινά
939 924 1004 1013 γάρ
1022 923 1084 1013 ἤδη
1098 930 1158 994 πέ-

157 1032 280 1090 πονθα.

239 1126 365 1189 ΖΕΥΣ.
387 1122 489 1189 Λύσω
504 1144 558 1206 σε,
580 1123 664 1210 φής,
686 1121 726 1190 ὃν
746 1127 845 1210 ἐχρῆν
859 1127 1043 1211 βαρυτέρας
1057 1125 1157 1204 πέδας

156 1223 272 1304 ἔχοντα
286 1221 342 1288 καί
356 1220 416 1286 τὸν
431 1220 614 1288 Καύκασον
628 1220 710 1289 ὅλον
724 1219 809 1307 ὑπὲρ
831 1230 977 1308 κεφαλῆς
994 1225 1157 1308 ἐπικείμε-

155 1342 218 1384 νον
232 1315 298 1386 ὑπὸ
317 1320 488 1386 ἑκκαίδεκα
502 1326 620 1404 γυπῶν
633 1317 680 1404 μὴ
696 1320 803 1404 μόνον
817 1327 987 1406 κείρεσθαι
1004 1317 1041 1387 τό
1055 1311 1156 1406 ἧπαρ,

157 1412 312 1484 ἀλλὰκαὶ
331 1416 409 1495 τούς
432 1415 632 1504 ὀφθαλμούς
653 1418 903 1503 ἐξορύττεσθαι,
925 1415 1005 1486 ἀνθ’
1023 1410 1072 1486 ὧν
1087 1445 1157 1485 τοι-

157 1510 238 1581 αῦθ’
249 1511 328 1601 ἡμῖν
340 1521 405 1605 ζῷα
416 1515 494 1595 τούς
505 1514 709 1602 ἀνθρώπους
720 1521 862 1594 ἔπλασας
872 1519 926 1584 καί
936 1514 972 1583 τὸ
986 1524 1053 1602 πῦρ
1065 1521 1158 1584 ἔκλε-

155 1625 221 1692 ψας
233 1615 287 1679 καὶ
301 1627 462 1698 γυναῖκας
476 1614 756 1700 έθημιούργησαςς
777 1611 799 1680 ἀ
812 1617 874 1699 μὲν
888 1611 953 1700 γὰρ
969 1615 1025 1699 ἐμὲ
1036 1614 1157 1699 ἐξηπά-

154 1729 256 1796 τησας
271 1713 308 1777 έν
325 1717 364 1799 τῇ
378 1720 464 1799 νομῇ
480 1718 548 1779 τῶν
567 1718 676 1798 κρεῶν
690 1710 771 1781 ὀστᾶ
787 1719 906 1799 πιμελῇ
926 1713 1157 1796 κεκαλυμμένα

155 1811 317 1893 παραθεὶς
329 1812 383 1876 καὶ
393 1806 455 1896 τὴν
472 1807 594 1895 ἀμείνω
607 1817 676 1876 τῶν
687 1816 816 1894 μοιρῶν
828 1816 957 1897 σεαυτῷ
968 1809 1156 1894 φυλάττων,

154 1910 189 1971 τί
200 1902 261 1991 χρὴ
278 1905 403 1992 λέγειν;

238 2010 376 2072 ΠΡΟΜ.
403 2004 538 2074 Ούκουυ
549 2004 670 2092 ἱκανὴν
683 2003 746 2092 ἤδη
758 2006 819 2093 τὴν
834 2012 930 2093 δίκην
945 2007 1089 2074 ἐκτέτικα
1099 2032 1157 2073 το-

86 2122 137 2175 205
157 2108 281 2169 σοῦτον
295 2102 419 2188 χρόνον
432 2112 478 2194 τῷ
494 2104 661 2195 Καυκάσῳ
676 2110 932 2191 προσηλωμένος
945 2102 1006 2172 τὸν
1018 2104 1156 2172 κάκιστα

156 2197 284 2285 ὀρνέων
299 2198 531 2289 ἀπολούμενον
545 2200 657 2271 αίετὸν
671 2206 804 2286 τρέφων
817 2211 863 2292 τῷ
880 2200 995 2287 ἥπατις

237 2307 363 2369 ΖΕΥΣ.
405 2297 494 2369 Οὐδὲ
519 2301 806 2387 πολλοστημόριον
838 2306 936 2367 τοῦτο
968 2291 1015 2365 ὧν
1041 2318 1079 2366 σε
1107 2302 1161 2366 δεῖ
1261 2340 1266 2347 -

154 2406 288 2465 παθεῖν.
1219 2475 1224 2485 .

237 2503 376 2564 HPOM.
398 2500 462 2565 Καὶ
480 2495 547 2585 μὴν
567 2495 629 2565 ούκ
650 2496 772 2584 ἀμισθί
792 2522 833 2583 με
852 2496 978 2581 λύσεις,
1003 2494 1086 2563 ἀλλά
1103 2513 1157 2560 σοι

155 2594 294 2677 μηνύσω
308 2620 356 2677 τι,
374 2588 400 2660 ἀ
414 2603 497 2679 Ζεῦ,
514 2595 604 2663 πάνυ
620 2593 812 2681 ἀναγκαῖον.

239 2696 268 2756 ε.
291 2698 417 2757 zm.
441 2699 652 2781 Κατασοφίζῃ
665 2719 723 2778 με,
740 2685 975 2779 θιιρομηοεο.

238 2794 376 2854 ΠΡΟΜ.
402 2792 466 2857 Καὶ
482 2797 516 2857 τί
530 2793 632 2859 πλέον
655 2792 731 2871 ἕξως
757 2789 798 2858 ού
813 2789 877 2876 μάρ
898 2789 1073 2876 ἀγνοήσεις
1094 2781 1159 2855 αύ-

155 2894 212 2964 θις
225 2890 310 2953 ἔνθα
326 2882 342 2951 ὁ
359 2887 536 2967 Καύκασός
552 2893 656 2974 έστιυ,
673 2886 752 2957 οὐδὲ
763 2885 941 2974 ἀπορήσεις
952 2892 1100 2974 δεσμεῖν,
1115 2886 1159 2974 ἤν

155 3008 186 3053 τι
202 2984 364 3070 τεχνάζων
380 2980 571 3071 ἁλίσκωμαι.

238 3088 364 3149 ΖΕΥΣ.
391 3084 474 3149 Είπὲ
497 3082 679 3169 πρότερον,
705 3082 821 3152 ὅντινα
844 3083 970 3169 μισθὸν
993 3081 1160 3163 ἀποτίσεις

155 3192 338 3265 αναγκαῖον
351 3175 429 3266 ἡμῖν
445 3179 534 3248 ὄντα.

238 3286 376 3347 ΠΡΟΜ.
393 3274 455 3347 Ἢν
472 3289 552 3349 είπω
567 3279 623 3367 ἐφ’
641 3280 705 3349 ὅτι
720 3287 861 3369 βαδίζεις
873 3289 953 3368 νῦν,
970 3279 1161 3363 ἀξιόπιστος

155 3381 273 3465 ἔσομαί
286 3397 339 3445 σοι
354 3378 408 3445 καὶ
423 3381 579 3463 περὶτῶν
594 3376 787 3449 ὑπολοίπων
801 3380 1065 3468 μαυτευύμευοςς
