2550 3825
138 165 203 229 ιου
509 171 814 246 Αονιιιλιιου

140 377 144 382 »
222 336 320 397 ΜΙΝ.
342 335 457 415 Δῆλον
472 324 517 406 ὥς
527 325 757 414 τδνδικαστὴυ
770 325 791 415 ἢ
803 326 863 396 τδυ
873 329 1052 417 τύραννον,
1067 331 1135 398 ἐπεὶ

136 424 215 495 ούδὲ
226 430 261 494 τὸ
274 432 368 512 ξίφος
379 425 476 494 αύτό·
494 424 653 512 ὑπηρετεῖ
658 422 724 511 γάρ
736 424 882 511 ὄργανον
893 422 934 495 όν
944 436 1043 495 τούτο
1054 425 1136 513 πρός

134 524 194 593 τόν
207 524 321 610 θυμόν
335 532 380 614 τῷ
394 526 513 616 πρώτῳ
529 526 732 610 παρασχόντι
747 522 808 610 τὴν
823 532 941 594 αἰτίαν.

66 641 117 695 4⁵2
219 631 356 693 ΣΩΣΤ.
379 617 431 691 Εύ
447 650 501 709 γε,
521 617 548 691 οἷ
563 630 697 707 Μίνως,
716 621 766 690 ότι
781 625 835 691 καὶ
852 624 1077 703 ἐπιδαψιλεύει
1090 631 1136 709 τςῐ

66 742 117 795 453
135 726 381 809 παραδείγματι.
398 719 443 808 ἢν
453 725 492 790 δέ
500 749 549 801 τις
563 720 816 800 ἀποστείλαντος
826 730 888 790 τού
899 724 1062 801 δεσπότου
1072 721 1135 811 ἧκη

66 847 118 900 454
136 820 236 900 αὐτὸς
250 820 375 908 χρυσόν
390 818 411 908 ἢ
427 820 577 908 ἄργυρον
590 826 749 906 κομίζων,
765 827 830 888 τίνι
844 819 904 907 τὴν
915 822 1013 907 χάριν
1028 824 1136 889 ἰστέον

134 920 156 1008 ἢ
170 928 244 989 τίνα
259 919 433 1007 εὐεργέτην
447 920 694 1007 ἀναγραπτέον;

218 1027 319 1088 MIN.
348 1018 415 1086 Τόν
431 1022 621 1104 πέμψαντα,
644 1010 878 1103 ύΣάστρατε’
902 1021 1058 1097 διάκονος
1071 1016 1135 1103 γάρ

135 1118 153 1187 ὁ
170 1125 307 1205 κομίσας
319 1112 372 1203 ἦν.

218 1224 247 1284 3.
271 1223 408 1283 MT.
432 1212 568 1281 Ούκούν
589 1210 670 1301 ὁρᾷς
691 1211 780 1291 ὅπως
795 1212 892 1281 ἀδικα
913 1229 1018 1292 ποιεῖς
1034 1214 1136 1281 κολά-

135 1325 199 1396 ζων
212 1313 296 1401 ἡμᾶς
306 1312 469 1399 ὑπηρέτας
476 1314 677 1398 γενομένους
689 1302 736 1398 οἷν
749 1310 770 1396 ἡ
782 1309 914 1380 Κλωθω
927 1313 1134 1397 προσέταττε,

133 1416 189 1481 καὶ
196 1413 335 1489 τούτους
344 1420 448 1498 τιμῶν
457 1409 536 1489 τούς
547 1411 851 1496 διακονησαμένους
860 1408 1043 1495 ἀλλοτρίοις
1053 1408 1136 1494 ἀγα-

134 1522 225 1592 θοῖςς
248 1508 288 1577 ού
306 1508 370 1595 γάρ
386 1507 427 1594 δὴ
449 1509 556 1577 ἐκεῖνό
571 1535 609 1595 γε
624 1514 728 1576 εἰπεῖν
745 1514 811 1593 ἔχοι
823 1536 871 1587 τις
885 1508 944 1593 ἀν,
966 1506 1009 1588 ὡς
1022 1508 1059 1577 τό
1074 1508 1135 1577 ἀν-

133 1614 274 1696 τιλέγειν
296 1608 440 1676 δυνατόν
458 1600 503 1696 ἦν
518 1622 585 1685 τοῖς
601 1605 682 1693 μετά
705 1608 811 1692 πάσης
833 1605 980 1695 ἀνάγκης
995 1630 1133 1693 προστε-

134 1712 316 1795 ταγμέυοις.
642 1728 649 1759 ¹·

217 1813 318 1874 MIN.
346 1799 386 1871 Ὠ
402 1804 596 1889 Σώστρατε,
613 1802 719 1872 πολλά
743 1808 825 1881 ίδοις
846 1800 890 1870 ἀν
910 1810 965 1872 καὶ
986 1805 1069 1873 ἀλλα
1091 1802 1133 1871 ού

134 1901 334 1989 κατὰλόγον
349 1901 546 1989 γιγνόμενα,
562 1908 594 1981 Ιεί
605 1901 749 1989 ἀκριβῶς
763 1903 930 1984 ἐξετάζοις.
953 1902 1041 1990 πλὴν
1050 1901 1133 1973 ἀλλά

135 2003 178 2072 σύ
193 2011 291 2071 τοῦτο
313 1999 513 2080 ἀπολαύσεις
532 2009 588 2087 τῆς
610 2002 815 2087 ἐρωτήσεως,
844 2002 929 2070 διότι
954 2001 995 2070 ού
1013 2001 1134 2092 ληστὴς

135 2102 251 2188 μόνον,
263 2097 346 2168 ἀλλά
358 2102 413 2167 καὶ
425 2099 582 2184 σοφιστής
592 2125 641 2175 τις
654 2096 737 2166 εἶναι
750 2104 865 2177 δοκεῖς.
890 2099 1061 2169 ἀπόλυσον
1071 2097 1134 2166 αύ-

134 2200 210 2283 τόν,
227 2193 381 2285 ύἙρμῆ,
396 2200 451 2266 καὶ
464 2200 577 2284 μηκέτι
589 2201 788 2278 κολαζέσθω.
811 2197 874 2283 ὅρα
886 2198 921 2266 δὲ
936 2197 980 2285 μὴ
992 2201 1046 2267 καὶ
1056 2196 1133 2277 τούς

135 2298 256 2377 ἀλλους
270 2295 409 2382 νεκρούς
424 2295 463 2364 τά
479 2295 577 2381 ὅμοιοι
595 2299 721 2379 ἐρωτᾶν
738 2299 880 2385 διδάξῃς.

529 2479 734 2487 η--α--ι--αιι

60 2645 110 2697 ιιι
197 2598 511 2696 ΜΕΝΙΠΠΟΣ
541 2636 576 2691 H
605 2627 1065 2696 αππυοπλανπιλ.

357 2753 574 2806 ΜΕΝΙΠΠΟΣ
590 2757 656 2806 ΚΑΙ
672 2753 898 2804 ΦΙΔΩΝΙΔΗΣ.

213 2895 242 2956 1.
258 2894 370 2954 ΜΕΝ.
385 2879 424 2953 Ὠ
433 2900 524 2973 χαῖρε
534 2889 705 2971 μέλαθρον
716 2886 872 2969 πρόπυλά
882 2883 915 2953 δ’
926 2887 1030 2962 ἑστίας
1042 2888 1130 2972 ἐμῆς,

389 2982 432 3062 ὡς
447 2983 589 3071 ἄσμενός
605 2989 645 3053 σε’
656 2983 688 3072 γ’
705 2985 795 3052 είδον
809 2987 842 3063 ἐς
857 2985 943 3072 φάος
958 2985 1081 3071 μολόν.

212 3091 300 3152 ΦΙΛ.
325 3082 378 3152 Ού
386 3087 564 3162 Μένιππος
575 3077 673 3162 οὗτός
685 3080 802 3152 έστινὸ
817 3083 928 3164 κύων;
943 3080 984 3150 ού
994 3085 1057 3170 μὲν
1068 3074 1131 3148 ούν

59 3205 110 3260 456
127 3184 242 3269 ἀλλος,
265 3189 295 3250 εί
314 3181 357 3268 μὴ
380 3181 445 3268 ἐγώ
460 3185 675 3269 παραβλέπω·
708 3186 884 3261 Μένιππος
906 3181 991 3260 ὅλος.
1020 3188 1053 3250 τί
1066 3174 1131 3248 ούν

126 3279 215 3371 αὐτῷ
237 3279 393 3369 βούλεται
414 3279 450 3348 τό
473 3279 657 3349 ἀλλόκοτον
678 3287 738 3348 τοῦ
759 3281 938 3374 σχήματος,
962 3289 1056 3358 πῖλος
1075 3281 1131 3346 καὶ

128 3378 212 3459 λύρα
223 3382 277 3447 καὶ
287 3386 421 3464 λεοντῆς
443 3384 618 3464 προσιτέον
629 3383 666 3448 δέ
678 3378 767 3463 ὅμως
779 3377 876 3465 αύτῷ.
897 3395 1004 3464 χαῖρε,
1018 3370 1045 3446 οδ
1057 3379 1128 3445 Μέ-
