<?xml version="1.0" encoding="UTF-8"?>
<!DOCTYPE html PUBLIC "-//W3C//DTD XHTML 1.0 Transitional//EN"
    "http://www.w3.org/TR/xhtml1/DTD/xhtml1-transitional.dtd">
<html xmlns="http://www.w3.org/1999/xhtml" xml:lang="en" lang="en">
 <head>
  <title>
</title>
<meta http-equiv="Content-Type" content="text/html;charset=utf-8" />
  <meta name='ocr-system' content='tesseract 3.04.00' />
  <meta name='ocr-capabilities' content='ocr_page ocr_carea ocr_par ocr_line ocrx_word'/>
</head>
<body>
  <div class='ocr_page' id='page_1' title='image "./lucianisamosate03jacogoog/lucianisamosate03jacogoog_0424.png"; bbox 0 0 2550 3825; ppageno 0'>
   <div class='ocr_carea' id='block_1_1' title="bbox 477 165 1137 228">
    <p class='ocr_par' dir='ltr' id='par_1_1' title="bbox 477 165 1137 228">
     <span class='ocr_line' id='line_1_1' title="bbox 477 165 1137 228; baseline 0.009 -6"><span class='ocrx_word' id='word_1_1' title='bbox 477 165 612 224; x_wconf 81' lang='grc' dir='ltr'><em>ΕΡΜΟ</em></span> <span class='ocrx_word' id='word_1_2' title='bbox 624 165 790 223; x_wconf 89' lang='grc' dir='ltr'><strong><em>ΤΙΜΟΣ.</em></strong></span> <span class='ocrx_word' id='word_1_3' title='bbox 1074 165 1137 228; x_wconf 76' lang='grc'><strong><em>385</em></strong></span> 
     </span>
    </p>
   </div>
   <div class='ocr_carea' id='block_1_2' title="bbox 72 325 1233 3523">
    <p class='ocr_par' dir='ltr' id='par_1_2' title="bbox 72 325 1233 3523">
     <span class='ocr_line' id='line_1_2' title="bbox 134 325 1139 414; baseline 0.002 -21"><span class='ocrx_word' id='word_1_4' title='bbox 134 353 194 413; x_wconf 92' lang='grc' dir='ltr'><strong><em>νης</em></strong></span> <span class='ocrx_word' id='word_1_5' title='bbox 209 328 337 394; x_wconf 83' lang='grc' dir='ltr'><strong><em>καὶτοῦ</em></strong></span> <span class='ocrx_word' id='word_1_6' title='bbox 353 331 576 411; x_wconf 79' lang='grc' dir='ltr'><strong><em>προτιμᾶσθαι</em></strong></span> <span class='ocrx_word' id='word_1_7' title='bbox 590 325 782 411; x_wconf 80' lang='grc' dir='ltr'><strong><em>βούλεσθαι.</em></strong></span> <span class='ocrx_word' id='word_1_8' title='bbox 807 330 856 392; x_wconf 90' lang='grc'><strong><em>76.</em></strong></span> <span class='ocrx_word' id='word_1_9' title='bbox 869 333 976 394; x_wconf 91' lang='grc' dir='ltr'><strong><em>καίτοι</em></strong></span> <span class='ocrx_word' id='word_1_10' title='bbox 986 325 1069 413; x_wconf 80' lang='grc' dir='ltr'><strong><em>πρδς</em></strong></span> <span class='ocrx_word' id='word_1_11' title='bbox 1078 334 1139 414; x_wconf 78' lang='grc' dir='ltr'><strong><em>τῆς</em></strong></span> 
     </span>
     <span class='ocr_line' id='line_1_3' title="bbox 74 415 1137 511; baseline -0.001 -20"><span class='ocrx_word' id='word_1_12' title='bbox 74 438 78 446; x_wconf 93' lang='grc'><strong>’</strong></span> <span class='ocrx_word' id='word_1_13' title='bbox 130 415 273 510; x_wconf 87' lang='grc' dir='ltr'><strong><em>Ἀθηνᾶς</em></strong></span> <span class='ocrx_word' id='word_1_14' title='bbox 287 421 416 490; x_wconf 77' lang='grc' dir='ltr'><strong><em>ἅπαντα</em></strong></span> <span class='ocrx_word' id='word_1_15' title='bbox 430 421 491 508; x_wconf 75' lang='grc' dir='ltr'><strong><em>μὲν</em></strong></span> <span class='ocrx_word' id='word_1_16' title='bbox 502 417 523 488; x_wconf 81' lang='grc' dir='ltr'><strong><em>ἀ</em></strong></span> <span class='ocrx_word' id='word_1_17' title='bbox 535 427 636 507; x_wconf 83' lang='grc' dir='ltr'><strong><em>έφην,</em></strong></span> <span class='ocrx_word' id='word_1_18' title='bbox 652 422 801 507; x_wconf 79' lang='grc' dir='ltr'><em>ἐάσωμεν</em></span> <span class='ocrx_word' id='word_1_19' title='bbox 813 420 918 490; x_wconf 85' lang='grc' dir='ltr'><strong><em>αὐτοῦ</em></strong></span> <span class='ocrx_word' id='word_1_20' title='bbox 929 422 1137 511; x_wconf 82' lang='grc' dir='ltr'><strong><em>καταβαλόν-</em></strong></span> 
     </span>
     <span class='ocr_line' id='line_1_4' title="bbox 132 516 1136 607; baseline -0.002 -18"><span class='ocrx_word' id='word_1_21' title='bbox 132 548 184 600; x_wconf 93' lang='grc' dir='ltr'><strong><em>τες</em></strong></span> <span class='ocrx_word' id='word_1_22' title='bbox 199 524 252 588; x_wconf 80' lang='grc' dir='ltr'><strong><em>καὶ</em></strong></span> <span class='ocrx_word' id='word_1_23' title='bbox 269 520 357 607; x_wconf 83' lang='grc' dir='ltr'><strong><em>λη’θη</em></strong></span> <span class='ocrx_word' id='word_1_24' title='bbox 371 545 420 597; x_wconf 87' lang='grc' dir='ltr'><strong><em>τις</em></strong></span> <span class='ocrx_word' id='word_1_25' title='bbox 434 525 516 587; x_wconf 84' lang='grc' dir='ltr'><strong><em>ἔστω</em></strong></span> <span class='ocrx_word' id='word_1_26' title='bbox 533 516 771 604; x_wconf 89' lang='grc' dir='ltr'><strong><em>αὐτῶν-ῶσπερ</em></strong></span> <span class='ocrx_word' id='word_1_27' title='bbox 787 527 854 586; x_wconf 91' lang='grc' dir='ltr'><strong><em>τῶν</em></strong></span> <span class='ocrx_word' id='word_1_28' title='bbox 870 517 934 605; x_wconf 81' lang='grc' dir='ltr'><strong><em>πρὸ</em></strong></span> <span class='ocrx_word' id='word_1_29' title='bbox 949 517 1136 588; x_wconf 76' lang='grc' dir='ltr'><em>Εὐκλείδου</em></span> 
     </span>
     <span class='ocr_line' id='line_1_5' title="bbox 134 614 1233 704; baseline 0 -18"><span class='ocrx_word' id='word_1_30' title='bbox 134 617 292 704; x_wconf 86' lang='grc' dir='ltr'><strong><em>ἀρχοντος</em></strong></span> <span class='ocrx_word' id='word_1_31' title='bbox 311 621 546 704; x_wconf 79' lang='grc' dir='ltr'><strong><em>πραχθέντων,</em></strong></span> <span class='ocrx_word' id='word_1_32' title='bbox 572 614 777 703; x_wconf 78' lang='grc' dir='ltr'><em>ὑποθέμενοι</em></span> <span class='ocrx_word' id='word_1_33' title='bbox 798 620 833 685; x_wconf 78' lang='grc' dir='ltr'><strong><em>δὲ</em></strong></span> <span class='ocrx_word' id='word_1_34' title='bbox 852 619 978 703; x_wconf 83' lang='grc' dir='ltr'><strong><em>ταύτην</em></strong></span> <span class='ocrx_word' id='word_1_35' title='bbox 998 627 1136 704; x_wconf 92' lang='grc' dir='ltr'><strong><em>φιλοσο-</em></strong></span> <span class='ocrx_word' id='word_1_36' title='bbox 1229 623 1233 629; x_wconf 80' lang='grc'>’</span> 
     </span>
     <span class='ocr_line' id='line_1_6' title="bbox 133 712 1136 804; baseline -0.001 -21"><span class='ocrx_word' id='word_1_37' title='bbox 133 723 215 804; x_wconf 92' lang='grc' dir='ltr'><strong><em>φίαν</em></strong></span> <span class='ocrx_word' id='word_1_38' title='bbox 230 712 340 801; x_wconf 75' lang='grc' dir='ltr'><strong><em>ὀρθὴν</em></strong></span> <span class='ocrx_word' id='word_1_39' title='bbox 355 713 438 782; x_wconf 76' lang='grc' dir='ltr'><strong><em>εἶναι</em></strong></span> <span class='ocrx_word' id='word_1_40' title='bbox 454 712 516 801; x_wconf 84' lang='grc' dir='ltr'><strong><em>τὴν</em></strong></span> <span class='ocrx_word' id='word_1_41' title='bbox 534 722 600 782; x_wconf 91' lang='grc' dir='ltr'><strong><em>τῶν</em></strong></span> <span class='ocrx_word' id='word_1_42' title='bbox 614 721 792 800; x_wconf 71' lang='grc' dir='ltr'><strong><em>Στωϊκῶν,</em></strong></span> <span class='ocrx_word' id='word_1_43' title='bbox 810 713 915 802; x_wconf 85' lang='grc' dir='ltr'><strong><em>ἀλλην</em></strong></span> <span class='ocrx_word' id='word_1_44' title='bbox 930 720 966 784; x_wconf 81' lang='grc' dir='ltr'><strong><em>δὲ</em></strong></span> <span class='ocrx_word' id='word_1_45' title='bbox 980 712 1058 802; x_wconf 81' lang='grc' dir='ltr'><strong><em>μηδ’</em></strong></span> <span class='ocrx_word' id='word_1_46' title='bbox 1074 713 1136 802; x_wconf 81' lang='grc' dir='ltr'><strong><em>ην-</em></strong></span> 
     </span>
     <span class='ocr_line' id='line_1_7' title="bbox 131 808 1135 900; baseline -0.002 -18"><span class='ocrx_word' id='word_1_47' title='bbox 131 822 288 900; x_wconf 86' lang='grc' dir='ltr'><strong><em>τιναοῦν,</em></strong></span> <span class='ocrx_word' id='word_1_48' title='bbox 313 819 436 898; x_wconf 74' lang='grc' dir='ltr'><strong><em>ἴδωμεν</em></strong></span> <span class='ocrx_word' id='word_1_49' title='bbox 460 819 489 881; x_wconf 88' lang='grc' dir='ltr'><strong><em>εί</em></strong></span> <span class='ocrx_word' id='word_1_50' title='bbox 510 811 626 898; x_wconf 79' lang='grc' dir='ltr'><strong><em>ἐφικτὴ</em></strong></span> <span class='ocrx_word' id='word_1_51' title='bbox 651 811 735 898; x_wconf 83' lang='grc' dir='ltr'><strong><em>αὐτη</em></strong></span> <span class='ocrx_word' id='word_1_52' title='bbox 756 815 811 880; x_wconf 81' lang='grc' dir='ltr'><strong><em>καὶ</em></strong></span> <span class='ocrx_word' id='word_1_53' title='bbox 831 813 957 900; x_wconf 82' lang='grc' dir='ltr'><strong><em>δυνατή</em></strong></span> <span class='ocrx_word' id='word_1_54' title='bbox 981 815 1088 899; x_wconf 86' lang='grc' dir='ltr'><strong><em>ἐστιν,</em></strong></span> <span class='ocrx_word' id='word_1_55' title='bbox 1113 808 1135 898; x_wconf 75' lang='grc' dir='ltr'><em>ἢ</em></span> 
     </span>
     <span class='ocr_line' id='line_1_8' title="bbox 131 907 1135 1000; baseline -0.003 -20"><span class='ocrx_word' id='word_1_56' title='bbox 131 912 240 1000; x_wconf 80' lang='grc' dir='ltr'><em>μάτην</em></span> <span class='ocrx_word' id='word_1_57' title='bbox 262 912 449 998; x_wconf 86' lang='grc' dir='ltr'><strong><em>κάμνονσιν</em></strong></span> <span class='ocrx_word' id='word_1_58' title='bbox 467 909 584 978; x_wconf 87' lang='grc' dir='ltr'><strong><em>ὁπόσοι</em></strong></span> <span class='ocrx_word' id='word_1_59' title='bbox 605 914 753 995; x_wconf 80' lang='grc' dir='ltr'><strong><em>ἐφίενται</em></strong></span> <span class='ocrx_word' id='word_1_60' title='bbox 775 907 891 996; x_wconf 81' lang='grc' dir='ltr'><strong><em>αὐτῆς·</em></strong></span> <span class='ocrx_word' id='word_1_61' title='bbox 920 908 978 990; x_wconf 79' lang='grc' dir='ltr'><strong><em>τὰς</em></strong></span> <span class='ocrx_word' id='word_1_62' title='bbox 994 911 1055 997; x_wconf 72' lang='grc' dir='ltr'><strong><em>μὲν</em></strong></span> <span class='ocrx_word' id='word_1_63' title='bbox 1071 907 1135 997; x_wconf 78' lang='grc' dir='ltr'><strong><em>γὰρ</em></strong></span> 
     </span>
     <span class='ocr_line' id='line_1_9' title="bbox 131 1005 1136 1096; baseline -0.004 -17"><span class='ocrx_word' id='word_1_64' title='bbox 131 1009 324 1096; x_wconf 82' lang='grc' dir='ltr'><strong><em>ὑποσχέσεις</em></strong></span> <span class='ocrx_word' id='word_1_65' title='bbox 346 1007 459 1078; x_wconf 87' lang='grc' dir='ltr'><strong><em>ἀκούω</em></strong></span> <span class='ocrx_word' id='word_1_66' title='bbox 477 1008 674 1094; x_wconf 85' lang='grc' dir='ltr'><strong><em>θαυμαστός</em></strong></span> <span class='ocrx_word' id='word_1_67' title='bbox 690 1034 797 1094; x_wconf 88' lang='grc' dir='ltr'><strong><em>τινας,</em></strong></span> <span class='ocrx_word' id='word_1_68' title='bbox 823 1005 921 1094; x_wconf 80' lang='grc' dir='ltr'><strong><em>ἡλίκα</em></strong></span> <span class='ocrx_word' id='word_1_69' title='bbox 936 1007 1136 1096; x_wconf 87' lang='grc' dir='ltr'><strong><em>εὐδαιμονη-</em></strong></span> 
     </span>
     <span class='ocr_line' id='line_1_10' title="bbox 133 1105 1136 1195; baseline -0.003 -19"><span class='ocrx_word' id='word_1_70' title='bbox 133 1129 251 1176; x_wconf 90' lang='grc' dir='ltr'><strong><em>οονοιν</em></strong></span> <span class='ocrx_word' id='word_1_71' title='bbox 265 1113 299 1176; x_wconf 78' lang='grc' dir='ltr'><strong><em>οἱ</em></strong></span> <span class='ocrx_word' id='word_1_72' title='bbox 313 1111 346 1186; x_wconf 85' lang='grc' dir='ltr'><strong><em>ἐς</em></strong></span> <span class='ocrx_word' id='word_1_73' title='bbox 366 1105 403 1174; x_wconf 90' lang='grc' dir='ltr'><strong><em>τδ</em></strong></span> <span class='ocrx_word' id='word_1_74' title='bbox 425 1106 801 1190; x_wconf 40' lang='grc' dir='ltr'><strong><em>ἀκρότατοννέλθόντες·</em></strong></span> <span class='ocrx_word' id='word_1_75' title='bbox 830 1107 956 1192; x_wconf 81' lang='grc' dir='ltr'><em>μόνους</em></span> <span class='ocrx_word' id='word_1_76' title='bbox 975 1105 1040 1195; x_wconf 76' lang='grc' dir='ltr'><strong><em>μάρ</em></strong></span> <span class='ocrx_word' id='word_1_77' title='bbox 1056 1107 1136 1175; x_wconf 85' lang='grc' dir='ltr'><strong><em>τού-</em></strong></span> 
     </span>
     <span class='ocr_line' id='line_1_11' title="bbox 132 1200 1135 1293; baseline -0.003 -21"><span class='ocrx_word' id='word_1_78' title='bbox 132 1233 210 1283; x_wconf 89' lang='grc' dir='ltr'><strong><em>τονς</em></strong></span> <span class='ocrx_word' id='word_1_79' title='bbox 221 1203 329 1272; x_wconf 89' lang='grc' dir='ltr'><strong><em>πάντα</em></strong></span> <span class='ocrx_word' id='word_1_80' title='bbox 340 1206 566 1292; x_wconf 85' lang='grc' dir='ltr'><strong><em>συλλαβόντας</em></strong></span> <span class='ocrx_word' id='word_1_81' title='bbox 579 1205 664 1284; x_wconf 72' lang='grc' dir='ltr'><strong><em>έξειν</em></strong></span> <span class='ocrx_word' id='word_1_82' title='bbox 673 1200 713 1269; x_wconf 88' lang='grc' dir='ltr'><strong><em>τά</em></strong></span> <span class='ocrx_word' id='word_1_83' title='bbox 724 1210 770 1293; x_wconf 79' lang='grc' dir='ltr'><strong><em>τῶ</em></strong></span> <span class='ocrx_word' id='word_1_84' title='bbox 781 1201 853 1271; x_wconf 89' lang='grc' dir='ltr'><strong><em>όντι</em></strong></span> <span class='ocrx_word' id='word_1_85' title='bbox 863 1203 984 1289; x_wconf 77' lang='grc' dir='ltr'><strong><em>ἀγαθοί.</em></strong></span> <span class='ocrx_word' id='word_1_86' title='bbox 1000 1202 1043 1272; x_wconf 85' lang='grc' dir='ltr'><strong><em>’τό</em></strong></span> <span class='ocrx_word' id='word_1_87' title='bbox 1055 1203 1135 1290; x_wconf 82' lang='grc' dir='ltr'><strong><em>μετὰ</em></strong></span> 
     </span>
     <span class='ocr_line' id='line_1_12' title="bbox 113 1299 1136 1388; baseline -0.007 -15"><span class='ocrx_word' id='word_1_88' title='bbox 113 1312 235 1373; x_wconf 83' lang='grc' dir='ltr'><strong><em>ταῦτα</em></strong></span> <span class='ocrx_word' id='word_1_89' title='bbox 259 1304 293 1371; x_wconf 70' lang='grc' dir='ltr'><strong><em>δὲ</em></strong></span> <span class='ocrx_word' id='word_1_90' title='bbox 320 1301 362 1370; x_wconf 82' lang='grc' dir='ltr'><strong><em>σύ</em></strong></span> <span class='ocrx_word' id='word_1_91' title='bbox 384 1299 427 1370; x_wconf 85' lang='grc' dir='ltr'><strong><em>ἀν</em></strong></span> <span class='ocrx_word' id='word_1_92' title='bbox 448 1301 586 1388; x_wconf 84' lang='grc' dir='ltr'><strong><em>ἀμεινον</em></strong></span> <span class='ocrx_word' id='word_1_93' title='bbox 609 1307 742 1386; x_wconf 79' lang='grc' dir='ltr'><strong><em>εἰδείης,</em></strong></span> <span class='ocrx_word' id='word_1_94' title='bbox 774 1311 808 1369; x_wconf 80' lang='grc' dir='ltr'><strong><em>εἴ</em></strong></span> <span class='ocrx_word' id='word_1_95' title='bbox 828 1327 893 1369; x_wconf 91' lang='grc' dir='ltr'><strong><em>τινι</em></strong></span> <span class='ocrx_word' id='word_1_96' title='bbox 920 1301 1136 1388; x_wconf 81' lang='grc' dir='ltr'><strong><em>ἐντετύχηκας</em></strong></span> 
     </span>
     <span class='ocr_line' id='line_1_13' title="bbox 132 1397 1205 1492; baseline -0.007 -20"><span class='ocrx_word' id='word_1_97' title='bbox 132 1408 270 1491; x_wconf 75' lang='grc' dir='ltr'><strong><em>Στωϊκῷ</em></strong></span> <span class='ocrx_word' id='word_1_98' title='bbox 285 1401 426 1490; x_wconf 85' lang='grc' dir='ltr'><strong><em>τοιούτφ</em></strong></span> <span class='ocrx_word' id='word_1_99' title='bbox 447 1401 509 1485; x_wconf 75' lang='grc' dir='ltr'><strong><em>[καὶ</em></strong></span> <span class='ocrx_word' id='word_1_100' title='bbox 525 1406 685 1468; x_wconf 78' lang='grc' dir='ltr'><strong><em>Στωϊκῶν</em></strong></span> <span class='ocrx_word' id='word_1_101' title='bbox 701 1408 748 1488; x_wconf 78' lang='grc' dir='ltr'><strong><em>τῷ</em></strong></span> <span class='ocrx_word' id='word_1_102' title='bbox 761 1397 881 1488; x_wconf 83' lang='grc' dir='ltr'><strong><em>ἀκρφ],</em></strong></span> <span class='ocrx_word' id='word_1_103' title='bbox 903 1403 963 1492; x_wconf 79' lang='grc' dir='ltr'><strong><em>οἵῳ</em></strong></span> <span class='ocrx_word' id='word_1_104' title='bbox 978 1400 1059 1486; x_wconf 77' lang='grc' dir='ltr'><strong><em>μήτε</em></strong></span> <span class='ocrx_word' id='word_1_105' title='bbox 1073 1408 1133 1467; x_wconf 88' lang='grc' dir='ltr'><strong><em>λο-</em></strong></span> <span class='ocrx_word' id='word_1_106' title='bbox 1151 1425 1205 1478; x_wconf 77' lang='lat'><strong><em>820</em></strong></span> 
     </span>
     <span class='ocr_line' id='line_1_14' title="bbox 132 1487 1231 1585; baseline -0.005 -18"><span class='ocrx_word' id='word_1_107' title='bbox 132 1511 267 1568; x_wconf 81' lang='grc' dir='ltr'><strong><em>κεῖσθαι</em></strong></span> <span class='ocrx_word' id='word_1_108' title='bbox 283 1497 364 1585; x_wconf 78' lang='grc' dir='ltr'><strong><em>μηδ’</em></strong></span> <span class='ocrx_word' id='word_1_109' title='bbox 385 1496 446 1585; x_wconf 82' lang='grc' dir='ltr'><strong><em>ὑφ’</em></strong></span> <span class='ocrx_word' id='word_1_110' title='bbox 461 1497 583 1584; x_wconf 79' lang='grc' dir='ltr'><strong><em>ἡδονῆς</em></strong></span> <span class='ocrx_word' id='word_1_111' title='bbox 597 1504 830 1565; x_wconf 78' lang='grc' dir='ltr'><strong><em>κατασπᾶσθαι</em></strong></span> <span class='ocrx_word' id='word_1_112' title='bbox 841 1487 922 1584; x_wconf 85' lang='grc' dir='ltr'><strong><em>μήτε</em></strong></span> <span class='ocrx_word' id='word_1_113' title='bbox 934 1495 1133 1583; x_wconf 79' lang='grc' dir='ltr'><strong><em>ὀργίζεσθαι,</em></strong></span> <span class='ocrx_word' id='word_1_114' title='bbox 1217 1492 1231 1549; x_wconf 74' lang='grc'><strong><em>-’</em></strong></span> 
     </span>
     <span class='ocr_line' id='line_1_15' title="bbox 134 1595 1134 1683; baseline -0.005 -17"><span class='ocrx_word' id='word_1_115' title='bbox 134 1598 270 1683; x_wconf 86' lang='grc' dir='ltr'><strong><em>φθόνον</em></strong></span> <span class='ocrx_word' id='word_1_116' title='bbox 293 1599 329 1664; x_wconf 81' lang='grc' dir='ltr'><strong><em>δὲ</em></strong></span> <span class='ocrx_word' id='word_1_117' title='bbox 352 1603 514 1682; x_wconf 80' lang='grc' dir='ltr'><strong><em>κρείττονι</em></strong></span> <span class='ocrx_word' id='word_1_118' title='bbox 540 1597 593 1662; x_wconf 77' lang='grc' dir='ltr'><strong><em>καὶ</em></strong></span> <span class='ocrx_word' id='word_1_119' title='bbox 617 1595 764 1663; x_wconf 89' lang='grc' dir='ltr'><strong><em>πλούτον</em></strong></span> <span class='ocrx_word' id='word_1_120' title='bbox 789 1601 1058 1680; x_wconf 82' lang='grc' dir='ltr'><strong><em>καταφρονοῦντι</em></strong></span> <span class='ocrx_word' id='word_1_121' title='bbox 1080 1597 1134 1661; x_wconf 83' lang='grc' dir='ltr'><strong><em>καὶ</em></strong></span> 
     </span>
     <span class='ocr_line' id='line_1_16' title="bbox 133 1689 1135 1781; baseline -0.002 -19"><span class='ocrx_word' id='word_1_122' title='bbox 133 1695 282 1774; x_wconf 84' lang='grc' dir='ltr'><strong><em>συνόλως</em></strong></span> <span class='ocrx_word' id='word_1_123' title='bbox 302 1693 492 1781; x_wconf 88' lang='grc' dir='ltr'><strong><em>εὐδαίμονι,</em></strong></span> <span class='ocrx_word' id='word_1_124' title='bbox 517 1691 634 1762; x_wconf 81' lang='grc' dir='ltr'><strong><em>ὁποῖον</em></strong></span> <span class='ocrx_word' id='word_1_125' title='bbox 660 1690 802 1779; x_wconf 80' lang='grc' dir='ltr'><strong><em>χρὴτὸν</em></strong></span> <span class='ocrx_word' id='word_1_126' title='bbox 821 1694 948 1760; x_wconf 87' lang='grc' dir='ltr'><strong><em>κανόνα</em></strong></span> <span class='ocrx_word' id='word_1_127' title='bbox 975 1689 1135 1760; x_wconf 77' lang='grc' dir='ltr'><strong><em>εἶναικαὶ</em></strong></span> 
     </span>
     <span class='ocr_line' id='line_1_17' title="bbox 133 1786 1161 1879; baseline -0.005 -19"><span class='ocrx_word' id='word_1_128' title='bbox 133 1792 289 1879; x_wconf 82' lang='grc' dir='ltr'><strong><em>χνῶμονα</em></strong></span> <span class='ocrx_word' id='word_1_129' title='bbox 306 1800 368 1860; x_wconf 80' lang='grc' dir='ltr'><strong><em>τοῦ</em></strong></span> <span class='ocrx_word' id='word_1_130' title='bbox 382 1789 465 1861; x_wconf 83' lang='grc' dir='ltr'><strong><em>κατα</em></strong></span> <span class='ocrx_word' id='word_1_131' title='bbox 479 1789 540 1878; x_wconf 80' lang='grc' dir='ltr'><strong><em>τὴν</em></strong></span> <span class='ocrx_word' id='word_1_132' title='bbox 557 1789 679 1878; x_wconf 81' lang='grc' dir='ltr'><strong><em>ἀρετὴν</em></strong></span> <span class='ocrx_word' id='word_1_133' title='bbox 692 1798 786 1878; x_wconf 82' lang='grc' dir='ltr'><strong><em>βίον,</em></strong></span> <span class='ocrx_word' id='word_1_134' title='bbox 800 1831 843 1845; x_wconf 83' lang='grc'><strong><em>·-</em></strong></span> <span class='ocrx_word' id='word_1_135' title='bbox 863 1787 880 1858; x_wconf 90' lang='grc' dir='ltr'>ὁ</span> <span class='ocrx_word' id='word_1_136' title='bbox 902 1787 967 1876; x_wconf 72' lang='grc' dir='ltr'><strong><em>γὰρ</em></strong></span> <span class='ocrx_word' id='word_1_137' title='bbox 982 1792 1037 1857; x_wconf 81' lang='grc' dir='ltr'><strong><em>καὶ</em></strong></span> <span class='ocrx_word' id='word_1_138' title='bbox 1051 1786 1133 1856; x_wconf 85' lang='grc' dir='ltr'><strong><em>κατά</em></strong></span> <span class='ocrx_word' id='word_1_139' title='bbox 1160 1867 1161 1870; x_wconf 10' lang='lat'>¹</span> 
     </span>
     <span class='ocr_line' id='line_1_18' title="bbox 133 1885 1133 1979; baseline -0.006 -18"><span class='ocrx_word' id='word_1_140' title='bbox 133 1892 331 1979; x_wconf 88' lang='grc' dir='ltr'><strong><em>μικρότατον</em></strong></span> <span class='ocrx_word' id='word_1_141' title='bbox 343 1893 466 1959; x_wconf 83' lang='grc' dir='ltr'><strong><em>ἐνδέων</em></strong></span> <span class='ocrx_word' id='word_1_142' title='bbox 480 1887 610 1977; x_wconf 83' lang='grc' dir='ltr'><strong><em>ἀτελής,</em></strong></span> <span class='ocrx_word' id='word_1_143' title='bbox 625 1885 691 1959; x_wconf 83' lang='grc' dir='ltr'><strong><em>κάν</em></strong></span> <span class='ocrx_word' id='word_1_144' title='bbox 700 1890 808 1958; x_wconf 88' lang='grc' dir='ltr'><strong><em>πάντα</em></strong></span> <span class='ocrx_word' id='word_1_145' title='bbox 818 1896 920 1958; x_wconf 88' lang='grc' dir='ltr'><strong><em>πλείω</em></strong></span> <span class='ocrx_word' id='word_1_146' title='bbox 935 1894 993 1979; x_wconf 87' lang='grc' dir='ltr'><strong><em>έχη</em></strong></span> <span class='ocrx_word' id='word_1_147' title='bbox 1002 1928 1046 1941; x_wconf 89' lang='grc'><strong>-</strong></span> <span class='ocrx_word' id='word_1_148' title='bbox 1057 1893 1088 1956; x_wconf 84' lang='grc' dir='ltr'><strong><em>εί</em></strong></span> <span class='ocrx_word' id='word_1_149' title='bbox 1097 1887 1133 1955; x_wconf 77' lang='grc' dir='ltr'><strong><em>δὲ</em></strong></span> 
     </span>
     <span class='ocr_line' id='line_1_19' title="bbox 132 1985 768 2074; baseline -0.003 -17"><span class='ocrx_word' id='word_1_150' title='bbox 132 1997 230 2057; x_wconf 84' lang='grc' dir='ltr'><strong><em>τοῦτο</em></strong></span> <span class='ocrx_word' id='word_1_151' title='bbox 247 1985 335 2074; x_wconf 91' lang='grc' dir='ltr'><strong><em>οὐχί,</em></strong></span> <span class='ocrx_word' id='word_1_152' title='bbox 353 1987 483 2057; x_wconf 87' lang='grc' dir='ltr'><strong><em>οὐδέπω</em></strong></span> <span class='ocrx_word' id='word_1_153' title='bbox 501 1987 677 2073; x_wconf 88' lang='grc' dir='ltr'><strong><em>εὐδαίμων.</em></strong></span> <span class='ocrx_word' id='word_1_154' title='bbox 765 2042 768 2045; x_wconf 75' lang='lat'><strong>.</strong></span> 
     </span>
     <span class='ocr_line' id='line_1_20' title="bbox 218 2083 828 2154; baseline -0.005 0"><span class='ocrx_word' id='word_1_155' title='bbox 218 2090 267 2154; x_wconf 83' lang='lat'><strong><em>77.</em></strong></span> <span class='ocrx_word' id='word_1_156' title='bbox 289 2093 392 2153; x_wconf 85' lang='grc' dir='ltr'><strong>ΕΡΜ.</strong></span> <span class='ocrx_word' id='word_1_157' title='bbox 417 2083 548 2153; x_wconf 81' lang='grc' dir='ltr'><strong><em>Οὐδένα</em></strong></span> <span class='ocrx_word' id='word_1_158' title='bbox 563 2092 715 2151; x_wconf 84' lang='grc' dir='ltr'><strong><em>τοιοῦτον</em></strong></span> <span class='ocrx_word' id='word_1_159' title='bbox 731 2084 828 2151; x_wconf 77' lang='grc' dir='ltr'><strong><em>εἶδον.</em></strong></span> 
     </span>
     <span class='ocr_line' id='line_1_21' title="bbox 216 2175 1134 2271; baseline -0.003 -19"><span class='ocrx_word' id='word_1_160' title='bbox 216 2190 315 2252; x_wconf 79' lang='lat' dir='ltr'><em>AYK.</em></span> <span class='ocrx_word' id='word_1_161' title='bbox 338 2175 390 2251; x_wconf 85' lang='grc' dir='ltr'><strong><em>Εὐ</em></strong></span> <span class='ocrx_word' id='word_1_162' title='bbox 403 2209 458 2269; x_wconf 76' lang='grc' dir='ltr'><strong><em>με,</em></strong></span> <span class='ocrx_word' id='word_1_163' title='bbox 476 2176 503 2249; x_wconf 89' lang='grc' dir='ltr'><strong><em>ῶ</em></strong></span> <span class='ocrx_word' id='word_1_164' title='bbox 519 2180 709 2268; x_wconf 83' lang='grc' dir='ltr'><strong><em>Ἑρμότιμε,</em></strong></span> <span class='ocrx_word' id='word_1_165' title='bbox 727 2182 777 2250; x_wconf 84' lang='grc' dir='ltr'><strong><em>ὅτι</em></strong></span> <span class='ocrx_word' id='word_1_166' title='bbox 793 2181 834 2249; x_wconf 94' lang='grc' dir='ltr'><strong><em>οὐ</em></strong></span> <span class='ocrx_word' id='word_1_167' title='bbox 847 2184 955 2271; x_wconf 75' lang='grc' dir='ltr'><strong><em>ψεύδη</em></strong></span> <span class='ocrx_word' id='word_1_168' title='bbox 970 2184 1064 2250; x_wconf 84' lang='grc' dir='ltr'><strong><em>ἕκῶν.</em></strong></span> <span class='ocrx_word' id='word_1_169' title='bbox 1088 2188 1134 2260; x_wconf 88' lang='grc' dir='ltr'><strong><em>είς</em></strong></span> 
     </span>
     <span class='ocr_line' id='line_1_22' title="bbox 131 2273 1210 2369; baseline -0.007 -16"><span class='ocrx_word' id='word_1_170' title='bbox 131 2290 166 2353; x_wconf 90' lang='grc' dir='ltr'><strong><em>τί</em></strong></span> <span class='ocrx_word' id='word_1_171' title='bbox 183 2280 214 2351; x_wconf 88' lang='grc' dir='ltr'><strong><em>δ’</em></strong></span> <span class='ocrx_word' id='word_1_172' title='bbox 236 2273 300 2349; x_wconf 88' lang='grc' dir='ltr'><strong><em>οὐν</em></strong></span> <span class='ocrx_word' id='word_1_173' title='bbox 316 2279 514 2367; x_wconf 74' lang='grc' dir='ltr'><strong><em>ἀποβλέπων</em></strong></span> <span class='ocrx_word' id='word_1_174' title='bbox 531 2289 742 2367; x_wconf 81' lang='grc' dir='ltr'><strong><em>φιλοσοφεῖς,</em></strong></span> <span class='ocrx_word' id='word_1_175' title='bbox 768 2278 850 2348; x_wconf 83' lang='grc' dir='ltr'><strong><em>όταν</em></strong></span> <span class='ocrx_word' id='word_1_176' title='bbox 871 2278 952 2369; x_wconf 81' lang='grc' dir='ltr'><strong><em>ὁρᾷς</em></strong></span> <span class='ocrx_word' id='word_1_177' title='bbox 972 2281 1053 2365; x_wconf 82' lang='grc' dir='ltr'><strong><em>μήτε</em></strong></span> <span class='ocrx_word' id='word_1_178' title='bbox 1072 2277 1133 2346; x_wconf 90' lang='grc' dir='ltr'><strong><em>τδν</em></strong></span> <span class='ocrx_word' id='word_1_179' title='bbox 1207 2365 1210 2369; x_wconf 19' lang='grc' dir='ltr'>ι</span> 
     </span>
     <span class='ocr_line' id='line_1_23' title="bbox 132 2374 1132 2464; baseline -0.008 -13"><span class='ocrx_word' id='word_1_180' title='bbox 132 2382 332 2451; x_wconf 79' lang='grc' dir='ltr'><strong><em>διδάσκαλον</em></strong></span> <span class='ocrx_word' id='word_1_181' title='bbox 347 2376 406 2445; x_wconf 90' lang='grc' dir='ltr'><strong><em>τδν</em></strong></span> <span class='ocrx_word' id='word_1_182' title='bbox 421 2378 576 2464; x_wconf 81' lang='grc' dir='ltr'><strong><em>σόνμήτε</em></strong></span> <span class='ocrx_word' id='word_1_183' title='bbox 590 2376 651 2446; x_wconf 83' lang='grc' dir='ltr'><strong><em>τὸν</em></strong></span> <span class='ocrx_word' id='word_1_184' title='bbox 670 2381 800 2445; x_wconf 89' lang='grc' dir='ltr'><strong><em>ἐκείνου</em></strong></span> <span class='ocrx_word' id='word_1_185' title='bbox 814 2377 895 2464; x_wconf 84' lang='grc' dir='ltr'><strong><em>μήτε</em></strong></span> <span class='ocrx_word' id='word_1_186' title='bbox 911 2375 971 2443; x_wconf 84' lang='grc' dir='ltr'><strong><em>τόν</em></strong></span> <span class='ocrx_word' id='word_1_187' title='bbox 988 2375 1053 2461; x_wconf 86' lang='grc' dir='ltr'><strong><em>πρό</em></strong></span> <span class='ocrx_word' id='word_1_188' title='bbox 1069 2374 1132 2443; x_wconf 93' lang='grc' dir='ltr'><strong><em>αὐ-</em></strong></span> 
     </span>
     <span class='ocr_line' id='line_1_24' title="bbox 132 2473 1132 2565; baseline -0.006 -18"><span class='ocrx_word' id='word_1_189' title='bbox 132 2486 192 2547; x_wconf 81' lang='grc' dir='ltr'><strong><em>τοῦ</em></strong></span> <span class='ocrx_word' id='word_1_190' title='bbox 208 2475 284 2565; x_wconf 85' lang='grc' dir='ltr'><strong><em>μηδ’</em></strong></span> <span class='ocrx_word' id='word_1_191' title='bbox 302 2473 403 2554; x_wconf 83' lang='grc' dir='ltr'><strong><em>ἀνείς</em></strong></span> <span class='ocrx_word' id='word_1_192' title='bbox 418 2480 615 2561; x_wconf 78' lang='grc' dir='ltr'><strong><em>δεκαγονίαν</em></strong></span> <span class='ocrx_word' id='word_1_193' title='bbox 627 2473 796 2563; x_wconf 80' lang='grc' dir='ltr'><strong><em>ἀναχάχης</em></strong></span> <span class='ocrx_word' id='word_1_194' title='bbox 810 2474 936 2561; x_wconf 88' lang='grc' dir='ltr'><strong><em>μηδένα</em></strong></span> <span class='ocrx_word' id='word_1_195' title='bbox 951 2473 1062 2542; x_wconf 90' lang='grc' dir='ltr'><strong><em>αὐτῶν</em></strong></span> <span class='ocrx_word' id='word_1_196' title='bbox 1073 2496 1132 2541; x_wconf 89' lang='grc' dir='ltr'><strong><em>σο-</em></strong></span> 
     </span>
     <span class='ocr_line' id='line_1_25' title="bbox 132 2569 1172 2662; baseline -0.003 -19"><span class='ocrx_word' id='word_1_197' title='bbox 132 2574 199 2662; x_wconf 82' lang='grc' dir='ltr'><strong><em>φόν</em></strong></span> <span class='ocrx_word' id='word_1_198' title='bbox 211 2573 355 2661; x_wconf 80' lang='grc' dir='ltr'><strong><em>ἀκριβῶς</em></strong></span> <span class='ocrx_word' id='word_1_199' title='bbox 365 2578 419 2642; x_wconf 81' lang='grc' dir='ltr'><strong><em>καὶ</em></strong></span> <span class='ocrx_word' id='word_1_200' title='bbox 431 2571 485 2641; x_wconf 85' lang='grc' dir='ltr'><strong><em>διά</em></strong></span> <span class='ocrx_word' id='word_1_201' title='bbox 495 2579 592 2640; x_wconf 83' lang='grc' dir='ltr'><strong><em>τοῦτο</em></strong></span> <span class='ocrx_word' id='word_1_202' title='bbox 605 2570 785 2659; x_wconf 87' lang='grc' dir='ltr'><strong><em>εὐδαίμονα</em></strong></span> <span class='ocrx_word' id='word_1_203' title='bbox 795 2575 1035 2659; x_wconf 74' lang='grc' dir='ltr'><strong><em>χεγενημένονς</em></strong></span> <span class='ocrx_word' id='word_1_204' title='bbox 1053 2569 1131 2640; x_wconf 78' lang='grc' dir='ltr'><strong><em>οὐδὲ</em></strong></span> <span class='ocrx_word' id='word_1_205' title='bbox 1169 2635 1172 2640; x_wconf 91' lang='grc'>.</span> 
     </span>
     <span class='ocr_line' id='line_1_26' title="bbox 130 2668 1205 2761; baseline -0.005 -20"><span class='ocrx_word' id='word_1_206' title='bbox 130 2673 195 2761; x_wconf 80' lang='grc' dir='ltr'><strong><em>γὰρ</em></strong></span> <span class='ocrx_word' id='word_1_207' title='bbox 210 2670 254 2741; x_wconf 84' lang='grc' dir='ltr'><strong><em>ἀν</em></strong></span> <span class='ocrx_word' id='word_1_208' title='bbox 276 2677 380 2741; x_wconf 80' lang='grc' dir='ltr'><strong><em>ἐκεῖνο</em></strong></span> <span class='ocrx_word' id='word_1_209' title='bbox 399 2672 509 2758; x_wconf 81' lang='grc' dir='ltr'><strong><em>ὀρθῶς</em></strong></span> <span class='ocrx_word' id='word_1_210' title='bbox 529 2681 650 2757; x_wconf 75' lang='grc' dir='ltr'><strong><em>εἴποις,</em></strong></span> <span class='ocrx_word' id='word_1_211' title='bbox 677 2668 720 2749; x_wconf 87' lang='grc' dir='ltr'><strong><em>ῶς</em></strong></span> <span class='ocrx_word' id='word_1_212' title='bbox 741 2669 885 2757; x_wconf 88' lang='grc' dir='ltr'><strong><em>ἀπόχρη,</em></strong></span> <span class='ocrx_word' id='word_1_213' title='bbox 907 2669 972 2738; x_wconf 85' lang='grc' dir='ltr'><strong><em>κάν</em></strong></span> <span class='ocrx_word' id='word_1_214' title='bbox 991 2677 1131 2758; x_wconf 82' lang='grc' dir='ltr'><strong><em>πλησίον</em></strong></span> <span class='ocrx_word' id='word_1_215' title='bbox 1201 2681 1205 2687; x_wconf 84' lang='grc'><strong>’</strong></span> 
     </span>
     <span class='ocr_line' id='line_1_27' title="bbox 88 2766 1129 2858; baseline 0 -21"><span class='ocrx_word' id='word_1_216' title='bbox 88 2822 89 2825; x_wconf 21' lang='lat'>¹</span> <span class='ocrx_word' id='word_1_217' title='bbox 131 2774 210 2857; x_wconf 83' lang='grc' dir='ltr'><strong><em>φένη</em></strong></span> <span class='ocrx_word' id='word_1_218' title='bbox 227 2776 283 2855; x_wconf 84' lang='grc' dir='ltr'><strong><em>της</em></strong></span> <span class='ocrx_word' id='word_1_219' title='bbox 306 2766 533 2854; x_wconf 87' lang='grc' dir='ltr'><strong><em>εὐδαιμονίας,</em></strong></span> <span class='ocrx_word' id='word_1_220' title='bbox 554 2770 622 2837; x_wconf 80' lang='grc' dir='ltr'><strong><em>ἐπεὶ</em></strong></span> <span class='ocrx_word' id='word_1_221' title='bbox 645 2766 744 2836; x_wconf 78' lang='grc' dir='ltr'><strong><em>οὐδὲν</em></strong></span> <span class='ocrx_word' id='word_1_222' title='bbox 765 2766 901 2855; x_wconf 88' lang='grc' dir='ltr'><strong><em>όφελος·</em></strong></span> <span class='ocrx_word' id='word_1_223' title='bbox 930 2766 1050 2855; x_wconf 87' lang='grc' dir='ltr'><strong><em>ὁμοίως</em></strong></span> <span class='ocrx_word' id='word_1_224' title='bbox 1065 2768 1129 2858; x_wconf 80' lang='grc' dir='ltr'><strong><em>μάρ</em></strong></span> 
     </span>
     <span class='ocr_line' id='line_1_28' title="bbox 131 2866 1130 2960; baseline -0.004 -22"><span class='ocrx_word' id='word_1_225' title='bbox 131 2876 192 2950; x_wconf 77' lang='grc' dir='ltr'><strong><em>ἔξω</em></strong></span> <span class='ocrx_word' id='word_1_226' title='bbox 206 2876 265 2935; x_wconf 86' lang='grc' dir='ltr'><strong><em>τοῦ</em></strong></span> <span class='ocrx_word' id='word_1_227' title='bbox 284 2869 364 2935; x_wconf 86' lang='grc' dir='ltr'><strong><em>ὀδοῦ</em></strong></span> <span class='ocrx_word' id='word_1_228' title='bbox 380 2870 511 2935; x_wconf 74' lang='grc' dir='ltr'><strong><em>ἐστικαὶ</em></strong></span> <span class='ocrx_word' id='word_1_229' title='bbox 529 2870 566 2935; x_wconf 82' lang='grc' dir='ltr'><strong><em>ἐν</em></strong></span> <span class='ocrx_word' id='word_1_230' title='bbox 580 2874 625 2958; x_wconf 80' lang='grc' dir='ltr'><strong><em>τῷ</em></strong></span> <span class='ocrx_word' id='word_1_231' title='bbox 637 2866 794 2960; x_wconf 74' lang='grc' dir='ltr'><strong><em>ὑπαίθρῳ</em></strong></span> <span class='ocrx_word' id='word_1_232' title='bbox 810 2866 877 2935; x_wconf 82' lang='grc' dir='ltr'><strong><em>ὅτε</em></strong></span> <span class='ocrx_word' id='word_1_233' title='bbox 891 2866 980 2956; x_wconf 87' lang='grc' dir='ltr'><strong><em>παρά</em></strong></span> <span class='ocrx_word' id='word_1_234' title='bbox 991 2867 1052 2955; x_wconf 81' lang='grc' dir='ltr'><strong><em>τὴν</em></strong></span> <span class='ocrx_word' id='word_1_235' title='bbox 1061 2870 1130 2937; x_wconf 88' lang='grc' dir='ltr'><strong><em>θό-</em></strong></span> 
     </span>
     <span class='ocr_line' id='line_1_29' title="bbox 72 2962 1132 3052; baseline 0 -18"><span class='ocrx_word' id='word_1_236' title='bbox 72 2997 74 3001; x_wconf 68' lang='grc'>’</span> <span class='ocrx_word' id='word_1_237' title='bbox 131 2994 194 3052; x_wconf 89' lang='grc' dir='ltr'><strong><em>ραν</em></strong></span> <span class='ocrx_word' id='word_1_238' title='bbox 205 2972 264 3046; x_wconf 82' lang='grc' dir='ltr'><strong><em>ἔξω</em></strong></span> <span class='ocrx_word' id='word_1_239' title='bbox 277 2962 376 3043; x_wconf 85' lang='grc' dir='ltr'><strong><em>ἐστῶς</em></strong></span> <span class='ocrx_word' id='word_1_240' title='bbox 387 2968 441 3032; x_wconf 81' lang='grc' dir='ltr'><strong><em>καὶ</em></strong></span> <span class='ocrx_word' id='word_1_241' title='bbox 455 2964 608 3051; x_wconf 86' lang='grc' dir='ltr'><strong><em>δπόρρω,</em></strong></span> <span class='ocrx_word' id='word_1_242' title='bbox 627 2967 854 3044; x_wconf 78' lang='grc' dir='ltr'><strong><em>διαλλάττοιεν</em></strong></span> <span class='ocrx_word' id='word_1_243' title='bbox 866 2964 897 3033; x_wconf 85' lang='grc' dir='ltr'><strong><em>δ’</em></strong></span> <span class='ocrx_word' id='word_1_244' title='bbox 911 2965 963 3052; x_wconf 86' lang='grc' dir='ltr'><strong><em>ἀν,</em></strong></span> <span class='ocrx_word' id='word_1_245' title='bbox 982 2966 1032 3034; x_wconf 86' lang='grc' dir='ltr'><strong><em>ὅτι</em></strong></span> <span class='ocrx_word' id='word_1_246' title='bbox 1047 2974 1132 3052; x_wconf 89' lang='grc' dir='ltr'><strong><em>μάλ-</em></strong></span> 
     </span>
     <span class='ocr_line' id='line_1_30' title="bbox 129 3056 1197 3150; baseline -0.005 -16"><span class='ocrx_word' id='word_1_247' title='bbox 129 3075 190 3135; x_wconf 94' lang='grc' dir='ltr'><strong><em>λον</em></strong></span> <span class='ocrx_word' id='word_1_248' title='bbox 207 3056 304 3142; x_wconf 83' lang='grc' dir='ltr'><strong><em>οὗτος</em></strong></span> <span class='ocrx_word' id='word_1_249' title='bbox 318 3060 488 3130; x_wconf 87' lang='grc' dir='ltr'><strong><em>ἀνιάσεται</em></strong></span> <span class='ocrx_word' id='word_1_250' title='bbox 503 3060 593 3147; x_wconf 87' lang='grc' dir='ltr'><strong><em>δρῶν</em></strong></span> <span class='ocrx_word' id='word_1_251' title='bbox 607 3063 754 3149; x_wconf 77' lang='grc' dir='ltr'><strong><em>ἐγγύθεν</em></strong></span> <span class='ocrx_word' id='word_1_252' title='bbox 767 3066 849 3130; x_wconf 77' lang='grc' dir='ltr'><strong><em>οἵων</em></strong></span> <span class='ocrx_word' id='word_1_253' title='bbox 863 3066 1038 3150; x_wconf 88' lang='grc' dir='ltr'><strong><em>ἐστέρηται.</em></strong></span> <span class='ocrx_word' id='word_1_254' title='bbox 1062 3062 1129 3130; x_wconf 80' lang='grc' dir='ltr'><strong><em>εἶτα</em></strong></span> <span class='ocrx_word' id='word_1_255' title='bbox 1147 3056 1197 3141; x_wconf 67' lang='lat'><strong><em>821</em></strong></span> 
     </span>
     <span class='ocr_line' id='line_1_31' title="bbox 128 3157 1131 3248; baseline -0.003 -18"><span class='ocrx_word' id='word_1_256' title='bbox 128 3166 186 3230; x_wconf 77' lang='grc' dir='ltr'><strong><em>ἵνα</em></strong></span> <span class='ocrx_word' id='word_1_257' title='bbox 206 3167 346 3247; x_wconf 90' lang='grc' dir='ltr'><strong><em>πλησίον</em></strong></span> <span class='ocrx_word' id='word_1_258' title='bbox 367 3162 447 3248; x_wconf 76' lang='grc' dir='ltr'><strong><em>γένη</em></strong></span> <span class='ocrx_word' id='word_1_259' title='bbox 464 3168 520 3246; x_wconf 76' lang='grc' dir='ltr'><strong><em>τῆς</em></strong></span> <span class='ocrx_word' id='word_1_260' title='bbox 541 3158 752 3247; x_wconf 87' lang='grc' dir='ltr'><strong><em>εὐδαιμονίας</em></strong></span> <span class='ocrx_word' id='word_1_261' title='bbox 770 3202 807 3213; x_wconf 92' lang='lat'><strong><em>-—</em></strong></span> <span class='ocrx_word' id='word_1_262' title='bbox 827 3162 924 3229; x_wconf 87' lang='grc' dir='ltr'><strong><em>δῶσω</em></strong></span> <span class='ocrx_word' id='word_1_263' title='bbox 946 3158 1011 3246; x_wconf 75' lang='grc' dir='ltr'><strong><em>γὰρ</em></strong></span> <span class='ocrx_word' id='word_1_264' title='bbox 1029 3157 1131 3228; x_wconf 85' lang='grc' dir='ltr'><strong><em>τοῦτό</em></strong></span> 
     </span>
     <span class='ocr_line' id='line_1_32' title="bbox 129 3258 1131 3346; baseline -0.001 -18"><span class='ocrx_word' id='word_1_265' title='bbox 129 3283 237 3328; x_wconf 85' lang='grc' dir='ltr'><strong><em>σοι-</em></strong></span> <span class='ocrx_word' id='word_1_266' title='bbox 249 3266 393 3328; x_wconf 80' lang='grc' dir='ltr'><strong><em>τοσαῦτα</em></strong></span> <span class='ocrx_word' id='word_1_267' title='bbox 414 3271 525 3335; x_wconf 82' lang='grc' dir='ltr'><strong><em>πονεῖς</em></strong></span> <span class='ocrx_word' id='word_1_268' title='bbox 541 3260 758 3346; x_wconf 80' lang='grc' dir='ltr'><strong><em>κατατρύχων</em></strong></span> <span class='ocrx_word' id='word_1_269' title='bbox 773 3258 914 3326; x_wconf 84' lang='grc' dir='ltr'><strong><em>σεαυτόν</em></strong></span> <span class='ocrx_word' id='word_1_270' title='bbox 920 3310 929 3342; x_wconf 93' lang='grc'><strong><em>,</em></strong></span> <span class='ocrx_word' id='word_1_271' title='bbox 952 3261 1006 3326; x_wconf 83' lang='grc' dir='ltr'><strong><em>καὶ</em></strong></span> <span class='ocrx_word' id='word_1_272' title='bbox 1022 3283 1131 3346; x_wconf 86' lang='grc' dir='ltr'><strong><em>παρα-</em></strong></span> 
     </span>
     <span class='ocr_line' id='line_1_33' title="bbox 129 3350 1128 3452; baseline 0.002 -28"><span class='ocrx_word' id='word_1_273' title='bbox 129 3358 317 3444; x_wconf 80' lang='grc' dir='ltr'><strong><em>δεδροὶμηκέ</em></strong></span> <span class='ocrx_word' id='word_1_274' title='bbox 331 3375 367 3422; x_wconf 85' lang='grc' dir='ltr'><strong><em>σε</em></strong></span> <span class='ocrx_word' id='word_1_275' title='bbox 388 3352 406 3422; x_wconf 84' lang='grc' dir='ltr'>ὁ</span> <span class='ocrx_word' id='word_1_276' title='bbox 422 3359 493 3441; x_wconf 81' lang='grc' dir='ltr'><strong><em>βίος</em></strong></span> <span class='ocrx_word' id='word_1_277' title='bbox 513 3350 529 3421; x_wconf 88' lang='grc' dir='ltr'>ὁ</span> <span class='ocrx_word' id='word_1_278' title='bbox 554 3363 711 3435; x_wconf 82' lang='grc' dir='ltr'><strong><em>τοσοῦτος</em></strong></span> <span class='ocrx_word' id='word_1_279' title='bbox 731 3359 768 3424; x_wconf 82' lang='grc' dir='ltr'><strong><em>ἐν</em></strong></span> <span class='ocrx_word' id='word_1_280' title='bbox 784 3353 903 3445; x_wconf 75' lang='grc' dir='ltr'><strong><em>ἀκηδίᾳ</em></strong></span> <span class='ocrx_word' id='word_1_281' title='bbox 920 3358 974 3423; x_wconf 80' lang='grc' dir='ltr'><strong><em>καλ</em></strong></span> <span class='ocrx_word' id='word_1_282' title='bbox 994 3358 1128 3452; x_wconf 85' lang='grc' dir='ltr'><strong><em>καμότφ</em></strong></span> 
     </span>
     <span class='ocr_line' id='line_1_34' title="bbox 214 3459 990 3523; baseline -0.001 -1"><span class='ocrx_word' id='word_1_283' title='bbox 214 3480 319 3523; x_wconf 66' lang='lat' dir='ltr'><strong><em>wem.</em></strong></span> <span class='ocrx_word' id='word_1_284' title='bbox 334 3466 355 3521; x_wconf 92' lang='lat' dir='ltr'><strong><em>l.</em></strong></span> <span class='ocrx_word' id='word_1_285' title='bbox 950 3459 990 3521; x_wconf 74' lang='lat'><strong><em>25</em></strong></span> 
     </span>
    </p>
   </div>
   <div class='ocr_carea' id='block_1_3' title="bbox 0 0 1280 3825">
    <p class='ocr_par' dir='ltr' id='par_1_3' title="bbox 0 0 1280 3825">
     <span class='ocr_line' id='line_1_35' title="bbox 0 0 1280 3825; baseline 0 1"><span class='ocrx_word' id='word_1_286' title='bbox 0 0 1280 3825; x_wconf 95' lang='lat' dir='ltr'><strong><em> </em></strong></span> 
     </span>
    </p>
   </div>
  </div>
 </body>
</html>
