2550 3825
435 220 564 279 ΒΙΩΝ
583 220 776 281 ΠΡΑΣΙΣ.
1045 212 1109 276 229

105 376 170 465 γάρ
187 375 298 464 ἀμέλει
318 380 355 445 έν
371 390 437 455 τοίς
455 375 588 454 ἀδύτοις
608 374 779 444 ἀπόκειται
799 380 969 464 γραφέντα
989 370 1108 463 πρλνῆ

106 474 172 556 πρό
189 478 272 543 έτῶν
287 482 424 561 μυρίων.
459 480 508 542 15.
531 478 567 541 αι’
580 471 617 541 δὲ
628 483 746 541 θυσίαι
760 478 814 545 καί
828 473 906 560 παρ’
924 479 1062 552 ἐκείνοις
1076 476 1113 541 αἱ

107 573 228 658 αὐταί,
237 572 325 659 πλῆν
338 572 388 641 ὅτι
403 580 568 641 πενθοῦσι
577 569 614 641 τό
626 576 749 669 ἱερεῖον
759 575 813 640 καὶ
826 574 1004 640 κόπτονται
1014 596 1111 655 περι-

108 672 242 750 στάντες
260 671 324 759 ῆδη
344 670 615 756 πεφονευμένον,
644 676 678 739 οί
691 672 727 739 δὲ
749 674 804 740 καὶ
820 673 989 739 θάπτουσι
1003 670 1110 756 μόνον

108 770 366 856 ἀποσφάξαντες.
390 767 408 836 ὁ
423 768 558 855 μὲνγὰρ
571 762 679 855 Ἀπις,
694 767 712 837 ὁ
727 772 877 856 μέγιστος
891 770 1002 849 αὐτοῖς
1016 768 1107 853 θεός,
1127 784 1179 838 539

110 866 169 937 έάν
184 867 358 955 ἀποθάνῃ,
374 875 422 946 τίς
434 866 522 934 οὕτω
536 872 611 951 περὶ
629 876 757 937 πολλοῦ
772 884 910 937 ποιεῖται
927 866 988 955 τῆν
1002 867 1110 953 κόμῆν

109 966 199 1045 ὅστις
213 965 275 1034 ούκ
291 964 477 1052 ἀπεξύρησε
487 967 541 1033 καλ
553 962 685 1052 ύύῆλὸν
696 969 748 1035 ε’πί
759 976 815 1053 τῆς
825 974 970 1053 κεφαλῆς
981 963 1017 1034 τό
1030 967 1111 1031 πέν-

109 1076 173 1143 θος
188 1067 387 1148 ἐπεδείξατο,
410 1060 475 1131 κάν
490 1063 549 1133 τόν
563 1071 674 1133 Νίσου
694 1072 749 1153 ἒχή
766 1064 938 1151 πλόκαμον
951 1062 1011 1133 τόν
1027 1089 1112 1149 πορ-

111 1172 263 1250 φυροῦυς
286 1170 353 1233 ἔστι
369 1168 405 1231 δὲ
419 1162 435 1231 ὁ
451 1158 544 1243 Ἀπις
562 1168 594 1244 ἐξ
609 1163 728 1252 ἀγέλης
741 1163 821 1243 θεὸς
836 1168 888 1233 ἐπί
902 1172 947 1254 τῷ
963 1166 1111 1250 προτέρῳ

109 1262 417 1349 χειροτονούμενος,
442 1260 485 1341 ὡς
498 1261 584 1332 πολύ
599 1270 745 1332 καλλίων
760 1266 815 1331 καὶ
832 1264 1029 1349 σεμνότερος
1043 1268 1111 1329 των

112 1364 251 1427 ἰδιωτῶν
264 1366 364 1446 βοῶν.
386 1368 489 1428 ταῦτα
504 1360 591 1429 ούτω
604 1364 787 1448 γιγνόμενα
798 1366 853 1429 καὶ
868 1360 934 1430 ύπό
949 1368 1016 1429 τῶν
1028 1368 1112 1429 πολ-

113 1466 180 1528 λῶν
197 1459 418 1544 πιστευόμενα
432 1462 567 1527 δεῖσθαί
578 1486 634 1545 μοι
651 1465 742 1528 δοκεῖ
751 1467 811 1527 τοῦ
825 1462 886 1545 μὲν
900 1460 1111 1546 ἐπιτιμήσου-

113 1583 167 1635 τος
186 1554 339 1643 ούδενός,
362 1554 574 1640 Ἡρακλείτου
597 1562 637 1627 δέ
654 1586 743 1637 τινος
758 1557 780 1645 ή
797 1565 1025 1645 Δημοκρίτου,
1050 1562 1111 1625 τοῦ

113 1656 175 1741 μὲν
188 1658 414 1745 γελασομένου
425 1653 487 1742 τήν
497 1654 639 1742 ἀγνοιαν
653 1658 780 1742 αὐτῶν,
798 1664 859 1724 τού
870 1653 977 1742 δὲτὴν
992 1655 1110 1723 ἀνοιαν

114 1751 354 1839 ὀδυρουμένου.

392 2072 553 2138 ΒΙΩΝ
586 2071 829 2138 ΠΡΑΣΙΣ
1128 2093 1180 2146 540
1271 2084 1274 2090 “

200 2232 228 2292 1.
261 2233 386 2294 ΖΕΥΣ.
418 2227 472 2297 Σύ
495 2229 556 2315 μὲν
575 2233 717 2298 διατίθει
738 2227 778 2297 τὰ
798 2228 912 2314 βάθρα
933 2230 989 2295 καί
1005 2252 1112 2311 παρα-

115 2323 252 2404 σκεύαζε
264 2323 325 2392 τόν
334 2326 440 2395 τόπον
449 2342 516 2405 τοῖς
526 2329 795 2415 ἀφικνουμένοις,
807 2326 850 2393 σύ
862 2329 898 2394 δὲ
909 2332 1030 2410 στῆσον
1042 2327 1113 2407 ἑξῆς

116 2421 319 2509 παραγαγών
339 2421 416 2503 τούς
435 2432 544 2513 βίους,
572 2423 656 2494 ἀλλά
677 2424 844 2511 κοσμήσας
864 2423 1043 2508 πρότερον,
1071 2419 1114 2499 ὡς

116 2518 328 2606 εὐπρόσωποι
342 2531 529 2607 φανοῦνται
539 2525 594 2591 καλ
605 2522 656 2590 ότι
670 2528 842 2600 πλείστους
858 2523 1047 2602 ἐπάξονται·
1070 2516 1112 2586 σύ

117 2620 168 2704 δέ,
196 2612 223 2686 ὦ
249 2617 365 2706 Ἑρμῆ,
392 2621 532 2706 κήρυττε
552 2623 608 2689 καλ
629 2620 783 2707 ξυγκάλει
804 2617 916 2708 ἀγαθῇ
934 2619 1017 2708 τύχῃ
1036 2616 1114 2696 τούς

117 2716 244 2803 ἀνῆτάς
257 2716 320 2804 ήδη
335 2735 489 2805 παρεῖναι
504 2717 587 2804 πρός
600 2717 637 2788 τό
657 2717 875 2807 πωλητήριον.
907 2715 1115 2804 ἀποκηρύξο-

116 2843 179 2902 μεν
192 2816 228 2883 δὲ
238 2823 333 2902 βίους
345 2820 552 2903 φιλοσόφους
566 2815 690 2895 παντὸς
702 2823 810 2896 εἴδους
823 2820 877 2885 καί
887 2819 1113 2905 προαιρέσεων
1131 2829 1182 2884 541

116 2922 285 2983 ποικίλων.
310 2923 340 2984 εί
350 2918 389 2984 δέ
398 2944 447 2996 τις
461 2915 524 2985 ούκ
536 2924 604 3004 ἔχοι
614 2912 651 2984 τό
665 2922 851 3002 παραυτίκα
860 2914 1042 3002 τάργύριον
1054 2941 1115 2981 κα-

116 3015 335 3101 ταβαλέσθαι,
352 3017 385 3092 ές
398 3017 504 3081 νέωτα
518 3018 636 3082 ἐκτίσει
653 3015 856 3100 καταστήσας
873 3014 1043 3102 ἐγγυητήν.

199 3120 303 3180 ΕΡΜ.
331 3115 456 3181 Πολλοὶ
475 3120 646 3180 συνίασιν·
681 3111 764 3181 ὥστε
783 3113 843 3203 χρῆ
867 3112 911 3200 μῆ
936 3118 1117 3197 διατρίβειν

116 3215 199 3296 μηδὲ
212 3215 359 3296 κατέχειν
374 3209 504 3290 αύτούς.

201 3317 326 3377 τινα.
347 3318 518 3394 Ποιῶμεν
535 3303 607 3378 οὖν.

202 3413 232 3475 2.
255 3414 360 3475 EPM.
385 3414 467 3476 Τίνα
481 3410 592 3488 θέλεις
606 3413 740 3495 πρῶτον
755 3406 1016 3494 παραγάγωμενε
