2550 3825
351 177 599 236 ΝΕΚΡΙΚΟΙ
618 177 878 234 ΔΙΑΛΟΓΟΙ.
1054 173 1114 236 16³

109 363 150 424 με
161 337 217 405 καί
226 334 336 415 οὐδεὶς
348 343 395 405 ἐτι
405 334 586 404 ἀνθίστατο
597 334 744 419 οἰόμενοι
755 342 824 418 θεῷ
836 334 1016 419 μάχεσθαι,
1031 336 1114 401 ῶστε

110 438 194 526 ῥᾷον
209 435 372 518 ἐκράτουν
387 432 509 501 αὐτῶν.

193 540 222 602 2.
246 539 335 602 ΦΙΛ.
361 539 470 601 Τίνων
485 532 522 599 δέ
535 532 717 616 ἐκράτησας
733 531 776 598 σά
795 558 834 618 γε
852 530 1038 616 ἀξιομάχων
1053 529 1113 598 άν-

110 637 217 718 δρῶυ,
242 628 279 710 ὃς
298 636 418 709 δειλοῖς
437 630 487 698 dez
506 632 712 715 ξυνηνέχθης
729 630 862 713 τοξάρια
883 632 937 698 καὶ
954 631 1114 714 πελτάρια

111 734 166 798 καὶ
186 734 290 815 γέρρα
313 730 445 797 οίσάῖυα
469 730 768 815 προβεβλημένοις;
790 726 958 815 Ἑλλήνων
979 742 1113 812 κρατεῖν

111 836 210 915 ἔργον
223 820 283 914 ἦν,
304 834 461 895 Βοιωτῶν
481 827 536 893 καὶ
550 832 696 894 Φωκέων
709 829 764 895 καὶ
781 825 986 913 Ἀθηναίων,
1007 829 1062 895 καὶ
1075 824 1112 895 τὸ

107 925 275 1009 Ἀρκάδων
295 923 467 993 ὁπλιτικὸν
487 928 541 993 καὶ
563 922 624 1011 τὴν
642 924 808 1012 Θετταλὴν
831 929 934 993 ἵππον
956 926 1011 994 καὶ
1035 924 1115 1005 τούς

106 1023 243 1092 Ἠλείων
269 1022 462 1102 ἀκοντιστάς
486 1028 542 1092 καὶ
562 1023 599 1091 τό
623 1029 826 1093 Μαντινέων
849 1021 1066 1091 πελταστικὸν
1090 1021 1113 1110 ἦ

110 1130 244 1212 Θρᾷκας
258 1119 470 1209 η”Ιλλυριούς
485 1118 507 1208 ἢ
524 1125 580 1191 καὶ
589 1131 736 1203 Παίονας
753 1124 994 1211 χειρώσασθαι,
1010 1131 1113 1191 ταῦτα

111 1222 251 1308 μεγάλα·
279 1222 411 1308 Μήδων
428 1223 465 1288 δὲ
482 1223 535 1288 καὶ
545 1229 687 1305 Περσῶν
701 1224 755 1290 καὶ
770 1228 963 1307 Χαλδαίων,
987 1242 1111 1309 χρυσο-
1129 1244 1181 1300 396

111 1321 229 1406 φόρων
240 1318 433 1405 άυθρῶπων
443 1322 497 1387 καὶ
508 1318 641 1407 ἁβρῶν,
657 1318 718 1388 οὐκ
729 1318 829 1388 οἶσθα
842 1319 885 1399 ῶς
896 1318 960 1404 πρὸ
972 1328 1035 1388 σοῦ
1045 1322 1112 1407 μά-

110 1447 178 1505 ριοι
191 1418 272 1507 μετὰ
286 1419 462 1505 Κλεάρχου
480 1417 682 1497 ἀνελθόντες
695 1417 884 1505 ἐκράτησαν,
900 1416 974 1487 οὐδ’
991 1422 1024 1498 ἐς
1043 1435 1111 1507 χεῖ-

111 1544 172 1602 ρας
189 1516 446 1603 ὑπομεινάντων
460 1519 573 1584 ἐλθεῖν
593 1519 746 1603 ἐκείνων,
768 1514 850 1584 άλλά
866 1513 980 1604 πρὶνῆ
999 1515 1036 1584 τὰ
1055 1517 1112 1585 τά·

111 1622 214 1701 ξευμα
228 1618 428 1695 ἐξικνεῖσθαι
443 1614 637 1699 φυγόντων;

194 1722 223 1782 3.
247 1721 371 1792 ΑΛΕΞ.
391 1712 478 1781 Ἀλλ’
497 1718 530 1781 οί
537 1713 674 1781 Σκύθαι
687 1741 741 1800 γε,
759 1707 919 1801 ῶπάτερ,
937 1718 991 1782 καὶ
1006 1719 1040 1782 oi
1049 1712 1111 1781 ’Iv-

111 1818 182 1880 δῶν
197 1815 371 1898 ἐλέφαντες
386 1810 448 1880 οὐκ
465 1811 759 1898 εὐκαταφρόνητόν
772 1839 802 1880 τι
818 1818 934 1899 ἔργον,
955 1814 1009 1880 καὶ
1022 1811 1111 1899 ὅμως

17 1953 24 1964 ·
110 1911 152 1981 οὐ
167 1915 343 2000 διαστήσας
353 1910 475 1992 αὐτοῦς
486 1912 564 1981 οὐδὲ
577 1917 769 1998 προδοσίαις
785 1914 974 1999 ῶνοάμενος
989 1912 1046 1991 τάς
1058 1919 1111 1980 νί-

109 2038 171 2090 κας
179 2013 342 2094 ἐκράτουν
353 2009 478 2079 αὐτῶν·
501 2011 573 2079 οὐδ’
587 2011 775 2096 ἐπιώρκησα
784 2011 916 2080 πῶποτε
929 2008 951 2099 ἢ
963 2010 1110 2097 ὑποσχό-

110 2135 210 2194 μενος
223 2110 415 2196 ἐψευσάμην
428 2105 451 2196 ἢ
469 2109 608 2178 ἄπιστον
624 2111 748 2194 ἔπραξά
767 2136 798 2177 τι
813 2118 874 2178 τοῦ
889 2118 987 2178 νικῶν
1001 2112 1108 2177 ἕνεκα.

109 2209 165 2276 καὶ
180 2205 426 2294 τοάςἝλληνας
436 2209 472 2276 δέ
481 2206 560 2286 τοὺς
571 2208 633 2293 μὲν
647 2205 808 2293 άυαιμωτὶ
818 2211 1023 2295 παρέλαβον,
1041 2217 1111 2295 Θη-

19 2297 24 2310 ’
110 2313 226 2393 βαίους
243 2305 279 2373 δέ
294 2315 372 2384 ἴσως
386 2303 519 2385 άκοάεις
535 2304 625 2384 ὅπως
638 2314 814 2392 μετῆλθον.

113 2450 116 2457 -
194 2412 282 2472 ΦΙΛ.
314 2403 397 2472 Οἶδα
416 2412 520 2473 ταῦτα
540 2405 664 2473 πάντα·
695 2412 831 2482 Κλεῖτος
853 2401 916 2488 γάρ
933 2401 1114 2489 ἀπήγγειλέ

109 2528 182 2588 μοι,
197 2499 238 2568 ὃν
248 2499 291 2569 σύ
302 2509 348 2593 τῷ
363 2506 503 2594 δορατίῳ
520 2504 673 2580 διελάσας
684 2500 804 2587 μεταξὺ
816 2507 1016 2570 δειπνοῦντα
1028 2503 1110 2588 ἐφό-

109 2621 246 2685 νευσας,
263 2599 314 2668 ὅτι
325 2627 366 2687 με
377 2598 460 2684 πρός
471 2599 529 2681 τὰς
540 2599 600 2680 σάς
615 2599 749 2684 πράξεις
760 2602 930 2669 ἐπαινέσαι
941 2601 1107 2690 ἐτόλμησε.

109 2707 137 2768 4.
155 2698 199 2767 σὺ
214 2701 250 2767 δὲ
264 2702 318 2768 καὶ
332 2699 395 2787 τὴν
405 2697 646 2786 Μακεδονικὴν
655 2698 805 2785 χλαμύδα
816 2699 1013 2788 καταβαλῶν
1026 2704 1110 2769 κάν-

109 2803 188 2881 δυν,
211 2795 255 2876 ῶς
271 2818 369 2885 φασι,
390 2802 565 2885 μετενέδυς
583 2800 637 2868 καὶ
652 2797 770 2881 τιάραν
787 2794 896 2885 ὀρθὴν
914 2802 1038 2868 ἐπέθου
1056 2802 1110 2870 καί

108 2907 371 2982 προσκυνεῖσθαι
379 2895 445 2966 ὑπὸ
453 2900 682 2981 Μακεδόνων,
693 2893 752 2962 ὑπ’
763 2898 952 2984 ἐλευθέρων
962 2896 1106 2987 ἀνδρῶν,
1124 2919 1176 2978 397

108 2995 234 3082 ἠξίους,
258 2999 312 3063 καὶ
326 2993 363 3063 τὸ
380 2997 516 3065 πάντων
530 2999 757 3084 γελοιότατον,
779 3003 898 3086 ἐμιμοῦ
915 3001 955 3070 τά
969 3010 1037 3069 τῶν
1050 3028 1108 3070 νε-

108 3094 305 3179 νικημένων.
339 3098 382 3162 ἐῶ
403 3093 469 3182 γάρ
493 3097 602 3181 λέγειν
626 3095 687 3164 ὅσα
709 3095 792 3166 άλλα
814 3105 969 3186 ἔπραξας,
996 3105 1108 3169 λέουσι

107 3201 376 3278 συγκατακλείων
387 3197 670 3279 πεπαιδευμένους
686 3195 809 3281 ἄνδρας
825 3201 879 3265 καλ
893 3199 1021 3283 γάμους
1038 3225 1108 3266 τοι-

108 3290 227 3368 οάτους
237 3297 353 3376 γαμῶν
364 3291 418 3359 καὶ
426 3288 652 3377 Ἡφαιστίωνα
663 3292 896 3382 ὑπεραγαπῶν.
915 3299 951 3362 ἓν
964 3296 1106 3384 ἐπῄνεσα

106 3391 213 3474 μόνον
230 3385 391 3476 άκοάσας,
416 3388 467 3459 ὅτι
482 3388 627 3477 άπέσχου
641 3399 697 3479 τῆς
710 3402 771 3461 τοῦ
784 3393 1106 3548 Δαρείομ1γυυαικός

731 3493 733 3498 “
957 3493 970 3524 ss
