2550 3825
436 175 564 233 ΒΙΩΝ
583 176 778 233 Imm.
1046 172 1107 235 241

107 336 140 411 ἐξ
158 330 310 419 ἀφανοῦς
327 335 430 422 λάβῃ,
459 330 477 399 ὁ
492 339 642 409 τοιοῦτος
660 330 723 418 εἶχε
743 334 804 418 μὲν
826 340 935 419 δηπου
951 333 1109 418 σύμβαμα

106 427 169 505 τὴν
184 438 340 516 χωλείαν,
354 428 391 497 τό
406 437 536 514 τραῦμα
552 433 587 495 δὲ
602 431 850 516 παρασύμβαμα
867 432 1082 517 προσέλαβεν.

44 615 48 621 Δ
191 536 240 597 22.
256 536 356 597 ΑΓΘ.
372 524 414 595 Ὦ
425 534 482 613 τῆς
493 524 670 612 ἀγχινοίας.
693 534 726 595 τί
734 532 787 595 δαὶ
800 527 880 597 ἀλλο
892 530 1032 614 μάλιστα
1043 525 1107 615 φὴς
1125 544 1180 599 562

107 632 245 709 εἰδέναις

190 733 316 794 xm.
344 724 411 803 Τάς
424 732 492 792 τῶν
510 723 621 810 λόγων
636 723 836 807 πλεκτάνας,
854 719 906 802 αἷς
920 728 1109 809 συμποδίζω

109 822 186 900 τούς
201 832 485 909 προσομιλοῦντας
508 825 563 891 καὶ
579 820 781 908 ἀποφράττω
796 827 851 891 καὶ
871 830 1002 893 σιωπᾶν
1024 829 1109 889 ποιῶ

107 918 214 1007 φιμὸν
229 919 370 1007 ἀτεχνῶς
385 920 497 1001 αὐτοῖς
512 928 707 1005 περιτιθείς·
735 919 841 1006 ὄνομα
858 922 894 989 δὲ
913 929 953 1011 τῇ
967 921 1108 1006 δυνάμει

108 1021 212 1109 ταύτῃ
226 1018 243 1086 ὁ
259 1018 409 1106 ἀοίδιμος
426 1020 653 1106 συλλογισμός.

192 1125 292 1186 ΑΓΘ.
309 1116 496 1203 Ἡράκλεις,
511 1118 641 1204 άμαχόν
654 1143 727 1183 τινα
742 1118 796 1183 καὶ
812 1123 923 1202 βίαιον
940 1119 1054 1202 λέγεις.

191 1224 317 1286 ΧΡΤΣ.
338 1220 465 1285 Σκόπει
480 1224 579 1302 γοῦν·
600 1222 668 1283 ἔστι
683 1236 736 1283 σοι
751 1221 901 1297 παιδίον;

191 1322 292 1384 ΑΓΘ.
318 1323 360 1383 Τί
374 1317 457 1402 μήν,

191 1420 317 1481 xm.
342 1421 449 1481 Τοῦτο
463 1412 505 1499 ἤν
519 1438 589 1490 πως
599 1413 809 1496 κροκόδειλος
822 1411 956 1501 ἀρπάσχ
967 1420 1108 1499 πλησίον

108 1520 169 1579 τοῦ
188 1519 340 1598 ποταμοῦ
361 1514 567 1597 πλαζόμενον
588 1508 715 1595 εὑράν,
741 1502 823 1599 κᾷτά
843 1532 896 1578 σοι
918 1508 1107 1581 ἀποδώσειν

108 1611 305 1698 ὑπισχνῆται
319 1611 416 1696 αύτό,
442 1607 486 1698 ἢν
507 1621 600 1698 ελπχς
614 1606 755 1694 τάληθὲς
771 1606 791 1675 ὅ
805 1636 836 1676 τι
852 1611 1003 1677 δέδοκται
1017 1608 1106 1701 αύτῷ

108 1714 183 1797 περὶ
200 1718 257 1796 τῆς
267 1708 458 1789 ἀποδόσεως
467 1716 528 1776 τοῦ
538 1712 700 1795 βρέφους,
718 1712 751 1773 τί
760 1707 878 1794 φήσεις
889 1706 992 1776 αύτδν
1003 1712 1108 1795 ἐγνω-

108 1811 219 1889 κε’ναις

198 1912 294 1975 ΑΓΘ.
315 1904 575 1989 Δυσαπόκριτον
591 1907 722 1995 ἐρωτᾷς.
746 1902 861 1991 ἀποροῖ
875 1903 940 1992 γάρ
955 1903 974 1974 δ
987 1908 1108 1993 πρότε-

108 2028 174 2090 ρον
187 2004 290 2074 εἰπάν
305 2004 514 2092 ἀπολάβοιμι.
538 2001 622 2071 ἀλλά
640 2001 682 2071 σύ
696 2001 781 2089 πρὸς
793 2011 854 2071 τοῦ
870 2002 952 2083 Διός
967 2006 1108 2092 ἀποκρι-

108 2104 250 2187 νάμενος
264 2101 438 2172 ἀνάσωσαί
452 2128 508 2188 μοι
528 2100 565 2168 τό
584 2106 734 2187 παιδίον,
758 2101 801 2189 μὴ
823 2106 878 2170 καὶ
893 2105 1010 2192 φθάσῃ
1024 2103 1106 2173 αύτδ

107 2223 287 2266 καταπιων.

190 2304 315 2364 xm.
339 2298 480 2381 Θάρρει·
500 2300 555 2365 καὶ
565 2297 649 2365 ἀλλα
659 2297 723 2382 γάρ
734 2317 771 2364 σε
786 2298 958 2382 διδάξομαι
972 2310 1108 2388 θαυμα-

107 2394 259 2479 σιάτερα.
534 2404 538 2408 ’

189 2497 289 2559 ΑΓΘ.
316 2489 363 2557 Τά
379 2506 471 2570 ποίας

190 2597 316 2658 xm.
344 2588 411 2658 Τόν
430 2596 605 2675 θερίζοντα
625 2594 678 2658 καὶ
694 2587 754 2657 τόν
771 2591 970 2679 κυριεύοντα
986 2595 1041 2662 καὶ
1056 2598 1108 2664 ἐπὶ

107 2699 186 2759 πάσι
202 2687 263 2778 τὴν
276 2687 452 2775 Ἠλέκτραν
468 2695 523 2761 καί
536 2689 597 2760 τδν
613 2694 908 2778 ἐγκεκαλυμμένον.

190 2795 289 2857 ΑΓΘ.
317 2795 399 2856 Τίνα
415 2797 536 2858 τοῦτον
549 2787 609 2857 τόν
623 2792 912 2876 ἐγκεκαλυμμένον
926 2787 947 2877 ἢ
962 2797 1035 2860 τίνα
1046 2803 1107 2880 την

103 2882 280 2971 Ἠλέκτραν
297 2890 416 2972 λέγεις;

188 2993 312 3054 xm.
332 2984 508 3071 Ἠλέκτραν
523 2989 584 3070 μὲν
594 2987 725 3070 ἐκείνην
738 2982 799 3071 τὴν
813 2986 921 3072 πάνυ,
938 2983 999 3074 τὴν
1010 2984 1105 3072 Ἀνα-
1123 3004 1176 3058 563

105 3085 286 3168 μίμνονος,
301 3080 322 3168 ἢ
337 3080 379 3149 τά
390 3080 475 3150 αὐτὰ
489 3081 559 3151 οἶδε’
571 3108 606 3149 τε
617 3080 685 3168 ἅμα
696 3085 750 3149 καὶ
761 3079 823 3150 ούκ
835 3081 919 3151 οἶδε·
938 3092 1108 3170 παρεστῶ-

105 3207 161 3260 τος
173 3176 239 3266 γάρ
261 3178 345 3268 αὐτῇ
367 3188 428 3249 τοῦ
446 3179 601 3265 ’Θρίστον
616 3185 664 3248 ἔτι
685 3178 833 3267 ἀγνῶτος
851 3179 919 3248 οἶδε
940 3179 1001 3267 μὲν
1015 3180 1108 3268 ’Θρέ-

107 3298 205 3364 στην,
219 3276 271 3345 ὅτι
284 3276 429 3365 ἀδελφός
442 3278 561 3364 αὐτῆς,
583 3276 634 3345 ὅτι
651 3277 687 3346 δὲ
702 3270 801 3357 οὗτος
819 3277 969 3364 Ὀρέστης
983 3277 1106 3366 ἀγνοεῖ.

106 3371 166 3442 τὸν
182 3371 213 3442 δ
225 3367 271 3443 αὖ
285 3378 574 3464 ἐγκεκαλυμμένον
589 3380 646 3444 καὶ
659 3376 750 3444 πάνυ
765 3375 969 3530 θαυμαστιίιὲ
979 3372 1107 3464 ἀκούση

169 3485 273 3524 mom«.
294 3471 315 3524 l.
