2550 3825
336 158 583 217 NEKPIKOI
602 160 862 220 ΔΙΑΛΟΓΟΙ.
1041 160 1101 224 185

97 312 239 402 ὀβολούς
248 326 410 399 παρεῖχες.
433 312 476 381 σύ
488 316 541 398 δέ,
555 307 582 380 ύ
594 311 775 401 Ἀκαρνάν,
788 357 830 368 -
841 324 950 387 ἔστενε
964 318 1028 405 γάρ
1041 321 1102 388 τιά-
1139 342 1142 349 ’

96 426 205 490 κεῖνος
219 413 274 479 καὶ
290 418 453 498 κατηρᾶτο
472 419 512 500 τῇ
525 418 668 502 Μυρτίω
681 452 724 465 -
739 421 773 481 τί
783 421 872 504 αίτιηῖ
891 415 951 484 τὸν
961 416 1101 504 Ἔρωτα,

97 507 241 578 σεαυτὸν
258 512 352 596 δέον,
369 507 405 589 ὃς
421 507 500 589 τούς
513 511 575 595 μὲν
589 517 768 596 πολεμίους
782 509 995 582 οὐδεπώποτε
1010 521 1088 599 ἔτρε-

97 629 173 694 σας,
188 606 272 677 ἀλλὰ
290 607 537 695 φιλοκινδύνως
550 606 714 695 ἠγωνίζου
729 608 794 695 πρὸ
808 617 876 677 τῶν
891 608 1018 696 άλλων,
1034 608 1100 678 ὑπὸ

96 708 133 774 δὲ
146 714 207 774 τοῦ
225 708 384 793 τυχόντος
398 712 634 792 παιδισκαρίου
648 710 703 774 καὶ
718 708 875 791 δακρύων
891 707 1103 776 ἐπιπλάστων

97 808 153 875 καί
164 815 359 893 στεναγμῶν
371 807 474 886 ἑάλως
488 802 505 873 ὁ
519 819 682 892 γενναῖος.
705 801 723 873 ὁ
735 804 871 891 μὲνγὰρ
882 812 1025 885 Βλεψίας
1040 803 1102 873 αύ-

96 900 152 982 τδς
168 906 289 972 ἑαυτοῦ
304 905 480 991 κατηγόρει
494 904 630 991 φθάσας
642 902 770 990 πολλὴν
780 902 842 991 τὴν
852 902 987 990 άνοιαν,
1006 901 1049 983 ύς
1060 902 1099 971 τά
1119 911 1171 966 443

94 1002 245 1087 χρήματα
261 1002 422 1087 ἐφύλαττε
439 1016 507 1081 τοῖς
526 1000 627 1068 οὐδὲν
647 1002 852 1087 προσήκουσι
870 1003 1100 1089 κληρονόμοις,

95 1101 129 1176 ές
141 1096 192 1165 ιἰεί
207 1097 392 1186 βιάσεσθαι
411 1096 577 1185 ὁμάταιος
590 1104 742 1183 νομίζων.
766 1098 853 1185 πλὴν
865 1106 975 1186 έμοιγε
987 1097 1028 1166 ού
1039 1098 1101 1185 την

94 1204 264 1282 τυχοῦσαν
285 1194 458 1283 τερπωλὴν
475 1198 641 1282 παρέσχον
663 1197 737 1263 τότε
761 1201 940 1276 στένοντες.
974 1202 1002 1264 8.
1027 1194 1099 1265 άλλ’

94 1293 158 1381 ήδη
180 1296 243 1380 μὲν
260 1296 313 1363 έπὶ
332 1302 377 1385 τῷ
398 1302 521 1386 στομίφ
541 1297 657 1381 ἐσμέν,
685 1292 885 1381 ἀποβλέπειν
906 1296 942 1363 δὲ
963 1293 1023 1381 χρὴ
1046 1297 1101 1364 καὶ

94 1390 301 1460 άτοσκοπείυ
311 1393 492 1479 πόρρωθεν
502 1389 580 1471 τούς
592 1389 870 1478 ἀφικνουμένους.
890 1401 1004 1481 βαβαί,
1017 1401 1100 1461 πολ-

96 1497 151 1560 λοί
173 1492 288 1576 γεκαὶ
312 1497 457 1560 ποικίλοι
482 1494 537 1559 καὶ
558 1490 678 1569 πάντες
702 1492 902 1575 δακρύοντες
925 1489 1012 1578 πλὴν
1032 1498 1100 1558 τοῖν

96 1596 247 1675 νεογνῶν
260 1588 391 1656 τούτων
404 1591 459 1657 καί
469 1596 608 1675 νηπίων.
631 1588 780 1658 ἀλλὰκαὶ
796 1595 829 1658 οί
840 1591 932 1657 πάνυ
947 1594 1099 1675 γέροντες

97 1684 286 1770 ὀδύρονται.
313 1695 348 1757 τί
364 1695 480 1769 τοῦτο;
500 1681 566 1773 ἆρα
588 1686 625 1754 τὰ
648 1695 788 1774 φίλτρον
811 1686 933 1765 αύτούς
954 1694 1099 1773 ἔχειτοῦ

94 1793 188 1874 βίους
211 1793 241 1855 9.
261 1794 383 1855 τοῦτον
397 1780 462 1855 ούυ
478 1784 538 1854 τὸν
554 1784 754 1873 ὑπέργηρων
772 1790 906 1869 ἐρέσθαι
922 1787 1096 1873 βούλομαι

94 1890 129 1954 τί
150 1884 306 1971 δακρύεις
325 1892 519 1972 τηλικοῦτος
540 1882 744 1966 άποθανύνς
774 1893 808 1954 τί
831 1883 1097 1972 άγανακτελς,ω

95 1990 258 2072 βέλτιστε,
278 1987 333 2052 καί
354 1991 458 2051 ταῦτα
472 1981 619 2069 γέρων’
600 1988 798 2069 αφιγμένος;
825 2013 846 2071 η
864 2008 930 2051 που
944 1982 1098 2107 βασιλεύς

93 2109 143 2162 τις
157 2075 264 2168 ἧσθας

178 2189 287 2250 Hm.
311 2180 484 2269 Οὐδαμῶς.

177 2288 297 2351 ΔΙΟΓ.
317 2279 414 2351 Ἀλλά
429 2283 613 2368 σατράπηςς

177 2386 283 2447 nm.
311 2376 400 2447 Ούδέ
414 2387 522 2447 τοῦτο
1114 2389 1165 2448 444

177 2483 300 2546 ΔΙΟΓ.
318 2471 398 2562 Αρα
414 2471 478 2546 ούν
494 2479 679 2562 ἐπλούτεις,
697 2474 763 2544 εἶτα
776 2470 854 2560 ἀνιᾷ
869 2491 906 2540 σε
916 2467 953 2537 τὸ
970 2469 1097 2558 πολλὴν

93 2601 228 2662 τρυφην
243 2574 447 2645 άπολιπόντα
465 2577 646 2657 τεθνάναι·

176 2682 285 2743 Ilm.
310 2675 420 2745 Ούδεν
431 2685 595 2763 τοιοῦτον,
607 2673 679 2744 ἀλλ’
696 2681 750 2760 ἔτη
762 2674 850 2760 μέν’
834 2669 1002 2758 εγεγόνειν
1014 2668 1097 2757 ἀμφὶ

92 2798 133 2841 τα
121 2770 366 2861 ἐνενήκοντα,
383 2775 535 2863 βίονδᾙ
520 2775 649 2896 άπρρον
664 2771 729 2841 άπό
742 2771 893 2857 καλάμου
909 2768 994 2838 καῖ’
980 2777 1097 2857 ορμιιλς

92 2868 221 2957 είχονέ
221 2899 237 2951 ς
259 2871 451 2962 ὑπερβολὴν
472 2873 599 2961 πτωχὸς
619 2901 668 2942 ων
689 2871 825 2950 ἄτεκνός
841 2897 876 2938 τε
892 2872 947 2939 καὶ
963 2873 1097 2953 προσέτι

91 2967 198 3055 χωλὸς
213 2972 268 3038 καὶ
283 2969 436 3059 ἀμυδρὸν
449 2977 591 3061 βλέπων.

177 3075 298 3138 ΔΙΟΓ.
320 3068 401 3138 Εἶτα
415 3078 564 3149 τοιοῦτος
577 3065 625 3138 ύν
640 3077 698 3157 ζῆν
711 3069 845 3156 ἤθελεςς

176 3174 284 3235 ΠΊὨ.
311 3175 396 3236 Ναί·
422 3167 487 3256 ἡδύ
509 3167 574 3255 γάρ
596 3163 640 3257 ἦν
662 3167 698 3237 τό
720 3174 791 3254 φῶς
806 3167 861 3234 καὶ
883 3160 919 3230 τὸ
934 3162 1096 3231 τεθνάναι

92 3262 208 3332 δεινὰν
222 3266 278 3335 καί
291 3272 464 3354 φευκτέον.

175 3371 297 3434 ΔΙΟΓ.
320 3374 540 3454 Παραπαίεις,
559 3361 586 3437 ύ
605 3371 721 3453 γέρον,
737 3367 790 3434 καί
802 3359 996 3447 μειρακιεύῃ
1012 3356 1094 3439 πρὸε
