2550 3825
442 180 767 261 ιτιυιιονιιιιοε,Ι
1035 176 1098 238 369
1145 209 1147 213 -

101 334 182 419 πρός
192 356 229 403 σε
240 333 300 402 ὑπ’
314 332 444 415 εὐνοίας
455 337 504 404 ότι
516 337 693 405 ἀδυνάτων
704 342 790 426 ἐρᾷς,
800 342 855 407 καὶ
864 340 937 406 τότε
949 339 1098 405 δύσνουν

101 435 155 519 ἐμὲ
171 432 255 502 εἶναι
270 433 339 525 ᾆόον
353 432 396 502 ἀν
412 443 538 526 σαυτῷ,
556 438 642 505 διότι
656 459 694 504 σε
709 435 771 504 ούκ
786 446 864 504 ecam
875 439 1098 515 ἐξαπατᾶσθαι

101 530 261 600 ἀλλόκοτα
276 535 331 600 καλ
345 530 526 601 ἀνέλπιστα
543 538 721 614 ἐλπίζοντα.

180 651 231 712 52.
253 652 356 713 EPM.
387 645 522 714 Ούκοῦν
541 654 657 731 τοῦτο,
682 640 864 730 ύΛυκῑνε,
887 644 969 729 φης,
994 640 1038 720 ὦς
1055 639 1096 709 ού
1114 661 1166 717 793

102 747 343 828 φιλοσοφητέον
357 741 451 829 ἡμῖν,
474 742 557 811 ἀλλά
574 743 635 830 χρη
657 741 755 833 ἀργίᾳ
776 743 1019 825 παραδιδόντας
1036 738 1099 806 αύ-

101 838 176 918 τούς
190 842 323 920 ἰδιώτας
337 848 555 927 καταβιῶναι;

181 963 281 1024 ΛΤΚ.
304 959 369 1022 Καὶ
389 963 456 1022 ποῦ
470 962 568 1022 τοῦτο
583 955 728 1042 ἤκουσας
743 957 825 1040 ἐμοῦ
843 956 1013 1038 λέγοντοςς
1035 950 1099 1037 ἐμοὶ

99 1053 162 1140 γάρ
178 1053 238 1138 ούχ
252 1050 297 1132 ὡς
315 1052 356 1121 ού
373 1056 617 1140 φιλοσοφητέον
633 1060 734 1140 φημί,
756 1049 831 1121 ἀλλ’
854 1056 985 1135 ἐπείπερ
1001 1058 1099 1136 φιλο-

99 1154 262 1236 σοφητέον
275 1149 351 1218 ὁδοί
357 1177 392 1217 τε
403 1159 524 1219 πολλαί
536 1158 619 1218 εἰσιν
631 1154 683 1218 ε’πὶ
694 1156 898 1236 φιλοσοφίαν
908 1148 1029 1233 ἑκάστη
1044 1150 1099 1214 καλ

99 1246 219 1335 ἀρετὴν
234 1247 328 1334 άμειν
343 1250 546 1335 φάσκουσαι,
561 1247 583 1334 ἡ
599 1249 634 1315 δὲ
650 1246 778 1334 ἀληθὴς
792 1251 829 1315 ἐν
840 1247 954 1324 αὐταῖς
965 1245 1098 1331 άδηλος,

98 1346 217 1433 ἀκριβῆ
232 1346 437 1433 ποιήσασθαι
453 1346 515 1433 τὴν
537 1352 709 1427 διαίρεσιν.
733 1345 901 1413 ἀδύνατον
915 1347 954 1411 δέ
966 1371 1004 1430 γε
1018 1343 1098 1430 ἡμῖν

98 1449 249 1531 ἐφαίνετο
261 1452 394 1514 πολλῶν
405 1448 638 1530 προτεθέντων
649 1447 782 1512 ἑλέσθαι
794 1442 831 1511 τό
843 1441 996 1526 ἀριστον,
1015 1447 1044 1508 εἰ
1053 1439 1097 1526 μη

98 1546 150 1610 ἐπὶ
165 1545 273 1611 πάντα
290 1554 335 1612 ίοι
352 1571 401 1622 τις
419 1543 636 1627 πειρώμενος·
665 1541 733 1609 εἶτά
748 1567 817 1620 πως
837 1539 947 1626 μακρά
965 1536 986 1624 ἡ
1001 1552 1099 1622 πεῖρα

100 1638 208 1726 ὤφθη.
232 1639 275 1708 σύ
289 1641 326 1708 δὲ
341 1648 411 1720 πῶς
426 1640 543 1721 ἀξιοῑς;
556 1681 600 1691 -
615 1633 717 1718 αύθις
729 1638 794 1725 γάρ
810 1638 1019 1724 ἐρήσομαι-
1033 1634 1098 1726 ότφ

98 1733 142 1803 ἀν
167 1739 286 1829 πρότφ
312 1740 463 1826 ἐντύχης,
488 1738 595 1828 τούτφ
619 1738 683 1826 ἔφη
706 1740 760 1804 καλ
782 1735 1097 1822 συμφιλοσοφήσεις,

73 1852 76 1858 ’
99 1832 250 1917 κάκεῖνος
262 1839 398 1923 ἕρμαιον
412 1838 585 1925 ποιήσεταί
599 1855 653 1918 σε;

180 1956 231 2018 53.
253 1958 356 2018 ΕΡΜ.
379 1959 448 2019 Καί
459 1959 493 2018 τί
503 1973 556 2018 σοι
573 1948 817 2037 ἀποκριναίμην
832 1946 875 2016 ἀν
890 1955 953 2032 ἔτι,
971 1945 1007 2026 ὃς
1023 1946 1099 2014 ούτε

95 2046 200 2114 αύτόν
220 2074 295 2115 τινα
314 2056 441 2130 κρίνειν
458 2044 532 2115 οἷόν
551 2073 586 2114 τε
608 2047 691 2114 εἶναι
712 2049 796 2133 φης,
823 2043 867 2133 ἢν
884 2044 928 2132 μὴ
947 2052 1098 2131 φοίνικος

97 2150 153 2229 ἐτη
173 2146 279 2233 βιύση
300 2147 425 2223 πάντας
452 2148 489 2213 ἐν
512 2146 625 2233 κύκλῳ
646 2143 786 2228 περιιόν
808 2148 862 2212 καλ
882 2145 1097 2228 πειρώμενος,

97 2240 175 2309 οὔτε
196 2257 263 2320 τοῖς
283 2246 600 2329 προπεπειραμένοις
619 2242 789 2309 πιστεύειν
811 2240 912 2322 ἀξιοῖς
932 2240 1009 2307 ούτε
1031 2254 1099 2317 τοῖς

97 2349 231 2417 πολλοῖς
247 2344 419 2409 ἐπαινοῦσι
435 2343 489 2409 καὶ
503 2349 728 2427 μαρτυρούσι;
979 2345 981 2349 ⁴

180 2460 280 2520 AYK.
308 2460 407 2532 Τίνας
421 2453 486 2539 φὴς
504 2452 583 2532 τούς
602 2452 747 2532 πολλούς
762 2455 889 2533 είδότας
908 2459 962 2522 καὶ
984 2478 1099 2521 πεπει-

96 2552 262 2637 ραμένους
277 2551 453 2633 ἀπάντωνς
487 2559 517 2621 εί
531 2553 596 2639 γάρ
616 2581 665 2633 τις
684 2554 834 2633 τοιοῦτός
854 2557 958 2639 ἐστιν,
984 2550 1098 2631 ίκανός

97 2656 209 2735 ἔμοιγε
222 2646 344 2737 καλεῖς,
361 2655 415 2719 καὶ
429 2650 539 2721 ούκέτι
552 2660 686 2721 πολλῶν
700 2654 818 2739 δεήσει.
842 2648 885 2738 ἢν
900 2654 936 2720 δέ
945 2649 1024 2730 τούς
1034 2648 1097 2719 ούκ

96 2748 225 2827 εἰδότας
240 2752 352 2838 λέγης,
366 2750 467 2819 οὐδέν
481 2779 511 2820 τι
525 2751 561 2818 τό
577 2758 707 2834 πλῆθος
720 2748 833 2817 αὐτῶν
846 2751 1046 2835 προσάξεταί
1057 2777 1098 2836 με

94 2846 281 2933 πιστεύειν,
308 2845 382 2933 ἀχρι
402 2844 445 2916 ἀν
459 2845 481 2935 ἦ
495 2845 633 2935 μηδένῆ
650 2852 687 2917 ἓν
710 2850 833 2927 εἰδότες
847 2852 921 2934 περὶ
938 2847 1097 2917 ἁπάντων
1115 2867 1165 2921 794

93 2942 355 3031 ἀποφαίνωνται.
935 3006 937 3010 ,

179 3067 282 3129 ΕΡΜ.
306 3061 424 3139 Μόνος
438 3065 474 3129 δὲ
496 3059 538 3129 σύ
554 3059 696 3148 τάληθὲς
717 3068 878 3150 κατεῖδες,
903 3070 936 3132 οί
952 3066 987 3131 δὲ
1003 3065 1096 3131 ἀλλοι

92 3156 232 3245 ἀνόητοι
247 3158 404 3244 ἅπαντες,
422 3158 494 3227 ὅσοι
509 3169 742 3246 φιλοσοφοῦσι.

178 3278 277 3340 AYK.
301 3272 501 3362 Καταψεύδῃ
515 3300 597 3359 μου,
613 3268 640 3342 ὦ
649 3273 837 3360 Ἑρμότιμε,
854 3277 960 3359 λέγων
976 3271 1019 3351 ὡς
1031 3271 1094 3361 ἐμοὶ

92 3378 279 3458 προτίθημί
290 3397 335 3520 πΙη
349 3368 493 3457 ἐμαυτόν
508 3380 576 3439 τῶν
592 3372 704 3441 ἀλλων
719 3370 743 3459 ἥ
757 3373 863 3439 τάττω
876 3371 962 3523 όλφῖ
976 3374 1013 3439 ἐν
1027 3386 1094 3451 τοῖς

178 3482 282 3521 aucun.
316 3503 324 3520 .
