2550 3825
165 200 228 263 230
516 207 816 266 ΛΘΤΚΙΑΝΘῚ

247 372 373 433 ΖΕΥΣ.
394 368 535 433 Τουτονὶ
544 364 604 433 τόν
614 366 772 452 κομήτην,
784 364 844 434 τόν
859 366 1015 452 Ἰωνικόν,
1029 366 1097 433 ἐπεὶ
1108 364 1163 431 καὶ

165 460 285 547 σεμνός
298 490 347 541 τις
361 462 445 531 εἶναι
461 470 623 550 φαίνεται.

246 581 349 643 ΕΡΜ.
376 570 483 655 Οὗτος
503 576 520 644 ὁ
537 578 775 665 Πυθαγορικὸς
790 580 956 666 κατάβηθι
972 580 1026 646 καὶ
1042 577 1163 661 πάρεχε

164 673 289 742 σαυτόν
304 673 513 761 ἀναθεωρεῖν
523 694 591 756 τοῖς
608 682 882 763 συνειλεγμένοις.

246 797 372 857 ΖΕΥΣ.
396 792 547 876 Κήρυττε
566 792 616 878 δή.

248 911 352 971 ΕΡΜ.
379 903 447 972 Τόν
461 905 597 990 ἀριστον
607 913 684 992 βίον
694 911 805 990 πωλῶ,
821 902 882 971 τὸν
893 902 1104 988 σεμνότατον,
1115 906 1164 977 τίς

95 1014 148 1067 542
167 999 344 1087 ἀνήσεταις
364 1010 412 1081 τίς
427 1001 511 1088 ὑπὲρ
527 1002 712 1089 ἄνθρωπον
727 1003 811 1071 εἶναι
825 1001 996 1089 βούλεταις
1017 1006 1065 1077 τίς
1080 1001 1164 1065 εἰδέ-

163 1128 219 1168 ναι
233 1100 295 1187 τήυ
309 1109 370 1169 τοῦ
384 1100 507 1181 παντός
521 1101 685 1189 ἁρμονίαν
697 1106 753 1171 καὶ
767 1101 951 1190 ἀναβιῶναι
964 1104 1079 1178 πάλιν;

248 1224 531 1285 ΑΓΘΡΑΣΤΗΣ.
564 1214 608 1283 Τό
626 1218 688 1302 μὲν
709 1214 794 1293 εἶδος
810 1212 872 1281 ούκ
892 1211 1042 1298 ἀγεννής.
1075 1217 1109 1279 τί
1127 1212 1163 1278 δὲ

164 1316 305 1400 μάλιστα
319 1315 426 1397 οἶδεν,

248 1422 352 1483 ΕΡΜ.
371 1412 617 1500 Ἀριθμητικήν,
632 1410 867 1498 ἀστρονομίαν,
879 1416 1065 1496 τερατείαν,
1078 1434 1163 1494 γεω-

165 1521 319 1598 μετρίαν,
334 1511 516 1600 μουσικήυ,
534 1518 696 1597 γοητείαν.
721 1512 841 1597 μάντιν
856 1508 962 1596 ἀκρον
977 1512 1113 1591 βλέπεις.

249 1618 349 1679 ΑΓΘ.
362 1610 509 1690 Ἔξεστιν
522 1606 627 1677 αὐτόν
642 1607 852 1693 ἀνακρίνειν;

248 1718 352 1777 ΕΡΜ.
372 1708 546 1793 Ἀνάκρινε
560 1706 673 1793 ἀγαθή
686 1708 777 1797 τύχη.

248 1828 278 1888 3.
300 1828 400 1891 ΑῙὈ.
421 1818 580 1899 Ποόαπάς
594 1820 623 1888 εί
635 1822 694 1900 σός

249 1928 349 1989 Hm.
371 1921 509 2006 Σάμιος.

248 2026 347 2089 ΑΓΘ.
368 2027 444 2088 Ποῦ
458 2021 494 2087 δὲ
509 2021 726 2104 ἐπαιδεύθης;

248 2128 348 2188 Hm.
368 2115 421 2188 Ἐν
434 2117 593 2207 Αἰγύπτῳ
608 2115 697 2205 παρά
712 2132 779 2196 τοῖς
796 2120 865 2185 ἐκεῖ
878 2131 1018 2202 σοφοῖσι.

249 2225 349 2286 ΑΓΘ.
373 2220 458 2301 Φέρε
473 2221 525 2299 δέ,
539 2211 582 2302 ἢν
596 2221 744 2304 πρίωμαί
755 2238 809 2301 σε,
824 2221 859 2282 τί
868 2240 909 2300 με
923 2215 1079 2294 διᾶάξειςς

249 2321 349 2382 m.
372 2314 558 2399 Διὸἀξομαι
575 2314 637 2399 μὲν
651 2310 768 2399 οὐδέν,
784 2310 965 2400 ἀναμνήσω
981 2315 1026 2378 δέ.

248 2417 348 2478 ΑΓΘ.
369 2418 448 2488 Πῶς
463 2409 679 2496 ἀναμνήσεως

248 2517 349 2578 Hm.
371 2506 537 2594 Καθαρήν
557 2507 721 2594 πρότερον
737 2505 799 2593 τήν
815 2505 925 2594 ψυχήν
942 2507 1164 2594 ἐργασάμενος

166 2609 220 2673 καί
238 2607 297 2671 τόν
311 2602 363 2672 ἐπ’
383 2603 467 2694 αὐτῇ
482 2606 591 2693 ῥύπον
605 2606 773 2682 ἐκκλύσας.

248 2722 348 2784 ΑΓΘ.
372 2719 437 2783 Καὶ
458 2714 498 2802 δή
521 2717 662 2803 νόμισον
681 2715 745 2803 ήδη
765 2715 977 2803 κεκαθάρθαι
997 2743 1054 2803 με,
1082 2715 1163 2794 τίςὸ

165 2813 287 2900 τρόπος
299 2819 356 2898 τῆς
370 2810 600 2900 ἀναμνήσεως;

247 2916 348 2977 Hm.
374 2908 419 2977 Τό
432 2911 494 2997 μὲν
505 2919 638 2994 πρῶτον
652 2909 768 2998 ἡσυχίη
780 2911 887 3000 μακρή
900 2913 955 2981 καὶ
966 2910 1097 2998 ἀφωνίη
1111 2913 1166 2979 καὶ

166 3011 264 3077 πέντε
280 3005 369 3075 ὅλων
384 3012 484 3077 ἐτέων
500 3015 629 3078 λαλέειν
645 3015 757 3097 μηδέν.

97 3125 148 3180 543
249 3111 347 3172 ΑΓΘ.
363 3104 523 3194 Ὥρασοι,
536 3101 563 3174 ἀ
574 3112 729 3196 βέλτιστε,
742 3106 802 3176 τόν
813 3116 962 3196 Κροίσου
973 3115 1074 3177 παῖδα
1088 3132 1167 3174 παι-

165 3203 293 3270 δεύειν·
314 3200 379 3289 ἐγω
394 3201 459 3290 γάρ
473 3204 589 3291 λάίος,
612 3204 674 3273 οὐκ
691 3204 829 3292 ἀνδριάς
844 3206 928 3276 εἶναι
943 3207 1114 3295 βούλομαι.
1135 3225 1168 3273 τι

165 3301 201 3369 δὲ
218 3299 298 3388 μετά
312 3300 374 3389 τήν
388 3301 518 3391 σιωπήν
535 3304 624 3391 ὅμως
637 3307 693 3373 καὶ
710 3303 771 3392 τήν
786 3312 996 3386 πενταετίαν;

248 3409 347 3471 Hm·
371 3409 594 3490 Μουσουργίῃ
610 3406 665 3471 καὶ
678 3412 860 3490 γεωμετρίη
874 3405 1081 3489 ἐνασκήσεαι.
