<?xml version="1.0" encoding="UTF-8"?>
<!DOCTYPE html PUBLIC "-//W3C//DTD XHTML 1.0 Transitional//EN"
    "http://www.w3.org/TR/xhtml1/DTD/xhtml1-transitional.dtd">
<html xmlns="http://www.w3.org/1999/xhtml" xml:lang="en" lang="en">
 <head>
  <title>
</title>
<meta http-equiv="Content-Type" content="text/html;charset=utf-8" />
  <meta name='ocr-system' content='tesseract 3.04.00' />
  <meta name='ocr-capabilities' content='ocr_page ocr_carea ocr_par ocr_line ocrx_word'/>
</head>
<body>
  <div class='ocr_page' id='page_1' title='image "./lucianisamosate03jacogoog_0332.png"; bbox 0 0 2550 3825; ppageno 0'>
   <div class='ocr_carea' id='block_1_1' title="bbox 175 190 1114 255">
    <p class='ocr_par' dir='ltr' id='par_1_1' title="bbox 175 190 1114 255">
     <span class='ocr_line' id='line_1_1' title="bbox 175 190 1114 255; baseline 0.003 -4"><span class='ocrx_word' id='word_1_1' title='bbox 175 193 297 252; x_wconf 86' lang='grc' dir='ltr'><em>ΠΕΡΙ</em></span> <span class='ocrx_word' id='word_1_2' title='bbox 316 195 416 252; x_wconf 76' lang='grc' dir='ltr'><strong><em>ΤΩΝ</em></strong></span> <span class='ocrx_word' id='word_1_3' title='bbox 437 195 528 252; x_wconf 82' lang='grc' dir='ltr'><strong><em>ΕΙΠ</em></strong></span> <span class='ocrx_word' id='word_1_4' title='bbox 545 195 713 253; x_wconf 75' lang='grc' dir='ltr'><em>ΜΙΣΘΩ</em></span> <span class='ocrx_word' id='word_1_5' title='bbox 734 195 1019 255; x_wconf 74' lang='grc' dir='ltr'><em>ΣΤΝΟΝΤΩΝ.</em></span> <span class='ocrx_word' id='word_1_6' title='bbox 1053 190 1114 254; x_wconf 84' lang='grc'><strong><em>301</em></strong></span> 
     </span>
    </p>
   </div>
   <div class='ocr_carea' id='block_1_2' title="bbox 75 350 1184 3486">
    <p class='ocr_par' dir='ltr' id='par_1_2' title="bbox 75 350 1184 3486">
     <span class='ocr_line' id='line_1_2' title="bbox 113 350 1115 439; baseline -0.002 -19"><span class='ocrx_word' id='word_1_7' title='bbox 113 353 167 420; x_wconf 81' lang='grc' dir='ltr'><strong><em>καὶ</em></strong></span> <span class='ocrx_word' id='word_1_8' title='bbox 187 359 514 439; x_wconf 84' lang='grc' dir='ltr'><strong><em>πολυπραγμονεῖταί</em></strong></span> <span class='ocrx_word' id='word_1_9' title='bbox 532 373 594 419; x_wconf 90' lang='grc' dir='ltr'><strong><em>σου</em></strong></span> <span class='ocrx_word' id='word_1_10' title='bbox 615 351 702 430; x_wconf 83' lang='grc' dir='ltr'><strong><em>άπας</em></strong></span> <span class='ocrx_word' id='word_1_11' title='bbox 726 350 744 418; x_wconf 88' lang='grc' dir='ltr'>ὁ</span> <span class='ocrx_word' id='word_1_12' title='bbox 767 352 1009 437; x_wconf 78' lang='grc' dir='ltr'><strong><em>παρεληλυθώς</em></strong></span> <span class='ocrx_word' id='word_1_13' title='bbox 1033 358 1115 438; x_wconf 83' lang='grc' dir='ltr'><strong><em>βίος,</em></strong></span> 
     </span>
     <span class='ocr_line' id='line_1_3' title="bbox 75 445 1118 537; baseline 0 -20"><span class='ocrx_word' id='word_1_14' title='bbox 75 469 78 474; x_wconf 81' lang='grc'>’</span> <span class='ocrx_word' id='word_1_15' title='bbox 114 447 179 517; x_wconf 86' lang='grc' dir='ltr'><strong><em>κάν</em></strong></span> <span class='ocrx_word' id='word_1_16' title='bbox 192 451 253 535; x_wconf 83' lang='grc' dir='ltr'><strong><em>μέν</em></strong></span> <span class='ocrx_word' id='word_1_17' title='bbox 267 476 315 528; x_wconf 89' lang='grc' dir='ltr'><strong><em>τις</em></strong></span> <span class='ocrx_word' id='word_1_18' title='bbox 330 445 352 536; x_wconf 88' lang='grc' dir='ltr'><strong><em>ῆ</em></strong></span> <span class='ocrx_word' id='word_1_19' title='bbox 367 458 500 537; x_wconf 79' lang='grc' dir='ltr'><strong><em>πολίτης</em></strong></span> <span class='ocrx_word' id='word_1_20' title='bbox 510 447 576 517; x_wconf 80' lang='grc' dir='ltr'><strong><em>ὑπὸ</em></strong></span> <span class='ocrx_word' id='word_1_21' title='bbox 594 446 761 535; x_wconf 87' lang='grc' dir='ltr'><strong><em>φθόνουῆ</em></strong></span> <span class='ocrx_word' id='word_1_22' title='bbox 777 457 895 535; x_wconf 78' lang='grc' dir='ltr'><strong><em>γείτων</em></strong></span> <span class='ocrx_word' id='word_1_23' title='bbox 907 456 943 517; x_wconf 81' lang='grc' dir='ltr'><strong><em>ἔκ</em></strong></span> <span class='ocrx_word' id='word_1_24' title='bbox 953 476 1043 527; x_wconf 86' lang='grc' dir='ltr'><strong><em>τινος</em></strong></span> <span class='ocrx_word' id='word_1_25' title='bbox 1059 446 1118 516; x_wconf 70' lang='grc' dir='ltr'><strong><em>εὐ</em></strong></span> 
     </span>
     <span class='ocr_line' id='line_1_4' title="bbox 113 543 1117 634; baseline -0.003 -19"><span class='ocrx_word' id='word_1_26' title='bbox 113 555 229 626; x_wconf 81' lang='grc' dir='ltr'><strong><em>τελούς</em></strong></span> <span class='ocrx_word' id='word_1_27' title='bbox 248 553 352 625; x_wconf 89' lang='grc' dir='ltr'><strong><em>αίτίας</em></strong></span> <span class='ocrx_word' id='word_1_28' title='bbox 373 545 649 633; x_wconf 74' lang='grc' dir='ltr'><strong><em>προσκεκρουκώς</em></strong></span> <span class='ocrx_word' id='word_1_29' title='bbox 669 543 931 633; x_wconf 80' lang='grc' dir='ltr'><strong><em>ἀνακρινόμενος</em></strong></span> <span class='ocrx_word' id='word_1_30' title='bbox 948 555 1023 634; x_wconf 86' lang='grc' dir='ltr'><strong><em>είπη</em></strong></span> <span class='ocrx_word' id='word_1_31' title='bbox 1040 569 1117 630; x_wconf 87' lang='grc' dir='ltr'><strong><em>μοι·</em></strong></span> 
     </span>
     <span class='ocr_line' id='line_1_5' title="bbox 113 640 1114 733; baseline -0.006 -20"><span class='ocrx_word' id='word_1_32' title='bbox 113 643 175 733; x_wconf 84' lang='grc' dir='ltr'><strong><em>χόν</em></strong></span> <span class='ocrx_word' id='word_1_33' title='bbox 188 643 210 733; x_wconf 93' lang='grc' dir='ltr'><strong><em>ῆ</em></strong></span> <span class='ocrx_word' id='word_1_34' title='bbox 224 647 465 733; x_wconf 84' lang='grc' dir='ltr'><strong><em>παιδεραστήν,</em></strong></span> <span class='ocrx_word' id='word_1_35' title='bbox 479 644 571 714; x_wconf 85' lang='grc' dir='ltr'><strong><em>τοῦτ’</em></strong></span> <span class='ocrx_word' id='word_1_36' title='bbox 587 649 710 728; x_wconf 77' lang='grc' dir='ltr'><strong><em>ἐκεῖνο,</em></strong></span> <span class='ocrx_word' id='word_1_37' title='bbox 727 648 845 712; x_wconf 77' lang='grc' dir='ltr'><strong><em>ἐκτῶν</em></strong></span> <span class='ocrx_word' id='word_1_38' title='bbox 860 643 943 722; x_wconf 83' lang='grc' dir='ltr'><strong><em>Διὸς</em></strong></span> <span class='ocrx_word' id='word_1_39' title='bbox 956 648 1080 712; x_wconf 80' lang='grc' dir='ltr'><strong><em>δέλτων</em></strong></span> <span class='ocrx_word' id='word_1_40' title='bbox 1096 640 1114 708; x_wconf 89' lang='grc' dir='ltr'>ὁ</span> 
     </span>
     <span class='ocr_line' id='line_1_6' title="bbox 113 739 1116 830; baseline -0.002 -20"><span class='ocrx_word' id='word_1_41' title='bbox 113 743 256 829; x_wconf 78' lang='grc' dir='ltr'><strong><em>μάρτυς,</em></strong></span> <span class='ocrx_word' id='word_1_42' title='bbox 274 739 318 828; x_wconf 88' lang='grc' dir='ltr'><strong><em>ῆν</em></strong></span> <span class='ocrx_word' id='word_1_43' title='bbox 333 745 369 811; x_wconf 70' lang='grc' dir='ltr'><strong><em>δὲ</em></strong></span> <span class='ocrx_word' id='word_1_44' title='bbox 383 744 505 822; x_wconf 88' lang='grc' dir='ltr'><strong><em>πάντες</em></strong></span> <span class='ocrx_word' id='word_1_45' title='bbox 519 742 587 830; x_wconf 88' lang='grc' dir='ltr'><strong><em>ἀμα</em></strong></span> <span class='ocrx_word' id='word_1_46' title='bbox 602 745 674 829; x_wconf 80' lang='grc' dir='ltr'><strong><em>ε’ξῆς</em></strong></span> <span class='ocrx_word' id='word_1_47' title='bbox 688 745 885 825; x_wconf 83' lang='grc' dir='ltr'><strong><em>ἐπαινῶσιν,</em></strong></span> <span class='ocrx_word' id='word_1_48' title='bbox 903 739 1046 809; x_wconf 79' lang='grc' dir='ltr'><strong><em>ὕποπτοι</em></strong></span> <span class='ocrx_word' id='word_1_49' title='bbox 1062 741 1116 808; x_wconf 80' lang='grc' dir='ltr'><strong><em>καὶ</em></strong></span> 
     </span>
     <span class='ocr_line' id='line_1_7' title="bbox 113 836 1183 928; baseline 0.002 -20"><span class='ocrx_word' id='word_1_50' title='bbox 113 838 293 927; x_wconf 77' lang='grc' dir='ltr'><strong><em>ἀμφίβολοι</em></strong></span> <span class='ocrx_word' id='word_1_51' title='bbox 305 844 360 908; x_wconf 87' lang='grc' dir='ltr'><strong><em>καὶ</em></strong></span> <span class='ocrx_word' id='word_1_52' title='bbox 374 844 615 928; x_wconf 77' lang='grc' dir='ltr'><strong><em>δεδεκασμένοι.</em></strong></span> <span class='ocrx_word' id='word_1_53' title='bbox 644 839 705 927; x_wconf 87' lang='grc' dir='ltr'><strong><em>χρῆ</em></strong></span> <span class='ocrx_word' id='word_1_54' title='bbox 720 847 836 908; x_wconf 88' lang='grc' dir='ltr'><strong><em>τοίνυν</em></strong></span> <span class='ocrx_word' id='word_1_55' title='bbox 852 838 958 908; x_wconf 83' lang='grc' dir='ltr'><strong><em>πολλὰ</em></strong></span> <span class='ocrx_word' id='word_1_56' title='bbox 975 836 1102 925; x_wconf 85' lang='grc' dir='ltr'><strong><em>εὐτυχῆ·</em></strong></span> <span class='ocrx_word' id='word_1_57' title='bbox 1132 855 1183 910; x_wconf 82' lang='grc'><strong><em>668</em></strong></span> 
     </span>
     <span class='ocr_line' id='line_1_8' title="bbox 114 935 1114 1029; baseline -0.003 -20"><span class='ocrx_word' id='word_1_58' title='bbox 114 961 169 1009; x_wconf 90' lang='grc' dir='ltr'><strong><em>σαι</em></strong></span> <span class='ocrx_word' id='word_1_59' title='bbox 185 944 240 1009; x_wconf 79' lang='grc' dir='ltr'><strong><em>καί</em></strong></span> <span class='ocrx_word' id='word_1_60' title='bbox 255 941 359 1028; x_wconf 76' lang='grc' dir='ltr'><strong><em>μηδὲν</em></strong></span> <span class='ocrx_word' id='word_1_61' title='bbox 371 941 455 1019; x_wconf 83' lang='grc' dir='ltr'><strong><em>ὅλως</em></strong></span> <span class='ocrx_word' id='word_1_62' title='bbox 467 945 727 1029; x_wconf 86' lang='grc' dir='ltr'><strong><em>ἐναντιωθῆναι·</em></strong></span> <span class='ocrx_word' id='word_1_63' title='bbox 749 940 860 1026; x_wconf 87' lang='grc' dir='ltr'><strong><em>μόνως</em></strong></span> <span class='ocrx_word' id='word_1_64' title='bbox 873 937 938 1026; x_wconf 87' lang='grc' dir='ltr'><strong><em>γάρ</em></strong></span> <span class='ocrx_word' id='word_1_65' title='bbox 953 935 996 1007; x_wconf 87' lang='grc' dir='ltr'><strong><em>ἀν</em></strong></span> <span class='ocrx_word' id='word_1_66' title='bbox 1007 938 1114 1016; x_wconf 79' lang='grc' dir='ltr'><strong><em>οὕτως</em></strong></span> 
     </span>
     <span class='ocr_line' id='line_1_9' title="bbox 113 1038 1114 1127; baseline -0.001 -19"><span class='ocrx_word' id='word_1_67' title='bbox 113 1041 317 1127; x_wconf 83' lang='grc' dir='ltr'><strong><em>κρατήσειας.</em></strong></span> <span class='ocrx_word' id='word_1_68' title='bbox 342 1038 423 1126; x_wconf 78' lang='grc' dir='ltr'><strong><em>εἶεν,</em></strong></span> <span class='ocrx_word' id='word_1_69' title='bbox 440 1043 494 1108; x_wconf 82' lang='grc' dir='ltr'><strong><em>καὶ</em></strong></span> <span class='ocrx_word' id='word_1_70' title='bbox 510 1039 550 1127; x_wconf 90' lang='grc' dir='ltr'><strong><em>δῆ</em></strong></span> <span class='ocrx_word' id='word_1_71' title='bbox 567 1040 745 1127; x_wconf 76' lang='grc' dir='ltr'><strong><em>εὐτύχηταί</em></strong></span> <span class='ocrx_word' id='word_1_72' title='bbox 756 1062 809 1107; x_wconf 89' lang='grc' dir='ltr'><strong><em>σοι</em></strong></span> <span class='ocrx_word' id='word_1_73' title='bbox 823 1040 931 1108; x_wconf 92' lang='grc' dir='ltr'><strong><em>πάντα</em></strong></span> <span class='ocrx_word' id='word_1_74' title='bbox 946 1048 1004 1127; x_wconf 91' lang='grc' dir='ltr'><strong><em>τῆς</em></strong></span> <span class='ocrx_word' id='word_1_75' title='bbox 1018 1038 1114 1127; x_wconf 87' lang='grc' dir='ltr'><strong><em>εὐχῆς</em></strong></span> 
     </span>
     <span class='ocr_line' id='line_1_10' title="bbox 115 1136 1116 1228; baseline -0.003 -22"><span class='ocrx_word' id='word_1_76' title='bbox 115 1138 288 1225; x_wconf 82' lang='grc' dir='ltr'><strong><em>μειζόνως·</em></strong></span> <span class='ocrx_word' id='word_1_77' title='bbox 321 1136 422 1216; x_wconf 82' lang='grc' dir='ltr'><strong><em>αὐτός</em></strong></span> <span class='ocrx_word' id='word_1_78' title='bbox 438 1164 474 1205; x_wconf 87' lang='grc' dir='ltr'><strong><em>τε</em></strong></span> <span class='ocrx_word' id='word_1_79' title='bbox 492 1137 557 1224; x_wconf 86' lang='grc' dir='ltr'><strong><em>γὰρ</em></strong></span> <span class='ocrx_word' id='word_1_80' title='bbox 580 1138 718 1228; x_wconf 78' lang='grc' dir='ltr'><strong><em>ἐπῄνεσε</em></strong></span> <span class='ocrx_word' id='word_1_81' title='bbox 737 1136 817 1216; x_wconf 85' lang='grc' dir='ltr'><strong><em>τούς</em></strong></span> <span class='ocrx_word' id='word_1_82' title='bbox 833 1137 956 1222; x_wconf 89' lang='grc' dir='ltr'><strong><em>λόγους</em></strong></span> <span class='ocrx_word' id='word_1_83' title='bbox 976 1139 1030 1206; x_wconf 86' lang='grc' dir='ltr'><strong><em>καὶ</em></strong></span> <span class='ocrx_word' id='word_1_84' title='bbox 1049 1146 1116 1203; x_wconf 80' lang='grc' dir='ltr'><strong><em>τῶν</em></strong></span> 
     </span>
     <span class='ocr_line' id='line_1_11' title="bbox 116 1233 1115 1321; baseline -0.001 -19"><span class='ocrx_word' id='word_1_85' title='bbox 116 1242 224 1319; x_wconf 90' lang='grc' dir='ltr'><strong><em>φίλων</em></strong></span> <span class='ocrx_word' id='word_1_86' title='bbox 235 1239 269 1302; x_wconf 88' lang='grc' dir='ltr'><strong><em>οί</em></strong></span> <span class='ocrx_word' id='word_1_87' title='bbox 281 1236 485 1321; x_wconf 85' lang='grc' dir='ltr'><strong><em>ἐντιμότατοι</em></strong></span> <span class='ocrx_word' id='word_1_88' title='bbox 499 1238 554 1303; x_wconf 83' lang='grc' dir='ltr'><strong><em>καὶ</em></strong></span> <span class='ocrx_word' id='word_1_89' title='bbox 569 1233 617 1314; x_wconf 80' lang='grc' dir='ltr'><strong><em>οἷς</em></strong></span> <span class='ocrx_word' id='word_1_90' title='bbox 630 1236 771 1321; x_wconf 90' lang='grc' dir='ltr'><strong><em>μάλιστα</em></strong></span> <span class='ocrx_word' id='word_1_91' title='bbox 787 1234 934 1303; x_wconf 90' lang='grc' dir='ltr'><strong><em>πιστεύει</em></strong></span> <span class='ocrx_word' id='word_1_92' title='bbox 950 1233 989 1302; x_wconf 88' lang='grc' dir='ltr'><strong><em>τά</em></strong></span> <span class='ocrx_word' id='word_1_93' title='bbox 1000 1242 1115 1302; x_wconf 85' lang='grc' dir='ltr'><strong><em>τοιαῦ-</em></strong></span> 
     </span>
     <span class='ocr_line' id='line_1_12' title="bbox 114 1328 1115 1420; baseline -0.005 -18"><span class='ocrx_word' id='word_1_94' title='bbox 114 1360 154 1402; x_wconf 87' lang='grc' dir='ltr'><strong><em>τα</em></strong></span> <span class='ocrx_word' id='word_1_95' title='bbox 169 1330 231 1398; x_wconf 91' lang='grc' dir='ltr'><strong><em>οὐκ</em></strong></span> <span class='ocrx_word' id='word_1_96' title='bbox 245 1329 449 1415; x_wconf 80' lang='grc' dir='ltr'><strong><em>ἀπέτρεψαν·</em></strong></span> <span class='ocrx_word' id='word_1_97' title='bbox 471 1338 517 1400; x_wconf 82' lang='grc' dir='ltr'><strong><em>ἔτι</em></strong></span> <span class='ocrx_word' id='word_1_98' title='bbox 533 1332 569 1400; x_wconf 71' lang='grc' dir='ltr'><strong><em>δὲ</em></strong></span> <span class='ocrx_word' id='word_1_99' title='bbox 583 1331 670 1418; x_wconf 83' lang='grc' dir='ltr'><strong><em>καὶῆ</em></strong></span> <span class='ocrx_word' id='word_1_100' title='bbox 688 1331 773 1419; x_wconf 88' lang='grc' dir='ltr'><strong><em>γυνῆ</em></strong></span> <span class='ocrx_word' id='word_1_101' title='bbox 791 1333 962 1420; x_wconf 81' lang='grc' dir='ltr'><strong><em>βούλεται,</em></strong></span> <span class='ocrx_word' id='word_1_102' title='bbox 978 1328 1040 1398; x_wconf 90' lang='grc' dir='ltr'><strong><em>οὐκ</em></strong></span> <span class='ocrx_word' id='word_1_103' title='bbox 1053 1329 1115 1398; x_wconf 94' lang='grc' dir='ltr'><strong><em>ἀν-</em></strong></span> 
     </span>
     <span class='ocr_line' id='line_1_13' title="bbox 112 1426 1115 1516; baseline -0.005 -17"><span class='ocrx_word' id='word_1_104' title='bbox 112 1434 233 1516; x_wconf 79' lang='grc' dir='ltr'><strong><em>τιλέγει</em></strong></span> <span class='ocrx_word' id='word_1_105' title='bbox 248 1434 284 1497; x_wconf 79' lang='grc' dir='ltr'><strong><em>δὲ</em></strong></span> <span class='ocrx_word' id='word_1_106' title='bbox 303 1428 380 1497; x_wconf 88' lang='grc' dir='ltr'><strong><em>οὐτε</em></strong></span> <span class='ocrx_word' id='word_1_107' title='bbox 400 1428 418 1498; x_wconf 90' lang='grc' dir='ltr'>ὁ</span> <span class='ocrx_word' id='word_1_108' title='bbox 436 1432 609 1516; x_wconf 82' lang='grc' dir='ltr'><strong><em>ἐπίτροπος</em></strong></span> <span class='ocrx_word' id='word_1_109' title='bbox 627 1428 736 1499; x_wconf 82' lang='grc' dir='ltr'><strong><em>οὐτεό</em></strong></span> <span class='ocrx_word' id='word_1_110' title='bbox 753 1429 943 1516; x_wconf 80' lang='grc' dir='ltr'><strong><em>οἰκονόμος·</em></strong></span> <span class='ocrx_word' id='word_1_111' title='bbox 974 1426 1055 1495; x_wconf 85' lang='grc' dir='ltr'><strong><em>οὐδέ</em></strong></span> <span class='ocrx_word' id='word_1_112' title='bbox 1067 1455 1115 1507; x_wconf 94' lang='grc' dir='ltr'><strong><em>τις</em></strong></span> 
     </span>
     <span class='ocr_line' id='line_1_14' title="bbox 114 1526 1115 1616; baseline -0.004 -21"><span class='ocrx_word' id='word_1_113' title='bbox 114 1528 280 1614; x_wconf 82' lang='grc' dir='ltr'><strong><em>ἐμέμψατό</em></strong></span> <span class='ocrx_word' id='word_1_114' title='bbox 293 1548 356 1595; x_wconf 89' lang='grc' dir='ltr'><strong><em>σου</em></strong></span> <span class='ocrx_word' id='word_1_115' title='bbox 371 1526 432 1597; x_wconf 85' lang='grc' dir='ltr'><strong><em>τόν</em></strong></span> <span class='ocrx_word' id='word_1_116' title='bbox 448 1534 539 1616; x_wconf 76' lang='grc' dir='ltr'><strong><em>ῥίον,</em></strong></span> <span class='ocrx_word' id='word_1_117' title='bbox 559 1526 643 1596; x_wconf 87' lang='grc' dir='ltr'><strong><em>ἀλλά</em></strong></span> <span class='ocrx_word' id='word_1_118' title='bbox 659 1527 767 1594; x_wconf 90' lang='grc' dir='ltr'><strong><em>πάντα</em></strong></span> <span class='ocrx_word' id='word_1_119' title='bbox 781 1530 860 1596; x_wconf 83' lang='grc' dir='ltr'><strong><em>ῗλεω</em></strong></span> <span class='ocrx_word' id='word_1_120' title='bbox 880 1527 934 1594; x_wconf 87' lang='grc' dir='ltr'><strong><em>καὶ</em></strong></span> <span class='ocrx_word' id='word_1_121' title='bbox 949 1526 1115 1610; x_wconf 88' lang='grc' dir='ltr'><strong><em>πανταχό-</em></strong></span> 
     </span>
     <span class='ocr_line' id='line_1_15' title="bbox 114 1617 1115 1712; baseline -0.005 -18"><span class='ocrx_word' id='word_1_122' title='bbox 114 1637 179 1694; x_wconf 88' lang='grc' dir='ltr'><strong><em>θεν</em></strong></span> <span class='ocrx_word' id='word_1_123' title='bbox 194 1635 283 1693; x_wconf 88' lang='grc' dir='ltr'><strong><em>αίσια</em></strong></span> <span class='ocrx_word' id='word_1_124' title='bbox 298 1625 338 1692; x_wconf 86' lang='grc' dir='ltr'><strong><em>τά</em></strong></span> <span class='ocrx_word' id='word_1_125' title='bbox 354 1627 437 1711; x_wconf 87' lang='grc' dir='ltr'><strong><em>ίερά.</em></strong></span> <span class='ocrx_word' id='word_1_126' title='bbox 461 1633 510 1696; x_wconf 88' lang='grc'><strong><em>13.</em></strong></span> <span class='ocrx_word' id='word_1_127' title='bbox 527 1626 730 1712; x_wconf 78' lang='grc' dir='ltr'><strong><em>κεκράτηκας</em></strong></span> <span class='ocrx_word' id='word_1_128' title='bbox 745 1620 823 1711; x_wconf 83' lang='grc' dir='ltr'><strong><em>οὐν,</em></strong></span> <span class='ocrx_word' id='word_1_129' title='bbox 842 1617 869 1692; x_wconf 82' lang='grc' dir='ltr'><strong><em>ἀ</em></strong></span> <span class='ocrx_word' id='word_1_130' title='bbox 886 1624 1043 1711; x_wconf 77' lang='grc' dir='ltr'><strong><em>μακάριε,</em></strong></span> <span class='ocrx_word' id='word_1_131' title='bbox 1060 1623 1115 1690; x_wconf 81' lang='grc' dir='ltr'><strong><em>καί</em></strong></span> 
     </span>
     <span class='ocr_line' id='line_1_16' title="bbox 116 1715 1116 1811; baseline -0.005 -19"><span class='ocrx_word' id='word_1_132' title='bbox 116 1730 249 1804; x_wconf 79' lang='grc' dir='ltr'><strong><em>ἔστεψαι</em></strong></span> <span class='ocrx_word' id='word_1_133' title='bbox 270 1721 309 1790; x_wconf 85' lang='grc' dir='ltr'><strong><em>τά</em></strong></span> <span class='ocrx_word' id='word_1_134' title='bbox 327 1721 504 1811; x_wconf 88' lang='grc' dir='ltr'><strong><em>Ὀλύμπια,</em></strong></span> <span class='ocrx_word' id='word_1_135' title='bbox 530 1732 658 1811; x_wconf 81' lang='grc' dir='ltr'><strong><em>μᾶλλον</em></strong></span> <span class='ocrx_word' id='word_1_136' title='bbox 673 1724 710 1790; x_wconf 90' lang='grc' dir='ltr'><strong><em>δε</em></strong></span> <span class='ocrx_word' id='word_1_137' title='bbox 728 1728 914 1811; x_wconf 82' lang='grc' dir='ltr'><strong><em>Βαβυλωνα</em></strong></span> <span class='ocrx_word' id='word_1_138' title='bbox 932 1730 1069 1806; x_wconf 87' lang='grc' dir='ltr'><strong><em>είληφας</em></strong></span> <span class='ocrx_word' id='word_1_139' title='bbox 1094 1715 1116 1805; x_wconf 89' lang='grc' dir='ltr'><strong><em>ῆ</em></strong></span> 
     </span>
     <span class='ocr_line' id='line_1_17' title="bbox 115 1817 1116 1911; baseline -0.005 -22"><span class='ocrx_word' id='word_1_140' title='bbox 115 1820 176 1908; x_wconf 89' lang='grc' dir='ltr'><strong><em>τῆν</em></strong></span> <span class='ocrx_word' id='word_1_141' title='bbox 200 1822 364 1906; x_wconf 86' lang='grc' dir='ltr'><strong><em>Σάρδεων</em></strong></span> <span class='ocrx_word' id='word_1_142' title='bbox 389 1820 572 1907; x_wconf 90' lang='grc' dir='ltr'><strong><em>ἀκρόπολιν</em></strong></span> <span class='ocrx_word' id='word_1_143' title='bbox 593 1822 788 1911; x_wconf 69' lang='grc' dir='ltr'><strong><em>καθῄρηκας</em></strong></span> <span class='ocrx_word' id='word_1_144' title='bbox 811 1822 866 1888; x_wconf 84' lang='grc' dir='ltr'><strong><em>καί</em></strong></span> <span class='ocrx_word' id='word_1_145' title='bbox 892 1822 972 1899; x_wconf 78' lang='grc' dir='ltr'><strong><em>ἔξεις</em></strong></span> <span class='ocrx_word' id='word_1_146' title='bbox 996 1817 1033 1886; x_wconf 83' lang='grc' dir='ltr'><strong><em>τό</em></strong></span> <span class='ocrx_word' id='word_1_147' title='bbox 1059 1825 1116 1904; x_wconf 84' lang='grc' dir='ltr'><strong><em>τῆς</em></strong></span> 
     </span>
     <span class='ocr_line' id='line_1_18' title="bbox 112 1916 1115 2040; baseline -0.003 -52.991"><span class='ocrx_word' id='word_1_148' title='bbox 112 1916 308 2005; x_wconf 73' lang='grc' dir='ltr'><strong><em>Ἀμαλθείας</em></strong></span> <span class='ocrx_word' id='word_1_149' title='bbox 323 1924 420 2040; x_wconf 79' lang='grc' dir='ltr'><strong><em>κόρας</em></strong></span> <span class='ocrx_word' id='word_1_150' title='bbox 433 1924 488 1989; x_wconf 85' lang='grc' dir='ltr'><strong><em>καὶ</em></strong></span> <span class='ocrx_word' id='word_1_151' title='bbox 499 1920 647 2007; x_wconf 84' lang='grc' dir='ltr'><strong><em>ἀμέλξεις</em></strong></span> <span class='ocrx_word' id='word_1_152' title='bbox 662 1919 811 2005; x_wconf 75' lang='grc' dir='ltr'><strong><em>ὀρνίθων</em></strong></span> <span class='ocrx_word' id='word_1_153' title='bbox 825 1919 922 2005; x_wconf 90' lang='grc' dir='ltr'><strong><em>γάλα</em></strong></span> <span class='ocrx_word' id='word_1_154' title='bbox 945 1922 997 1985; x_wconf 85' lang='grc' dir='ltr'><strong><em>δεί</em></strong></span> <span class='ocrx_word' id='word_1_155' title='bbox 1008 1917 1051 2039; x_wconf 82' lang='grc' dir='ltr'><strong><em>δη</em></strong></span> <span class='ocrx_word' id='word_1_156' title='bbox 1062 1937 1115 1985; x_wconf 92' lang='grc' dir='ltr'><strong><em>σοι</em></strong></span> 
     </span>
     <span class='ocr_line' id='line_1_19' title="bbox 116 2013 1116 2140; baseline -0.005 -55"><span class='ocrx_word' id='word_1_157' title='bbox 116 2016 190 2085; x_wconf 85' lang='grc' dir='ltr'><strong><em>ἀντὶ</em></strong></span> <span class='ocrx_word' id='word_1_158' title='bbox 200 2044 268 2084; x_wconf 94' lang='grc' dir='ltr'><strong><em>των</em></strong></span> <span class='ocrx_word' id='word_1_159' title='bbox 279 2019 450 2085; x_wconf 84' lang='grc' dir='ltr'><strong><em>τοσούτων</em></strong></span> <span class='ocrx_word' id='word_1_160' title='bbox 459 2020 574 2086; x_wconf 90' lang='grc' dir='ltr'><strong><em>πόνων</em></strong></span> <span class='ocrx_word' id='word_1_161' title='bbox 587 2022 723 2105; x_wconf 75' lang='grc' dir='ltr'><strong><em>μέγιστα</em></strong></span> <span class='ocrx_word' id='word_1_162' title='bbox 736 2016 832 2140; x_wconf 84' lang='grc' dir='ltr'><strong><em>ῆλίιια</em></strong></span> <span class='ocrx_word' id='word_1_163' title='bbox 840 2021 1000 2103; x_wconf 81' lang='grc' dir='ltr'><strong><em>γενέσθαι</em></strong></span> <span class='ocrx_word' id='word_1_164' title='bbox 1013 2013 1116 2101; x_wconf 87' lang='grc' dir='ltr'><strong><em>τάγα-</em></strong></span> 
     </span>
     <span class='ocr_line' id='line_1_20' title="bbox 115 2110 1116 2204; baseline -0.002 -23"><span class='ocrx_word' id='word_1_165' title='bbox 115 2114 225 2199; x_wconf 80' lang='grc' dir='ltr'><strong><em>θά,“</em></strong></span> <span class='ocrx_word' id='word_1_166' title='bbox 210 2140 266 2181; x_wconf 93' lang='grc' dir='ltr'><strong><em>ινα</em></strong></span> <span class='ocrx_word' id='word_1_167' title='bbox 282 2112 326 2200; x_wconf 92' lang='grc' dir='ltr'><strong><em>μῆ</em></strong></span> <span class='ocrx_word' id='word_1_168' title='bbox 349 2115 510 2200; x_wconf 83' lang='grc' dir='ltr'><strong><em>φύλλινος</em></strong></span> <span class='ocrx_word' id='word_1_169' title='bbox 525 2116 631 2202; x_wconf 93' lang='grc' dir='ltr'><strong><em>μόνον</em></strong></span> <span class='ocrx_word' id='word_1_170' title='bbox 652 2115 670 2184; x_wconf 87' lang='grc' dir='ltr'><strong><em>ό</em></strong></span> <span class='ocrx_word' id='word_1_171' title='bbox 695 2120 856 2201; x_wconf 83' lang='grc' dir='ltr'><strong><em>στέφανος</em></strong></span> <span class='ocrx_word' id='word_1_172' title='bbox 870 2110 908 2204; x_wconf 76' lang='grc' dir='ltr'><strong><em>ᾗ,</em></strong></span> <span class='ocrx_word' id='word_1_173' title='bbox 934 2114 1039 2182; x_wconf 78' lang='grc' dir='ltr'><strong><em>κάλ’</em></strong></span> <span class='ocrx_word' id='word_1_174' title='bbox 1001 2140 1061 2181; x_wconf 87' lang='grc' dir='ltr'><strong><em>τον</em></strong></span> <span class='ocrx_word' id='word_1_175' title='bbox 1081 2138 1116 2179; x_wconf 89' lang='grc' dir='ltr'><strong><em>τε</em></strong></span> 
     </span>
     <span class='ocr_line' id='line_1_21' title="bbox 117 2209 1117 2300; baseline -0.001 -22"><span class='ocrx_word' id='word_1_176' title='bbox 117 2209 243 2296; x_wconf 85' lang='grc' dir='ltr'><strong><em>μισθόν</em></strong></span> <span class='ocrx_word' id='word_1_177' title='bbox 263 2210 325 2278; x_wconf 91' lang='grc' dir='ltr'><strong><em>οὐκ</em></strong></span> <span class='ocrx_word' id='word_1_178' title='bbox 347 2211 638 2300; x_wconf 88' lang='grc' dir='ltr'><strong><em>εὐκαταφρόνητον</em></strong></span> <span class='ocrx_word' id='word_1_179' title='bbox 659 2210 838 2299; x_wconf 77' lang='grc' dir='ltr'><strong><em>ὁρισθῆναι</em></strong></span> <span class='ocrx_word' id='word_1_180' title='bbox 864 2215 919 2280; x_wconf 78' lang='grc' dir='ltr'><strong><em>καὶ</em></strong></span> <span class='ocrx_word' id='word_1_181' title='bbox 938 2220 1058 2279; x_wconf 82' lang='grc' dir='ltr'><strong><em>τούτου</em></strong></span> <span class='ocrx_word' id='word_1_182' title='bbox 1080 2213 1117 2277; x_wconf 77' lang='grc' dir='ltr'><strong><em>ἐν</em></strong></span> 
     </span>
     <span class='ocr_line' id='line_1_22' title="bbox 117 2307 1118 2399; baseline -0.001 -22"><span class='ocrx_word' id='word_1_183' title='bbox 117 2316 222 2399; x_wconf 76' lang='grc' dir='ltr'><strong><em>καιρῷ</em></strong></span> <span class='ocrx_word' id='word_1_184' title='bbox 236 2316 294 2393; x_wconf 88' lang='grc' dir='ltr'><strong><em>τῆς</em></strong></span> <span class='ocrx_word' id='word_1_185' title='bbox 313 2317 422 2396; x_wconf 83' lang='grc' dir='ltr'><strong><em>χρείας</em></strong></span> <span class='ocrx_word' id='word_1_186' title='bbox 436 2309 658 2398; x_wconf 82' lang='grc' dir='ltr'><strong><em>ἀπραγμόνως</em></strong></span> <span class='ocrx_word' id='word_1_187' title='bbox 676 2310 897 2379; x_wconf 91' lang='grc' dir='ltr'><strong><em>ἀποδίδοσθαι</em></strong></span> <span class='ocrx_word' id='word_1_188' title='bbox 912 2313 966 2378; x_wconf 82' lang='grc' dir='ltr'><strong><em>καί</em></strong></span> <span class='ocrx_word' id='word_1_189' title='bbox 980 2307 1041 2395; x_wconf 85' lang='grc' dir='ltr'><strong><em>τῆν</em></strong></span> <span class='ocrx_word' id='word_1_190' title='bbox 1056 2307 1118 2377; x_wconf 90' lang='grc' dir='ltr'><strong><em>ἀλ-</em></strong></span> 
     </span>
     <span class='ocr_line' id='line_1_23' title="bbox 117 2405 1116 2495; baseline 0 -20"><span class='ocrx_word' id='word_1_191' title='bbox 117 2416 181 2493; x_wconf 92' lang='grc' dir='ltr'><strong><em>λην</em></strong></span> <span class='ocrx_word' id='word_1_192' title='bbox 194 2406 294 2494; x_wconf 89' lang='grc' dir='ltr'><strong><em>τιμῆυ</em></strong></span> <span class='ocrx_word' id='word_1_193' title='bbox 308 2405 393 2493; x_wconf 77' lang='grc' dir='ltr'><strong><em>ὑπὲρ</em></strong></span> <span class='ocrx_word' id='word_1_194' title='bbox 407 2406 486 2487; x_wconf 84' lang='grc' dir='ltr'><strong><em>τούς</em></strong></span> <span class='ocrx_word' id='word_1_195' title='bbox 500 2408 644 2488; x_wconf 82' lang='grc' dir='ltr'><strong><em>πολλούς</em></strong></span> <span class='ocrx_word' id='word_1_196' title='bbox 657 2407 834 2495; x_wconf 82' lang='grc' dir='ltr'><strong><em>ὑπάρχειν,</em></strong></span> <span class='ocrx_word' id='word_1_197' title='bbox 856 2407 971 2476; x_wconf 90' lang='grc' dir='ltr'><strong><em>πόνων</em></strong></span> <span class='ocrx_word' id='word_1_198' title='bbox 985 2407 1020 2475; x_wconf 71' lang='grc' dir='ltr'><strong><em>δὲ</em></strong></span> <span class='ocrx_word' id='word_1_199' title='bbox 1031 2411 1116 2475; x_wconf 80' lang='grc' dir='ltr'><strong><em>ἐκεί-</em></strong></span> 
     </span>
     <span class='ocr_line' id='line_1_24' title="bbox 119 2505 1117 2627; baseline -0.002 -53"><span class='ocrx_word' id='word_1_200' title='bbox 119 2532 188 2574; x_wconf 90' lang='grc' dir='ltr'><strong><em>νων</em></strong></span> <span class='ocrx_word' id='word_1_201' title='bbox 202 2509 256 2573; x_wconf 83' lang='grc' dir='ltr'><strong><em>καί</em></strong></span> <span class='ocrx_word' id='word_1_202' title='bbox 275 2513 384 2593; x_wconf 85' lang='grc' dir='ltr'><strong><em>πηλοῦ</em></strong></span> <span class='ocrx_word' id='word_1_203' title='bbox 399 2508 454 2575; x_wconf 80' lang='grc' dir='ltr'><strong><em>καὶ</em></strong></span> <span class='ocrx_word' id='word_1_204' title='bbox 476 2508 610 2627; x_wconf 89' lang='grc' dir='ltr'><strong><em>δρόμων</em></strong></span> <span class='ocrx_word' id='word_1_205' title='bbox 629 2511 686 2575; x_wconf 81' lang='grc' dir='ltr'><strong><em>καὶ</em></strong></span> <span class='ocrx_word' id='word_1_206' title='bbox 706 2505 902 2592; x_wconf 77' lang='grc' dir='ltr'><strong><em>ἀγρυπνιῶν</em></strong></span> <span class='ocrx_word' id='word_1_207' title='bbox 922 2505 1117 2574; x_wconf 85' lang='grc' dir='ltr'><strong><em>ἀναπεπαῦ-</em></strong></span> 
     </span>
     <span class='ocr_line' id='line_1_25' title="bbox 118 2604 1184 2694; baseline 0.008 -24"><span class='ocrx_word' id='word_1_208' title='bbox 118 2615 215 2689; x_wconf 87' lang='grc' dir='ltr'><strong><em>σθαι,</em></strong></span> <span class='ocrx_word' id='word_1_209' title='bbox 239 2606 406 2672; x_wconf 78' lang='grc' dir='ltr'><strong><em>καὶτοῦτο</em></strong></span> <span class='ocrx_word' id='word_1_210' title='bbox 421 2604 515 2691; x_wconf 92' lang='grc' dir='ltr'><strong><em>δῆ</em></strong></span> <span class='ocrx_word' id='word_1_211' title='bbox 481 2633 518 2674; x_wconf 85' lang='grc' dir='ltr'><strong><em>το</em></strong></span> <span class='ocrx_word' id='word_1_212' title='bbox 534 2614 590 2694; x_wconf 87' lang='grc' dir='ltr'><strong><em>τῆς</em></strong></span> <span class='ocrx_word' id='word_1_213' title='bbox 605 2604 718 2693; x_wconf 90' lang='grc' dir='ltr'><strong><em>εὐχῆς,</em></strong></span> <span class='ocrx_word' id='word_1_214' title='bbox 740 2604 957 2673; x_wconf 89' lang='grc' dir='ltr'><strong><em>ἀποτείναντα</em></strong></span> <span class='ocrx_word' id='word_1_215' title='bbox 971 2633 1017 2673; x_wconf 93' lang='grc' dir='ltr'><strong><em>τω</em></strong></span> <span class='ocrx_word' id='word_1_216' title='bbox 1005 2604 1115 2672; x_wconf 88' lang='grc' dir='ltr'><strong><em>πόδε</em></strong></span> <span class='ocrx_word' id='word_1_217' title='bbox 1132 2622 1184 2677; x_wconf 83' lang='grc'><strong><em>669</em></strong></span> 
     </span>
     <span class='ocr_line' id='line_1_26' title="bbox 117 2698 1117 2791; baseline 0.001 -22"><span class='ocrx_word' id='word_1_218' title='bbox 117 2702 355 2769; x_wconf 88' lang='grc' dir='ltr'><strong><em>καθεύδειν’</em></strong></span> <span class='ocrx_word' id='word_1_219' title='bbox 312 2729 399 2788; x_wconf 87' lang='grc' dir='ltr'><strong><em>μονα</em></strong></span> <span class='ocrx_word' id='word_1_220' title='bbox 419 2707 528 2774; x_wconf 77' lang='grc' dir='ltr'><strong><em>ἐκεῖνα</em></strong></span> <span class='ocrx_word' id='word_1_221' title='bbox 548 2705 735 2791; x_wconf 86' lang='grc' dir='ltr'><strong><em>πράττοντα</em></strong></span> <span class='ocrx_word' id='word_1_222' title='bbox 750 2698 799 2773; x_wconf 78' lang='grc' dir='ltr'><strong><em>ἀν</em></strong></span> <span class='ocrx_word' id='word_1_223' title='bbox 818 2704 970 2774; x_wconf 74' lang='grc' dir='ltr'><strong><em>ἕνεκα</em></strong></span> <span class='ocrx_word' id='word_1_224' title='bbox 935 2731 996 2790; x_wconf 94' lang='grc' dir='ltr'><strong><em>την</em></strong></span> <span class='ocrx_word' id='word_1_225' title='bbox 1011 2701 1117 2790; x_wconf 92' lang='grc' dir='ltr'><strong><em>ἀρχῆν</em></strong></span> 
     </span>
     <span class='ocr_line' id='line_1_27' title="bbox 118 2794 1116 2926; baseline 0.004 -59"><span class='ocrx_word' id='word_1_226' title='bbox 118 2800 337 2886; x_wconf 82' lang='grc' dir='ltr'><strong><em>παρελήφθης</em></strong></span> <span class='ocrx_word' id='word_1_227' title='bbox 352 2794 451 2870; x_wconf 77' lang='grc' dir='ltr'><strong><em>καί</em></strong></span> <span class='ocrx_word' id='word_1_228' title='bbox 423 2829 472 2870; x_wconf 94' lang='grc' dir='ltr'><strong><em>ων</em></strong></span> <span class='ocrx_word' id='word_1_229' title='bbox 492 2810 654 2926; x_wconf 85' lang='grc' dir='ltr'><strong><em>ἔμμισθος</em></strong></span> <span class='ocrx_word' id='word_1_230' title='bbox 674 2802 711 2871; x_wconf 77' lang='grc' dir='ltr'><strong><em>εί</em></strong></span> <span class='ocrx_word' id='word_1_231' title='bbox 744 2807 842 2890; x_wconf 86' lang='grc' dir='ltr'><strong><em>ε’χρῆν</em></strong></span> <span class='ocrx_word' id='word_1_232' title='bbox 861 2807 901 2891; x_wconf 72' lang='grc' dir='ltr'><strong><em>μὲ</em></strong></span> <span class='ocrx_word' id='word_1_233' title='bbox 901 2832 922 2871; x_wconf 95' lang='grc' dir='ltr'><strong><em>ν</em></strong></span> <span class='ocrx_word' id='word_1_234' title='bbox 944 2803 1116 2888; x_wconf 83' lang='grc' dir='ltr'><strong><em>οὐτως,ω</em></strong></span> 
     </span>
     <span class='ocr_line' id='line_1_28' title="bbox 122 2894 1117 2986; baseline -0.002 -19"><span class='ocrx_word' id='word_1_235' title='bbox 122 2901 310 2986; x_wconf 89' lang='grc' dir='ltr'><strong><em>Τιμόκλεις,</em></strong></span> <span class='ocrx_word' id='word_1_236' title='bbox 339 2903 391 2967; x_wconf 79' lang='grc' dir='ltr'><strong><em>καὶ</em></strong></span> <span class='ocrx_word' id='word_1_237' title='bbox 409 2897 545 2968; x_wconf 78' lang='grc' dir='ltr'><strong><em>οὐδὲν’“</em></strong></span> <span class='ocrx_word' id='word_1_238' title='bbox 524 2928 567 2969; x_wconf 90' lang='grc' dir='ltr'><strong><em>αν</em></strong></span> <span class='ocrx_word' id='word_1_239' title='bbox 584 2894 628 2986; x_wconf 84' lang='grc' dir='ltr'><strong><em>ῆν</em></strong></span> <span class='ocrx_word' id='word_1_240' title='bbox 649 2901 732 2986; x_wconf 77' lang='grc' dir='ltr'><strong><em>μέγα</em></strong></span> <span class='ocrx_word' id='word_1_241' title='bbox 751 2899 871 2986; x_wconf 86' lang='grc' dir='ltr'><strong><em>κακόν,</em></strong></span> <span class='ocrx_word' id='word_1_242' title='bbox 896 2898 1117 2981; x_wconf 80' lang='grc' dir='ltr'><strong><em>ὑποκύψαντα</em></strong></span> 
     </span>
     <span class='ocr_line' id='line_1_29' title="bbox 119 2994 1117 3085; baseline 0.002 -21"><span class='ocrx_word' id='word_1_243' title='bbox 119 3001 235 3083; x_wconf 84' lang='grc' dir='ltr'><strong><em>φέρειν</em></strong></span> <span class='ocrx_word' id='word_1_244' title='bbox 254 2994 314 3064; x_wconf 84' lang='grc' dir='ltr'><strong><em>τόν</em></strong></span> <span class='ocrx_word' id='word_1_245' title='bbox 329 2996 429 3083; x_wconf 76' lang='grc' dir='ltr'><strong><em>ζυγόν</em></strong></span> <span class='ocrx_word' id='word_1_246' title='bbox 449 2999 596 3084; x_wconf 78' lang='grc' dir='ltr'><strong><em>ἐλαφρόν</em></strong></span> <span class='ocrx_word' id='word_1_247' title='bbox 617 2997 781 3066; x_wconf 83' lang='grc' dir='ltr'><strong><em>τεκαὶ</em></strong></span> <span class='ocrx_word' id='word_1_248' title='bbox 742 3023 889 3085; x_wconf 91' lang='grc' dir='ltr'><strong><em>ευφορον</em></strong></span> <span class='ocrx_word' id='word_1_249' title='bbox 902 3001 958 3068; x_wconf 83' lang='grc' dir='ltr'><strong><em>καί</em></strong></span> <span class='ocrx_word' id='word_1_250' title='bbox 971 3026 1007 3067; x_wconf 93' lang='grc' dir='ltr'><strong><em>το</em></strong></span> <span class='ocrx_word' id='word_1_251' title='bbox 998 2997 1117 3085; x_wconf 78' lang='grc' dir='ltr'><strong><em>μέγι-</em></strong></span> 
     </span>
     <span class='ocr_line' id='line_1_30' title="bbox 118 3094 1117 3184; baseline 0.005 -23"><span class='ocrx_word' id='word_1_252' title='bbox 118 3116 207 3181; x_wconf 91' lang='grc' dir='ltr'><strong><em>στον,</em></strong></span> <span class='ocrx_word' id='word_1_253' title='bbox 224 3098 402 3180; x_wconf 84' lang='grc' dir='ltr'><strong><em>ἐπίχρυσον</em></strong></span> <span class='ocrx_word' id='word_1_254' title='bbox 413 3094 503 3164; x_wconf 83' lang='grc' dir='ltr'><strong><em>ὅντα.</em></strong></span> <span class='ocrx_word' id='word_1_255' title='bbox 526 3096 610 3164; x_wconf 92' lang='grc' dir='ltr'><strong><em>ἀλλά</em></strong></span> <span class='ocrx_word' id='word_1_256' title='bbox 620 3104 758 3184; x_wconf 84' lang='grc' dir='ltr'><strong><em>πολλοῦ,</em></strong></span> <span class='ocrx_word' id='word_1_257' title='bbox 772 3105 900 3183; x_wconf 83' lang='grc' dir='ltr'><strong><em>μᾶλλον</em></strong></span> <span class='ocrx_word' id='word_1_258' title='bbox 912 3101 949 3166; x_wconf 74' lang='grc' dir='ltr'><strong><em>δὲ</em></strong></span> <span class='ocrx_word' id='word_1_259' title='bbox 959 3107 1020 3167; x_wconf 85' lang='grc' dir='ltr'><strong><em>τοῦ</em></strong></span> <span class='ocrx_word' id='word_1_260' title='bbox 1030 3122 1117 3166; x_wconf 90' lang='grc' dir='ltr'><strong><em>παν-</em></strong></span> 
     </span>
     <span class='ocr_line' id='line_1_31' title="bbox 118 3188 1118 3288; baseline 0.004 -29"><span class='ocrx_word' id='word_1_261' title='bbox 118 3193 172 3271; x_wconf 85' lang='grc' dir='ltr'><strong><em>τός</em></strong></span> <span class='ocrx_word' id='word_1_262' title='bbox 185 3197 248 3260; x_wconf 85' lang='grc' dir='ltr'><strong><em>δεῖ·</em></strong></span> <span class='ocrx_word' id='word_1_263' title='bbox 264 3200 367 3280; x_wconf 91' lang='grc' dir='ltr'><strong><em>μυρία</em></strong></span> <span class='ocrx_word' id='word_1_264' title='bbox 379 3196 443 3280; x_wconf 90' lang='grc' dir='ltr'><strong><em>γάρ</em></strong></span> <span class='ocrx_word' id='word_1_265' title='bbox 456 3188 544 3263; x_wconf 81' lang='grc' dir='ltr'><strong><em>ἐστιν</em></strong></span> <span class='ocrx_word' id='word_1_266' title='bbox 556 3195 709 3282; x_wconf 88' lang='grc' dir='ltr'><strong><em>ἀφόρητα</em></strong></span> <span class='ocrx_word' id='word_1_267' title='bbox 724 3199 888 3288; x_wconf 77' lang='grc' dir='ltr'><strong><em>ἐλευθέρῳ</em></strong></span> <span class='ocrx_word' id='word_1_268' title='bbox 899 3195 996 3282; x_wconf 81' lang='grc' dir='ltr'><strong><em>ἀνδρὶ</em></strong></span> <span class='ocrx_word' id='word_1_269' title='bbox 1007 3200 1043 3265; x_wconf 79' lang='grc' dir='ltr'><strong><em>ἐν</em></strong></span> <span class='ocrx_word' id='word_1_270' title='bbox 1054 3195 1118 3263; x_wconf 89' lang='grc' dir='ltr'><strong><em>αὐ-</em></strong></span> 
     </span>
     <span class='ocr_line' id='line_1_32' title="bbox 117 3292 1117 3383; baseline 0.004 -24"><span class='ocrx_word' id='word_1_271' title='bbox 117 3307 186 3370; x_wconf 85' lang='grc' dir='ltr'><strong><em>ταῖς</em></strong></span> <span class='ocrx_word' id='word_1_272' title='bbox 195 3292 258 3379; x_wconf 86' lang='grc' dir='ltr'><strong><em>ῆδη</em></strong></span> <span class='ocrx_word' id='word_1_273' title='bbox 268 3308 338 3372; x_wconf 77' lang='grc' dir='ltr'><strong><em>ταῖς</em></strong></span> <span class='ocrx_word' id='word_1_274' title='bbox 349 3301 542 3374; x_wconf 87' lang='grc' dir='ltr'><strong><em>συνουσίαις</em></strong></span> <span class='ocrx_word' id='word_1_275' title='bbox 551 3296 744 3383; x_wconf 87' lang='grc' dir='ltr'><strong><em>γιγνόμενα.</em></strong></span> <span class='ocrx_word' id='word_1_276' title='bbox 759 3299 878 3377; x_wconf 78' lang='grc' dir='ltr'><strong><em>σκέψαι</em></strong></span> <span class='ocrx_word' id='word_1_277' title='bbox 889 3297 924 3362; x_wconf 77' lang='grc' dir='ltr'><strong><em>δὲ</em></strong></span> <span class='ocrx_word' id='word_1_278' title='bbox 936 3293 1036 3374; x_wconf 82' lang='grc' dir='ltr'><strong><em>αὐτὸς</em></strong></span> <span class='ocrx_word' id='word_1_279' title='bbox 1046 3298 1117 3381; x_wconf 82' lang='grc' dir='ltr'><strong><em>ἑξῆς</em></strong></span> 
     </span>
     <span class='ocr_line' id='line_1_33' title="bbox 117 3389 1118 3486; baseline 0.004 -29"><span class='ocrx_word' id='word_1_280' title='bbox 117 3389 268 3477; x_wconf 83' lang='grc' dir='ltr'><strong><em>ἀκούων,</em></strong></span> <span class='ocrx_word' id='word_1_281' title='bbox 290 3403 324 3462; x_wconf 89' lang='grc' dir='ltr'><strong><em>εί</em></strong></span> <span class='ocrx_word' id='word_1_282' title='bbox 333 3421 382 3473; x_wconf 87' lang='grc' dir='ltr'><strong><em>τις</em></strong></span> <span class='ocrx_word' id='word_1_283' title='bbox 397 3389 440 3462; x_wconf 87' lang='grc' dir='ltr'><strong><em>ἀν</em></strong></span> <span class='ocrx_word' id='word_1_284' title='bbox 460 3392 543 3461; x_wconf 86' lang='grc' dir='ltr'><strong><em>αὐτά</em></strong></span> <span class='ocrx_word' id='word_1_285' title='bbox 561 3392 737 3482; x_wconf 83' lang='grc' dir='ltr'><strong><em>ὑπομείναι</em></strong></span> <span class='ocrx_word' id='word_1_286' title='bbox 751 3395 888 3463; x_wconf 88' lang='grc' dir='ltr'><strong><em>δύναιτο</em></strong></span> <span class='ocrx_word' id='word_1_287' title='bbox 907 3399 1038 3486; x_wconf 74' lang='grc' dir='ltr'><strong><em>παιδεία</em></strong></span> <span class='ocrx_word' id='word_1_288' title='bbox 1052 3390 1118 3462; x_wconf 88' lang='grc' dir='ltr'><strong><em>κάν</em></strong></span> 
     </span>
    </p>
   </div>
   <div class='ocr_carea' id='block_1_3' title="bbox 0 0 1288 3825">
    <p class='ocr_par' dir='ltr' id='par_1_3' title="bbox 0 0 1288 3825">
     <span class='ocr_line' id='line_1_34' title="bbox 0 0 1288 3825; baseline 0 0"><span class='ocrx_word' id='word_1_289' title='bbox 0 0 1288 3825; x_wconf 95' lang='lat' dir='ltr'><strong><em> </em></strong></span> 
     </span>
    </p>
   </div>
  </div>
 </body>
</html>
