2550 3825
520 228 718 285 AAIEYZ.
1060 218 1121 284 261

120 389 211 455 ε’στιν
227 383 384 473 ὑποσχεῖν
400 383 503 454 αὐτόν
517 384 579 472 τήν
593 392 697 471 δίκην.
720 381 742 471 ή
756 392 790 453 τί
800 383 864 471 γάρ
879 381 923 452 ἀν
940 391 1043 452 εἰπεῖν
1054 391 1122 472 ἔχοι

119 483 159 551 τά
176 484 359 570 σεμνότατα
370 485 531 568 διασύρας
543 486 595 552 έπὶ
608 484 779 552 τοσούτων
790 484 986 570 μαρτύρων;
1007 483 1123 569 χρήσι-

120 608 184 668 μον
198 588 285 666 γοῦν
306 584 361 650 καὶ
377 579 459 669 πρός
477 585 623 660 ἐκείνους
638 580 676 648 τό
697 588 865 667 τοιοῦτον,
891 587 921 648 εί
940 581 1122 647 θεάσαιντο

121 677 225 748 αύτδν
245 681 469 767 κολασθέντα,
492 679 536 759 ὡς
553 680 634 768 μηδὲ
651 679 749 756 ἀλλος
766 705 815 758 τις
829 685 876 746 ἔτι
897 685 1122 765 καταφρονοίη

121 783 336 864 φιλοσοφίας·
366 780 435 846 ἐπεὶ
455 779 494 846 τό
510 804 549 864 γε
562 775 624 863 τήν
644 775 785 864 ἡσυχίαν
805 775 898 862 ἀγειν
915 779 971 845 καὶ
988 775 1123 863 ὑβριζό-

120 901 224 964 μενον
247 876 425 962 ἀνέχεσθαι
447 873 489 944 ού
514 876 738 962 μετριότητος,
764 871 848 942 ἀλλά
870 872 1050 961 ἀνανδρίας
1068 874 1122 940 καὶ

121 973 277 1061 εὐηθείας
298 975 431 1054 εἰκότως
450 972 494 1043 ἀν
516 981 689 1061 νομιζοιτο.
723 971 763 1040 τά
783 971 849 1059 γάρ
864 982 1034 1041 τελευταία
1058 979 1123 1039 τίνι

121 1073 268 1159 φορητός
300 1071 336 1152 δς
362 1074 517 1158 καθάπερ
535 1070 576 1140 τά
599 1069 794 1155 ἀνδράποδα
815 1068 1019 1159 παραγαγών
1038 1067 1124 1155 ἡμᾶς

121 1173 173 1239 ἐπὶ
187 1169 224 1238 τό
240 1173 450 1259 πωλητήριον
465 1173 520 1239 καί
535 1170 665 1256 κήρυκα
680 1169 856 1256 ἐπιστήσας
872 1167 1122 1255 ἀπημπόλησεν,

122 1267 166 1347 ὥς
181 1288 280 1355 φασι,
301 1267 379 1348 τούς
393 1270 454 1356 μὲν
473 1271 527 1337 ἐπὶ
542 1275 670 1357 πολλῷ,
692 1269 802 1346 ένίους
819 1270 855 1336 δὲ
870 1275 954 1355 μνᾶς
966 1265 1121 1352 Ἀττικῆς,

121 1368 177 1454 ἐμὲ
193 1369 228 1434 δὲ
246 1365 263 1434 ὁ
281 1366 576 1453 παμπονηρότατος
592 1359 690 1444 οὗτος
706 1365 760 1432 δύ’
780 1365 926 1454 ὀβολῶν·
948 1371 981 1435 οί
995 1365 1120 1452 παρόν-

123 1491 174 1544 τες
188 1465 224 1532 δὲ
239 1467 370 1549 ἐγέλων.
393 1462 472 1532 ἀνθ’
490 1458 538 1531 οἷν
552 1491 591 1549 γε
608 1462 706 1532 αὐτοί
717 1490 751 1530 τε
767 1463 1023 1550 ἀνεληλύθαμεν
1040 1463 1124 1550 ἀγα-

120 1563 342 1647 νακτήσαντες
356 1565 411 1630 καί
426 1564 462 1630 σὲ
483 1560 641 1648 ἀξιοῦμεν
655 1564 855 1650 τιμωρήσειν
868 1561 948 1651 ἡμῖν
961 1561 1002 1630 τά
1018 1573 1124 1647 αίσχι-

122 1685 182 1730 στα
195 1660 415 1749 ὑβρισμένοις.

94 1773 96 1778 ’
205 1767 254 1828 28.
271 1768 406 1828 ΑΝΑΒ.
430 1753 482 1827 Εύ
492 1786 546 1845 γε,
566 1753 593 1827 τό
603 1761 779 1847 Διόγενες,
797 1759 883 1845 ὑπὲρ
894 1759 1053 1829 ἁπάντων
1063 1785 1124 1826 κα-

122 1867 186 1939 λῶς
200 1857 308 1927 ὁπόσα
322 1861 421 1946 ἐχρῆν
437 1857 567 1927 ἅπαντα
585 1869 726 1947 είρηκας.

206 1964 295 2025 ΦΙΛ.
315 1960 501 2026 Παύσασθε
516 1960 746 2037 ἐπαινοῦντες·
776 1966 863 2045 ἔγχει
876 1969 923 2050 τῷ
936 1959 1126 2043 ἀπολογου-

122 2055 219 2141 μένφ.
243 2050 285 2118 σύ
301 2055 353 2138 δέ,
371 2046 398 2119 τό
412 2055 648 2139 Παρρησιάδη,
666 2058 740 2139 λέγε
754 2054 817 2141 ήδη
831 2060 868 2124 ἐν
883 2064 929 2146 τῷ
943 2060 1050 2141 μέρει·
1073 2054 1125 2120 σοὶ

121 2148 185 2234 γάρ
201 2146 238 2215 τὸ
255 2156 321 2215 νῦν
337 2152 394 2235 ῥεῖ.
418 2150 462 2237 μή
478 2153 575 2237 μέλλε
589 2145 662 2217 οὖν.

205 2252 254 2313 29.
278 2254 403 2315 HAPP.
429 2246 480 2316 Ού
491 2245 599 2316 πάντα
615 2273 697 2335 μου,
714 2242 741 2315 ὦ
755 2254 958 2334 Φιλοσοφία,
982 2248 1125 2333 κατηγό-
1144 2259 1194 2314 598

123 2367 203 2431 ρησε
217 2349 397 2432 Διογένης,
418 2344 501 2414 ἀλλά
522 2343 562 2412 τά
578 2344 680 2414 πλείω
700 2352 756 2415 καὶ
777 2346 839 2416 ὅσα
858 2340 902 2431 ἦν
916 2344 1125 2430 χαλεπώτερα

122 2440 185 2509 οὐκ
201 2439 264 2509 οἷδ’
284 2441 304 2509 ό
321 2469 352 2509 τι
374 2440 496 2510 παθόν
515 2446 704 2528 παρέλιπεν.
739 2442 803 2530 ἐγώ
823 2444 859 2511 δὲ
879 2442 1042 2510 τοσούτου
1062 2443 1126 2508 δέω

123 2544 258 2622 ἔξαρνος
272 2541 430 2623 γενέσθαι
451 2535 496 2617 ὡς
509 2537 571 2606 ούκ
588 2537 682 2607 εἷπον
696 2540 796 2628 αύτά,
817 2537 840 2628 ή
855 2538 1037 2625 ἀπολογίαν
1050 2535 1126 2605 τινά

122 2634 348 2724 μεμελετηκώς
368 2634 524 2723 ἀφῖχθαι,
551 2636 705 2710 ὥστεκαὶ
726 2652 759 2711 εί
777 2669 852 2710 τινα
874 2636 1011 2728 ήαύτός
1030 2631 1126 2716 οὗτος

122 2735 391 2825 ἀπεσιώπησενή
412 2738 475 2826 ἐγώ
491 2738 533 2827 μή
550 2740 713 2826 πρότερον
729 2747 862 2827 ἔφθασα
884 2737 1039 2824 εἰρηκώς,
1061 2744 1127 2804 νῦν
1219 2733 1224 2743 ’

122 2840 329 2925 προσθήσειν
346 2866 402 2925 μοι
424 2844 529 2907 δοκοί·
558 2838 648 2907 οὕτω
667 2837 732 2924 γὰρ
756 2835 800 2906 ἀν
823 2839 946 2925 μύθοις
972 2836 1127 2913 οὕστινας

122 2938 350 3023 ἀπεκήρυττον
370 2940 425 3005 καί
439 2946 548 3017 κακῶς
566 2936 735 3025 ἠγόρευον
755 2937 915 3019 ἀλαζόνας
929 2937 986 3028 καλ
1004 2935 1127 3021 γόητας

123 3037 316 3106 ἀποκαλῶν·
338 3045 396 3106 καί
403 3064 459 3125 μοι
473 3039 580 3123 μόνον
590 3037 988 3123 τούτο-παραφυλάττετε,
1004 3039 1035 3102 εί
1043 3032 1127 3118 ἀλη-

122 3145 168 3224 θῆ
181 3142 256 3224 περί
273 3134 384 3205 αὐτῶν
404 3140 477 3221 έρω.
509 3142 538 3204 εί
558 3139 597 3203 δέ
613 3161 645 3201 τι
661 3135 861 3221 βλάσφημον
880 3130 902 3220 ή
923 3130 1026 3219 τραχύ
1048 3137 1127 3216 φαί-

123 3263 213 3304 νοιτο
230 3243 313 3321 έχων
328 3234 346 3303 ὁ
362 3235 478 3320 λόγος,
500 3230 542 3299 ού
556 3230 615 3299 τόν
631 3234 839 3317 διελέγχοντα
854 3232 925 3315 ἐμέ,
949 3226 1024 3297 ἀλλ’
1043 3232 1127 3295 ἐκεί-

123 3360 203 3413 νους
216 3332 260 3402 ἀν
275 3334 364 3421 οἶμαι
379 3331 587 3417 δικαιότερον
601 3324 811 3399 αίτιάσεσθαι
832 3337 969 3395 τοιαῦτα
986 3333 1127 3395 ποιοῦν-

123 3460 188 3511 τας.
212 3432 275 3518 ἐγώ
287 3432 352 3519 γάρ
374 3430 485 3519 ἐπειδή
502 3432 637 3518 τάχιστα
654 3434 806 3510 ξυνείδον
824 3426 932 3495 ὁπόσα
946 3442 1014 3505 τοϊς
1026 3430 1126 3516 ῥητο-
