2550 3825
222 180 503 239 ΜΕΝΙΠΠΟΣ
520 181 557 237 Η
574 167 992 243 αωκυοΜΑΝυωιΑ.
1046 182 1107 245 201

189 341 238 406 17.
259 345 349 406 ΦΙΛ.
371 341 458 406 Είπέ
468 364 540 424 μοι,
556 332 769 427 όΜέυιππε,
784 346 817 409 ολ
827 343 864 411 δέ
876 341 956 422 τοῦς
966 352 1107 411 πολυτε-
1124 361 1176 416 48⁰

105 444 172 514 λεῖς
185 436 327 514 τούτους
341 439 398 505 καλ
412 434 564 524 ῦύηλοῦς
583 439 712 524 τάφους
732 446 862 525 ἔχοντες
874 438 959 524 ῦπδρ
976 447 1037 527 γῆς
1053 444 1108 508 καὶ

105 534 227 620 στήλας
246 537 301 603 καὶ
326 535 459 613 εἰκόνας
474 539 530 604 καὶ
549 538 779 624 ἐπιγράμματα
801 536 902 606 οὐδέν
923 539 1108 625 τιμιώτεροι

105 630 185 715 παρ’
202 629 315 712 αὐτοῖς
330 639 393 701 ελσε
409 640 477 701 τῶν
494 639 637 703 ἰδιωτῶν
650 643 799 720 νεκρῦνς

189 739 300 800 ΜΕΝ.
323 740 459 819 Ληρεῖς,
477 724 504 801 ό
519 725 632 812 οὗτος·
656 741 686 803 εἰ
694 741 780 819 γοῦν
792 735 923 803 ἐθεάσω
933 732 994 802 τόν
1004 733 1108 800 Μαῦ-

79 891 84 902 ,
105 837 216 896 σωλου
229 826 349 915 αὐτόν,
365 872 406 883 -
426 834 513 916 λέγω
530 831 567 899 δὲ
580 828 642 899 τδν
655 838 769 917 Κᾶρα,
791 830 850 900 τόν
867 837 903 900 έκ
923 839 984 899 τοῦ
997 831 1108 918 τάφου

105 929 306 1014 περιβόητον
319 970 355 979 -
369 921 409 996 εό
423 927 498 996 οἶδα
512 928 575 998 οὐκ
591 925 635 996 ἀν
651 930 785 998 ἐπαύσω
800 939 927 1018 γελῶν,
945 930 1034 999 οὕτω
1049 957 1109 999 τα·

104 1025 219 1102 πεινδς
234 1030 367 1111 ἔρριπτο
379 1030 417 1095 έν
432 1027 634 1116 παραβύστῳ
646 1049 713 1095 που
727 1029 912 1097 λανθάνων
926 1031 963 1096 έν
977 1036 1022 1116 τῷ
1037 1037 1110 1096 λοι-

104 1129 157 1213 πῷ
172 1123 265 1213 δήμῳ
276 1132 345 1190 των
358 1131 506 1210 νεκράν,
523 1126 595 1210 έμολ
609 1128 737 1209 δοκεῖν,
752 1134 914 1195 τοσοῦτον
928 1125 1109 1195 ἀπολαύων

104 1229 166 1289 τοῦ
186 1221 371 1309 μνήματος,
392 1220 472 1309 παρ’
489 1222 572 1290 ὅσον
591 1223 771 1311 ἐβαρύνετο
792 1216 990 1311 τηλικοῦτον
1006 1223 1109 1311 ἄχθος

105 1323 324 1406 ἐπικείμενος·
358 1318 494 1388 έπειδάν
513 1322 596 1408 γάρ,
618 1314 646 1388 ἀ
663 1326 786 1408 ἑταῖρε,
811 1320 969 1401 ὁΑίακός
984 1319 1110 1413 ἀπομε·

105 1419 211 1507 τρήση
226 1420 353 1509 ἑκάστῳ
372 1417 432 1487 τὸν
452 1420 574 1503 τόπον,
588 1462 632 1474 -
646 1424 761 1487 δίδωσι
783 1423 820 1488 δὲ
843 1420 879 1487 τὸ
898 1423 1053 1507 μέγιστον
1067 1417 1109 1487 οῦ

106 1521 209 1587 πλέον
221 1518 325 1596 ποδός
341 1559 377 1568 -
394 1515 524 1604 ἀνάγκη
541 1515 722 1603 ἀγαπῶντα
734 1529 951 1587 κατακεῖσθαι
967 1517 1052 1606 πρὸς
1070 1516 1108 1587 τὸ

106 1619 228 1703 μέτρον
248 1617 524 1701 συνεσταλμένον.
553 1622 665 1704 πολλῷ
680 1612 711 1683 δ’
734 1611 777 1683 ἀν
792 1614 881 1702 οἶμαι
896 1624 1023 1702 μᾶλλον
1038 1619 1110 1702 έγέ-

110 1723 225 1800 λασας,
243 1720 274 1782 εί
286 1714 417 1783 ἐθεάσω
431 1711 511 1792 τοῦς
524 1710 603 1798 παρ’
613 1711 695 1798 ἡμῖν
709 1714 864 1799 βασιλέας
875 1717 929 1782 καλ
942 1715 1110 1802 σατράπας

107 1810 337 1897 πτωχεύοντας
351 1808 431 1898 παρ’
448 1808 560 1888 αῦτοῖς
573 1813 628 1879 καλ
642 1808 714 1895 ήτοι
729 1819 1037 1895 ταριχοπωλοῦντας
1049 1809 1107 1879 ὑπ’

106 1906 247 1993 ἀπορίας
259 1904 282 1996 ἢ
295 1907 337 1977 τά
350 1917 464 1996 πρῦτα
477 1908 694 1987 διδάσκοντας
709 1909 886 1996 γράμματα
900 1915 955 1979 καλ
965 1907 1031 1978 ὑπό
1048 1915 1109 1978 τοῦ
1126 1917 1175 1972 481

106 2010 266 2095 τυχόντος
278 2003 516 2096 ὑβριζομένους
526 2011 581 2077 καὶ
595 2007 678 2075 κατά
690 2008 813 2094 κόρρης
828 2012 1031 2094 παιομένους
1043 2006 1111 2075 ἀέσ-

105 2130 169 2195 περ
184 2115 252 2176 τῶν
265 2105 489 2195 ἀνδραπόδων
502 2105 542 2174 τά
558 2105 735 2191 ἀτιμότατα
774 2112 944 2175 Φίλιππον
954 2113 1039 2192 γοῦν
1049 2103 1110 2172 τόν

107 2205 292 2273 Μακεδόνα
306 2203 370 2292 έγοδ
383 2217 590 2290 θεασάμενος
606 2200 685 2270 οῦδὲ
695 2216 829 2286 κρατεῖν
843 2204 987 2287 ἐμαυτοῦ
1004 2205 1110 2267 δυνα-

108 2302 164 2382 τδς
177 2297 237 2390 ήν·
258 2306 391 2390 ἐδείχθη
406 2305 445 2371 δέ
455 2330 512 2388 μοι
525 2305 562 2370 έν
575 2305 721 2390 γωυιδλςο
735 2302 801 2367 τινὶ
819 2305 947 2384 μισθοῦ
964 2297 1110 2383 ἀκούμε-

106 2428 165 2479 νος
179 2397 219 2468 τά
234 2399 344 2487 σαπρά
364 2409 432 2468 τοῖν
450 2398 682 2485 ὑποδημάτων.
705 2393 850 2474 πολλοῦς
866 2397 901 2464 δὲ
917 2400 972 2463 καλ
988 2393 1110 2472 ἀλλους

106 2493 153 2586 ήν
166 2503 251 2568 ίδεῖν
265 2503 302 2567 έν
315 2514 386 2578 ταῖς
399 2498 543 2585 τριόδοις
559 2503 807 2583 μεταιτοῦντας,
823 2496 945 2586 Ξέρξας
959 2494 1111 2579 λέγωκαὶ

107 2603 275 2684 Δαρείους
288 2598 344 2665 καὶ
356 2597 592 2680 Πολυκράτεος.

194 2698 243 2763 18.
267 2701 357 2762 MA.
383 2692 509 2762 Ἀτοπα
528 2699 625 2783 διηγῇ
640 2691 680 2761 τά
701 2695 774 2780 περὶ
790 2700 859 2761 οῦν
874 2695 1040 2781 βασιλέων
1056 2695 1110 2760 καλ

108 2798 231 2880 μικροῦ
246 2796 317 2860 δεῖν
332 2789 461 2860 ἀπιστα.
484 2798 519 2860 τί
529 2791 596 2861 δὲὸ
613 2793 794 2880 Σωκράτης
808 2798 946 2880 ἔπραττε
961 2793 1015 2859 καὶ
1025 2801 1111 2859 Διο-

105 2893 207 2979 γένης
221 2893 276 2958 καὶ
293 2899 386 2968 εἴτις
399 2889 499 2969 ἀλλος
512 2897 581 2958 τῶν
595 2898 728 2976 σοφῦνς

191 2995 303 3056 ΜΕΝ.
331 2985 365 3056 Ὁ
379 2991 441 3075 μέν
456 2988 639 3075 Σωκράτης
657 2985 754 3056 κάκεῖ
769 2992 971 3072 περιέρχεται
985 2990 1111 3071 διελεγ-

107 3111 177 3171 χων
196 3083 361 3163 ἅπαντας·
387 3086 517 3152 σύνεισι
536 3083 568 3152 δ’
591 3083 682 3174 αῦτχῦ
701 3085 903 3170 Παλαμήδης
920 3087 975 3151 καὶ
992 3081 1111 3150 Ὀδυσ-

108 3182 188 3262 σεῦς
200 3185 256 3250 καὶ
267 3185 404 3269 Νέστωρ
419 3186 474 3250 καλ
485 3192 519 3250 ελ
527 3208 576 3259 τις
592 3180 691 3258 ἄλλος
706 3179 806 3258 λάλος
819 3181 946 3262 νεκρός.
970 3186 1017 3246 έτι
1030 3183 1111 3259 μέν·

107 3308 158 3350 τοι
173 3280 361 3367 ἐπεφύσητο
372 3278 462 3371 αύτῷ
475 3283 531 3348 καὶ
544 3279 699 3369 διῳδήκει
715 3281 750 3345 έκ
765 3285 822 3363 τῆς
838 3282 1112 3364 φαρμακοποσίας

108 3379 147 3446 τά
168 3382 278 3465 σκέλη.
307 3377 324 3446 ὁ
347 3383 383 3446 δὲ
403 3381 570 3466 βέλτιστος
582 3378 748 3463 Διογένης
764 3387 919 3458 παροικεῖ
936 3374 996 3458 μὲν
1017 3381 1109 3453 Σαρ·
