2550 3825
345 130 585 191 NEKPIKOI
609 132 870 191 ΔΙΑΛΟΓΟΙ.
1049 126 1109 191 183

110 292 163 359 καὶ
173 294 223 359 έπί
236 291 400 377 τράχηλον
412 288 583 369 ὠθοῦντος
592 298 652 357 τοῦ
665 288 784 375 Ἑρμοῦ
796 288 885 375 ὅμως
897 287 1110 377 ἀντιβαίνον-

109 416 166 468 τας
181 392 236 458 καὶ
251 388 388 467 ὑπτίους
404 386 652 474 ἀντερείδοντας
667 386 767 456 οὐδὲν
784 393 869 457 δέον,

191 496 319 557 ΚΡΑΤ.
342 484 463 573 ”δ’κγωγ’
486 479 551 553 οὖν
574 492 628 553 καὶ
651 486 848 573 διηγήσομαι
872 484 952 571 ὑμῖν
977 484 999 551 δι’
1020 484 1108 554 εἶδον

110 584 209 655 ὁπότε
225 587 360 674 κατῄειν
374 583 457 653 κατά
472 582 533 670 τήν
549 582 641 651 ὁδόν.

191 691 311 752 ΔΙΟΓ.
334 684 516 769 Διήγησαι,
539 675 566 749 ῶ
584 682 732 767 Κράτης·
754 688 862 761 ἔοικας
876 681 941 768 γάρ
957 708 1032 749 τινα
1047 684 1106 749 ἕω·
1126 691 1179 747 438

110 786 246 864 ρακέναι
262 784 451 868 παγγέλοια.

192 884 222 946 2.
233 886 360 947 KPAT.
374 881 438 946 Καὶ
447 876 541 946 ἀλλοι
550 877 612 964 μὲν
621 880 738 945 πολλοὶ
747 880 1009 966 συγκατέβαινον
1019 874 1108 964 ἡμῖν,

108 982 146 1045 έν
159 975 272 1058 αὐτοῖς
286 979 323 1045 δέ
333 982 484 1063 ἐπίσημοι
497 976 734 1062 Ἰσμηνόδωρός
748 999 782 1042 τε
794 974 812 1042 ὁ
824 972 1013 1053 πλοάσιοςὸ
1028 973 1110 1060 ήμέ-

108 1102 203 1161 τερος
214 1078 266 1144 καί
278 1074 437 1162 Ἀρσάκης
452 1072 469 1143 ὁ
482 1078 615 1159 Μηδίας
625 1072 772 1158 ὕπαρχος
782 1074 836 1140 καὶ
847 1071 991 1158 Ὀροίτης
1005 1068 1022 1139 ό
1034 1070 1110 1158 Ἀρ·-

8 1214 11 1218 «
108 1176 231 1259 μένιος.
251 1171 348 1260 ὁμέν
362 1166 425 1241 οὖν
437 1172 672 1259 Ἰσμηνόδωρος
690 1213 725 1222 -
744 1170 946 1255 ἐπεφόνευτο
962 1168 1026 1256 γάρ
1042 1166 1107 1237 ὑπό

110 1280 177 1338 τῶν
191 1278 320 1359 λῃστῶν
336 1268 484 1353 περὶτῶν
500 1278 700 1352 Κιθαιρῶνα
715 1271 747 1347 ές
757 1266 925 1336 Ἐλευσῖνα
943 1266 1032 1352 οἶμαι
1047 1275 1110 1354 βα-

109 1372 208 1449 δίζων
221 1410 263 1421 -
278 1372 392 1437 ἔστενέ
402 1395 436 1435 τε
449 1369 504 1440 καὶ
517 1366 554 1435 τό
570 1376 699 1452 τραῦμα
714 1370 750 1433 ἐν
765 1378 838 1433 ταῖν
853 1379 963 1451 χεροῖν
979 1364 1041 1451 εἶχε
1055 1366 1109 1433 καὶ

108 1463 149 1533 τά
165 1471 295 1552 παιδία,
312 1464 470 1552 άνεογνά
485 1473 720 1547 κατελελοίπει,
736 1460 925 1531 ἀνεκαλεῖτο
938 1464 992 1531 καὶ
1004 1467 1108 1553 ἑαυτῷ

108 1565 312 1651 ἐπεμέμφετο
326 1571 383 1651 τῆς
398 1564 534 1650 τόλμης,
552 1560 588 1641 ὃς
604 1568 803 1647 Κιθαιρῶνα
820 1557 1039 1647 ὑπερβάλλων
1055 1562 1109 1627 καὶ

109 1659 147 1728 τά
165 1664 240 1745 περὶ
257 1661 315 1740 τὰς
331 1660 528 1744 Ἐλευθεράς
548 1668 651 1747 χωρία
672 1664 845 1746 πανέρημα
860 1658 940 1726 ὅντα
961 1655 1027 1726 ὑπό
1042 1666 1109 1725 τῶν

107 1759 262 1844 πολέμων
277 1761 438 1828 διοδεύων
459 1760 520 1827 δάο
538 1760 663 1845 μόνους
684 1762 810 1837 οἰκέτας
830 1756 1026 1842 ἐπηγάγετο,
1054 1760 1107 1824 καὶ
1127 1775 1179 1829 439

107 1862 211 1924 ταῦτα
221 1858 342 1943 φιάλας
352 1861 450 1927 πέντε
459 1864 583 1944 χρυσοῖς
593 1860 648 1926 καὶ
658 1864 781 1944 κυμβία
792 1852 927 1939 τέτταρά
939 1850 1016 1940 μεθ’
1030 1856 1109 1922 ἑαυ-

108 1963 169 2021 τοῦ
182 1961 276 2041 ἔχων.
307 1962 337 2023 3.
361 1951 379 2022 δ
398 1956 434 2023 δέ
450 1953 667 2041 Ἀρσάκης-
683 1951 819 2042 γηραιός
840 1951 904 2039 γάρ
919 1951 982 2039 ήδη
998 1956 1052 2020 καὶ
1066 1951 1108 2038 νή

108 2048 166 2120 Δί’
184 2050 246 2120 οὐκ
260 2050 403 2138 άσεμνος
421 2049 482 2138 τήν
502 2050 581 2131 ὄψιν
594 2055 683 2130 -ές
702 2049 738 2118 τό
761 2047 967 2137 βαρβαρικόν
988 2047 1108 2135 ήχθετο

107 2154 163 2220 καὶ
176 2149 355 2238 ἠγανάκτει
374 2151 482 2233 πεζός,
491 2158 633 2240 βαδιῖων
650 2155 704 2220 καὶ
718 2150 811 2239 ἠξίου
828 2148 887 2218 τόν
902 2154 1005 2218 ίππον
1020 2148 1110 2239 αὐτῷ

107 2259 355 2336 προσαχθῆναι·
378 2253 432 2317 καὶ
446 2249 509 2335 γάρ
524 2248 541 2317 ὁ
556 2253 656 2328 ἵππος
671 2247 760 2338 αὐτῷ
775 2247 1027 2332 συνετεθνήκει,
1049 2255 1108 2336 μιᾷ

107 2355 218 2434 πληγῇ
231 2344 413 2433 ἀμφότεροι
427 2351 640 2432 διαπαρέντες
655 2344 719 2414 ὑπό
736 2347 867 2434 Θρᾳκός
881 2369 971 2422 τινος
988 2353 1110 2414 πελτα-

107 2450 190 2511 στοῦ
211 2446 247 2511 έν
266 2453 306 2532 τῇ
320 2447 374 2512 ἐπὶ
393 2453 438 2536 τῷ
460 2443 578 2533 Ἀράξῃ
598 2443 681 2528 πρὸς
698 2442 758 2511 τδν
774 2443 1003 2529 Καππαδόκην
1023 2463 1110 2528 συμ-

107 2547 224 2628 πλοκή.
244 2538 262 2608 ὁ
275 2539 411 2627 μὲνγὰρ
422 2540 580 2627 Ἀρσάκης
592 2541 788 2628 ἐπήλαυνεν,
802 2538 846 2620 ῶς
857 2545 1009 2627 διηγεῖτο,
1022 2537 1108 2609 πολὺ

107 2643 176 2704 τῶν
187 2635 298 2705 ἀλλων
307 2639 611 2726 προϋπεξορμήσας,
624 2637 770 2717 ὑποστάς
782 2640 818 2707 δέ
829 2637 846 2706 ὁ
858 2644 946 2728 Θρᾷξ
957 2645 996 2726 τῇ
1008 2641 1108 2726 πέλτη

106 2738 170 2819 μέν
185 2732 313 2814 ὑποδὺς
329 2734 515 2806 ἀποσείεται
531 2747 593 2806 τοῦ
605 2736 768 2823 Ἀρσάκου
782 2733 843 2805 τόν
857 2737 995 2817 κοντόν,
1020 2733 1106 2803 ὑπο·
1125 2751 1178 2804 440

105 2832 181 2908 θεὶς
195 2833 231 2897 δὲ
247 2829 308 2917 τήν
323 2833 464 2914 σάρισαν
478 2831 583 2902 αὐτόν
596 2862 631 2902 τε
647 2838 807 2919 διαπείρει
821 2834 875 2900 καὶ
890 2830 950 2900 τόν
965 2834 1078 2900 ἵππον.

191 2934 222 2994 4.
243 2936 312 2997 AN
313 2937 349 2996 T.
371 2937 449 3010 Πῶς
463 2927 598 3017 οἷόντε,
615 2924 642 3000 ῶ
656 2932 803 3018 Κράτης,
819 2940 877 3022 μιᾷ
889 2939 997 3020 πληγή
1009 2937 1107 2998 τοῦτο

104 3029 281 3112 γενέσθαι;

190 3130 280 3192 ΚΡΑ
284 3133 319 3192 Τ.
336 3122 453 3215 Ῥᾷσί,
467 3120 493 3193 ῶ
505 3124 727 3206 Ἀντίσθενες·
744 3124 834 3213 ὁμὲν
844 3125 909 3212 γάρ
921 3126 1109 3212 ἐπήλαυνεν

104 3220 331 3307 εἰκοσάπηχύν
340 3249 414 3288 τινα
425 3228 693 3310 προβεβλημένος
702 3222 832 3306 κοντόν,
844 3220 959 3310 όΘρᾷξ
972 3222 1008 3289 δέ
1020 3226 1109 3288 ἐπει-

104 3314 148 3404 δή
164 3326 204 3405 τῇ
219 3323 321 3406 πέλτη
338 3317 566 3402 ἀπεκρούσατο
581 3321 643 3407 τήν
658 3318 848 3409 προσβολήν
865 3321 916 3388 καί
935 3326 1108 3404 παρῆλθεν
