2550 3825
111 135 116 145 ⁸
159 177 218 236 132
511 177 816 234 Λουαικαου

157 339 226 402 δῶν
236 327 343 422 ἦσθα,
355 334 375 403 δ
386 339 440 403 καὶ
450 336 591 421 μάλιστα
603 335 769 419 ἐλύπησεν
779 334 901 421 αὐτήν·
918 339 973 404 καὶ
985 333 1049 420 ἐγώ
1060 341 1158 402 τοῦτο

156 428 328 519 ἠδίκημαι,
344 431 395 501 ὅτι
408 431 448 500 τά
464 430 525 518 ἐμά
543 430 587 498 σὺ
600 430 792 517 ηὐφραίνου
805 433 879 499 τότε
893 434 948 499 καὶ
962 431 1159 518 περιστήσας

157 531 352 617 πορφύρεόν
362 559 393 599 τι
404 538 510 616 κῦμα,
527 529 608 615 ὅπερ
621 527 707 614 ὑμᾶς
717 532 945 615 συνέκρυπτεν
956 527 1039 615 άμα,
1055 537 1160 613 συνῆ-

158 637 226 694 σθα
239 636 280 716 τῇ
295 632 387 696 παιδὶ
402 626 475 695 ἄντ’
496 631 587 712 ἐμοῦ.

241 733 304 793 ΠΟ
313 735 344 792 Σ.
368 732 440 793 Ναί
445 751 452 763 ’
476 722 518 791 σδ
533 722 598 808 γάρ
616 722 678 791 οὐκ
691 723 827 811 ἤθελες,
844 718 1019 793 άἘνιπευ.

636 1010 684 1073 14.

325 1122 586 1174 ΤΡΙΤΩΝΟΣ
610 1125 692 1176 ΚΑΙ
717 1124 993 1176 ΝΗΡΗΙΔΩΝ.

244 1257 271 1316 l.
298 1259 407 1321 TPIT.
435 1252 479 1320 Τό
495 1262 592 1341 κῆτος
607 1254 720 1341 ὑμῶν,
747 1248 774 1322 αι’
790 1261 972 1342 Νηρηίδες,
997 1253 1016 1322 δ
1031 1256 1083 1322 ἐπὶ
1099 1253 1161 1338 τὴν

91 1362 140 1416 322
159 1356 219 1416 τοῦ
233 1355 374 1436 Κηφέως
388 1355 558 1437 θυγατέρα
571 1351 633 1439 τὴν
644 1352 867 1439 Ἀνδρομέδαν
880 1357 1061 1440 ἐπέμψατε,
1084 1350 1161 1418 οὔτε

158 1443 219 1531 την
233 1452 334 1515 παῖδα
348 1445 522 1534 ἠδίκησεν,
539 1446 582 1527 ὡς
597 1459 728 1535 οἴεσθε,
742 1454 796 1518 καλ
812 1448 893 1519 αότδ
908 1451 972 1537 ἤδη
986 1455 1159 1536 τέθνηκεν.

242 1565 344 1625 ΝΗΡ.
362 1557 440 1626 ‘Yazd
455 1567 560 1644 τίνος,
578 1553 604 1626 ά
622 1567 767 1645 Τρίτων;
789 1557 993 1648 ἢὸΚηφεδς
1006 1561 1160 1642 καθάπερ

159 1656 275 1738 δέλεαρ
297 1660 435 1739 προθεὶς
452 1655 514 1743 την
535 1658 642 1743 κόρην
664 1656 856 1726 άπέκτεινεν
876 1660 995 1744 ἐπιόν,
1020 1660 1159 1745 λοχήσας
1247 1661 1252 1668 ’

158 1750 238 1838 μετὰ
254 1761 377 1839 πολλῆς
392 1755 583 1840 δυνάμεωςς
987 1842 989 1846 Ι

246 1869 355 1932 ΤΡΙΤ.
381 1864 467 1933 Οὔκ·
490 1863 572 1934 ἄλλά
589 1875 676 1950 ἴστε,
701 1865 807 1953 οἶμαι,
826 1860 1079 1955 άἸφιάνασσα,
1100 1863 1159 1933 τόν

158 1964 303 2045 Περσέα,
319 1960 355 2028 τδ
371 1970 427 2048 τῆς
442 1964 579 2048 Δανάης
594 1968 748 2051 παιδίον,
773 1963 791 2031 δ
810 1963 891 2050 μετά
906 1974 963 2053 τῆς
979 1963 1103 2052 μητρός
1124 1967 1158 2032 ἐν

158 2068 197 2147 τῇ
211 2068 339 2151 κιβωτῷ
356 2063 523 2147 ἐμβληθὲν
537 2064 570 2139 ἐς
580 2058 642 2147 τὴν
655 2062 827 2130 θάλατταν
837 2062 903 2129 ὑπὸ
916 2070 976 2130 τοῦ
989 2062 1158 2149 μητροπά-

158 2185 255 2243 τορος
269 2161 412 2227 ἐσώσατε
427 2168 625 2244 οἰκτείρασαι
637 2157 768 2237 αὐτούς.

245 2280 303 2339 ΙΦ.
329 2271 412 2340 Οἶδα
427 2270 467 2339 δν
484 2276 603 2357 λέγεις’·
627 2271 714 2351 εἰκός
728 2274 764 2341 δὲ
777 2273 841 2360 ἤδη
857 2267 1092 2340 νεανίανεῖναι
1107 2274 1162 2339 καὶ

160 2371 247 2456 μάλα
261 2371 420 2456 γενναῖόν
433 2398 469 2438 τε
485 2372 540 2438 καὶ
557 2366 661 2437 καλδν
675 2375 767 2438 ἰδεῖν.

248 2476 357 2537 ΤΡΙΤ.
382 2460 490 2546 Οὗτος
504 2465 675 2534 ἀπέκτεινε
690 2466 727 2534 τδ
743 2474 848 2553 κῆτος.

244 2572 302 2631 ΙΦ.
325 2564 392 2632 Διά
406 2572 453 2648 τί,
470 2557 497 2632 ὦ
512 2571 658 2647 Τρίτων;
676 2562 717 2630 οὐ
731 2564 795 2650 γάρ
808 2562 847 2649 δὴ
861 2572 991 2649 σῶστρα
1002 2562 1082 2651 ἡμῖν
1092 2590 1162 2631 τοι·

160 2669 243 2729 αὕτα
259 2663 401 2728 ἐκτίνειν
416 2658 521 2728 αὐτόν
535 2664 642 2747 ἐχρῆν.

243 2778 271 2839 2.
309 2779 419 2839 TPIT.
449 2770 529 2858 Ἐγώ
553 2771 633 2857 ὑμῖν
656 2773 775 2855 φράσω
795 2770 831 2840 τό
861 2780 929 2839 πᾶν
952 2770 996 2851 ὡς
1017 2775 1162 2858 ἐγένετο·

160 2868 277 2955 ἐστάλη
298 2870 360 2953 μὲν
375 2861 472 2948 οὗτος
491 2873 543 2937 ἐπὶ
564 2868 622 2947 τδς
635 2869 809 2954 Γοργόνας
827 2862 937 2939 ἆθλόν
954 2896 1028 2937 τινα
1043 2876 1162 2936 τοῦτον

160 2974 205 3056 τῷ
220 2973 352 3053 βασιλεῖ
363 2970 537 3051 ἐπιτελῶν,
560 2970 628 3034 ἐπεὶ
644 2970 679 3034 δὲ
695 2966 832 3052 ἀφίκετο
848 2972 880 3046 ἐς
899 2966 961 3055 τὴν
975 2967 1107 3053 Λιβύην
1126 3007 1161 3016 -

243 3084 302 3145 ΙΦ.
325 3084 419 3162 Πῶς,
439 3072 464 3144 ά
483 3085 627 3165 Τρίτωνς
649 3079 771 3164 μόνος;
792 3076 815 3165 ἢ
825 3084 879 3149 καὶ
893 3080 1015 3158 άλλους
1031 3079 1164 3165 συμμά-

159 3200 237 3257 χους
252 3168 349 3261 ἦγευ;
372 3176 479 3254 άλλως
495 3174 560 3261 γάρ
576 3177 745 3263 δύσπορος
759 3176 779 3265 ἡ
795 3176 882 3257 ὁδός.

247 3291 357 3353 ΤΡΙΤ.
385 3282 453 3353 Διά
481 3295 543 3352 τοῦ
563 3284 677 3368 δέρος·
710 3285 901 3373 ὑπόπτερον
923 3286 987 3372 γάρ
1014 3284 1119 3354 αὐτὸν
1142 3283 1163 3372 ἡ

39 3412 42 3422 ’
60 3398 96 3441 (2
159 3390 282 3468 Αθηνᾶ
299 3390 431 3468 ἔθηκεν.
455 3386 523 3452 ἐπεὶ
538 3382 570 3450 δ’
588 3377 653 3450 οὖν
665 3376 747 3471 ἧκεν
757 3384 845 3453 ὅπου
860 3369 1039 3502 διητηδντο,
1057 3390 1094 3450 αι’
1103 3384 1160 3467 μὲι
