2550 3825
357 185 486 241 AIKH
505 182 838 247 ΦΩΝΗΕΝΤΩΝ.
1055 178 1096 241 29

106 355 140 423 τό
159 362 229 423 Ταῦ
246 358 297 424 ἐπὶ
309 362 377 423 τῶν
392 354 471 423 ἑπτά
491 358 699 441 Φωνηέντων
712 361 787 442 βίας
800 357 855 421 καὶ
876 351 1097 439 ὑπαρχόντων

106 452 267 541 ἁρπαγῆς,
290 453 596 543 ἀφηρήσθαιλέγον
612 451 748 518 πάντων
763 459 831 519 τῶν
847 454 884 519 έν
907 456 1011 543 διπλῷ
1034 459 1096 520 ταῦ

105 555 343 637 ἐκφερομένων.
949 555 954 567 ’

185 657 213 718 2.
237 653 346 736 Μέχρι
357 654 429 737 μέν,
442 643 469 717 ά
481 649 661 735 Φωνήεντα
675 654 835 732 δικασταί,
851 646 945 734 ὀλίγα
956 647 1094 735 ήδικού-
1115 657 1149 712 8³

105 778 169 836 μην
184 748 249 817 ὑπὸ
265 752 399 817 τουτουὶ
418 756 478 817 τοῦ
502 755 564 816 ταῦ
586 750 842 834 καταχρωμένου
855 760 924 825 τοῖς
938 750 1027 832 ἐμοῖς
1042 750 1097 815 καί

105 855 315 932 καταίροντος
330 853 414 914 ἔνθα
425 844 469 933 μή
485 852 544 931 δεῖ,
560 844 601 913 οὐ
611 848 876 933 βαρέωςέφερον
889 842 952 930 τήν
967 845 1097 932 βλάβην

105 948 158 1014 καλ
169 946 360 1032 παρήκουον
372 950 443 1011 ένια
455 950 523 1010 τῶν
532 947 722 1027 λεγομένων
733 939 799 1009 ὑπό
810 950 867 1027 τῆς
875 942 1095 1028 μετριότητος,

8 1064 9 1071 ’
104 1040 147 1128 ήν
160 1051 227 1109 ίστε
242 1068 283 1127 με
297 1042 512 1127 φυλάσσοντα
527 1041 610 1125 πρός
621 1066 656 1107 τε
671 1038 757 1126 ὑμᾶς
767 1042 822 1108 καὶ
832 1038 890 1118 τάς
901 1039 1002 1119 ἀλλας
1012 1048 1095 1108 συλ-

16 1132 23 1148 '
105 1140 222 1226 λαβάς·
238 1141 307 1207 ἐπεὶ
319 1140 354 1205 δὲ
366 1141 398 1217 ές
408 1144 569 1204 τοσοῦτον
578 1136 652 1223 ἥκει
662 1140 851 1216 πλεονεξίας
860 1140 959 1204 τεκαὶ
970 1135 1096 1223 ἀνοίας,

106 1236 188 1303 ὥστε
203 1234 251 1322 ἐφ’
273 1232 322 1314 οἷς
342 1234 490 1322 ἡσύχασα
513 1235 690 1318 πολλάκις,
714 1230 776 1301 οὐκ
790 1232 929 1319 ἀγαπῶν
944 1230 1018 1300 ἀλλ’
1033 1231 1096 1319 ήδη
1117 1232 1151 1286 84

106 1335 159 1403 καὶ
172 1338 273 1400 πλείω
291 1334 537 1419 προσβιάζεται,
564 1330 751 1417 ἀναγκαίως
773 1328 852 1398 αὐτὰ
871 1329 1009 1399 εὐθύνω
1031 1338 1097 1399 νῦν

107 1427 193 1515 παρά
206 1443 273 1507 τοῖς
288 1427 459 1515 ἀμφότερα
473 1430 599 1498 εἰδόσιν
612 1427 702 1513 ὑμῖν.
720 1431 793 1506 δέος
806 1430 841 1495 δὲ
852 1426 893 1495 οὐ
906 1430 1028 1515 μικρόν
1040 1454 1097 1515 μοι

104 1530 156 1596 έπλ
167 1542 235 1605 τοῖς
247 1535 304 1612 της
318 1526 532 1608 ἀποθλίψεως
539 1530 705 1612 ἐπέρχεται
717 1533 774 1611 τῆς
784 1529 938 1610 ἐμαυτοῦ·
954 1540 1022 1604 τοῖς
1032 1522 1097 1611 γάρ

69 1660 72 1669 ·
103 1625 413 1710 προπεπραγμένοις
428 1622 482 1691 ἀεί
493 1651 523 1690 τι
540 1628 651 1708 μεῖζον
664 1622 846 1705 προστιθὲν
865 1620 972 1709 άρδην
986 1649 1026 1709 με
1040 1630 1098 1709 τῆς

44 1725 47 1732 ’
103 1727 227 1800 οίκείας
242 1718 422 1802 ἀποθλίψει
436 1722 554 1806 χώρας,
581 1718 625 1797 ὡς
641 1716 758 1801 ὀλίγον
774 1722 844 1786 δεῖν
857 1716 999 1804 ἡσυχίαν
1014 1717 1098 1805 ἀγα-

101 1820 206 1905 γόντα
219 1821 301 1906 μηδὲ
323 1821 359 1887 έν
382 1819 572 1904 γράμμασιν
589 1813 823 1901 ἀριθμεῖσθαι,
848 1821 883 1883 έν
904 1826 964 1907 ῖσφ
979 1818 1015 1883 δὲ
1029 1831 1098 1884 κεῖ-

100 1927 183 1986 σθαι
200 1923 261 1984 τοῦ
277 1917 402 2002 υόφου.
447 1922 477 1985 3.
500 1921 629 1982 δίκαιον
640 1905 704 1980 οὖν
719 1910 779 1999 οὐχ
792 1911 888 1999 ὑμᾶς,
907 1922 941 1981 οἳ
953 1915 1098 1994 δικάζετε

101 2023 179 2098 νῦν,
197 2011 281 2082 ἀλλὰ
298 2018 353 2082 καὶ
368 2012 408 2082 τά
424 2010 523 2083 λοιπά
538 2013 714 2098 γράμματα
724 2020 781 2096 τῆς
796 2018 910 2096 πείρας
924 2019 1009 2098 ἔχειν
1020 2009 1095 2079 τινά

101 2111 275 2198 φυλακήν·
299 2118 328 2179 εί
341 2110 406 2199 γάρ
418 2114 542 2190 ἐξέσται
554 2123 620 2187 τοῖς
637 2111 853 2195 βουλομένοις
866 2105 932 2176 ἀπὸ
943 2115 1000 2194 τῆς
1015 2105 1095 2176 καθ’
1117 2101 1151 2155 ³5

100 2209 187 2278 αὑτα
201 2211 324 2290 τάξεως
336 2213 369 2288 ές
386 2207 562 2294 ἀλλοτρίαν
582 2208 756 2295 βιάζεσθαι
775 2208 832 2274 καὶ
850 2215 948 2273 τοῦτο
969 2210 1098 2291 ἐπιτρέ-

100 2325 180 2391 ψετε
195 2307 300 2395 ὑμεῖς,
317 2302 365 2377 οἷν
379 2314 477 2397 χωρὶς
491 2307 592 2377 οὐδὲν
615 2308 768 2374 καθόλου
787 2332 818 2373 τι
835 2309 1015 2392 γράφεται,
1037 2306 1097 2394 οὐχ

100 2407 171 2490 ὁρῶ
182 2414 258 2474 τίνα
271 2407 398 2492 τρόπον
413 2411 449 2474 ac
461 2407 631 2486 συντάξεις
647 2404 686 2472 τά
702 2405 837 2490 νόμιμα,
854 2401 902 2488 ἐφ’
916 2399 964 2482 οἷς
975 2404 1097 2488 ἐτάχθη

99 2503 140 2572 τά
165 2500 233 2570 κατ’
256 2501 374 2588 ἀρχάς,
395 2506 535 2584 ἕξουσιν.
560 2499 632 2569 ἀλλ’
656 2499 733 2568 οὔτε
755 2498 841 2587 ὑμᾶς
862 2498 955 2586 οἶμαί
970 2526 1050 2567 ποτε
1065 2503 1097 2577 ές

99 2608 264 2668 τοσοῦτον
280 2597 432 2685 ἀμελείας
447 2626 482 2667 τε
496 2603 550 2666 καὶ
564 2598 779 2685 παροράσεως
795 2595 904 2683 ἥξειν,
927 2595 1010 2665 ὥστε
1025 2600 1098 2665 ε’πι-

99 2700 219 2782 τρέψαι
234 2695 309 2764 τινά
324 2697 368 2784 μή
385 2701 504 2783 δίκαια,
529 2694 622 2782 οὔτε,
639 2702 669 2764 εί
681 2699 895 2782 καθυφήσετε
908 2692 969 2762 τόν
983 2693 1097 2781 ἀγῶνα

98 2794 205 2883 ὑμεῖς,
222 2797 294 2882 έμολ
309 2797 549 2880 παραλειπτέον
561 2797 649 2864 ἐστὶν
664 2792 881 2882 ἀδικουμένῳ.
917 2798 946 2861 4.
971 2791 1014 2871 ὡς
1025 2802 1097 2861 εῖθε

98 2898 155 2963 καὶ
170 2901 239 2962 ’των
253 2894 364 2963 ἄλλων
381 2893 593 2980 ἀνεκόπησαν
607 2894 682 2961 τότε
697 2898 733 2962 αι’
744 2893 860 2978 τόλμαι
878 2889 982 2969 εὐθὺς
996 2888 1098 2976 ἀρξα-

97 2995 213 3071 μένων
227 3006 450 3079 παρανομεῖν,
470 2995 526 3059 καὶ
546 2990 608 3059 οὐκ
631 2987 675 3057 άν
697 2993 847 3076 ἐπολέμει
866 2993 959 3075 μέχρι
979 2996 1045 3056 νῦν
1059 2986 1096 3056 τό

95 3091 233 3176 λάμβδα
244 3095 290 3178 τῷ
305 3091 353 3176 ῥῶ
369 3093 635 3177 διαμφισβητοῦν
646 3089 721 3175 περὶ
733 3095 791 3175 τῆς
801 3088 961 3174 κισήρεως
976 3089 1030 3154 καὶ
1042 3111 1098 3154 κε·
1118 3093 1153 3148 86

95 3192 298 3273 φαλαργίας,
314 3184 392 3254 οὕτε
405 3184 441 3254 τό
459 3187 572 3273 γάμμα
586 3193 632 3275 τῷ
644 3185 758 3253 κάππα
769 3189 977 3270 διηγωνίζετο
992 3185 1046 3251 καὶ
1064 3187 1097 3262 ἐς

95 3301 210 3374 χεῖρας
221 3295 344 3373 μικροῦ
359 3291 429 3356 δεῖν
445 3285 560 3374 ἤρχετο
575 3286 734 3364 πολλάκις
748 3289 839 3372 ἐντῷ
848 3291 996 3375 γναφείφ
1012 3281 1095 3366 ὑπὲρ

7 3395 9 3468 }
96 3385 318 3468 γναφάλλων,
335 3387 498 3453 ἐπέπαυτο
513 3382 545 3452 δ’
563 3379 608 3451 ἀν
626 3379 778 3469 καὶπρὸς
797 3378 834 3448 τό
850 3381 980 3466 λάμβδα
992 3380 1095 3465 μαχό-
