2550 3825
167 219 230 283 εοο
277 270 279 276 ,
515 200 825 282 ftomam

167 379 270 448 ἅπασι
281 388 380 468 βιοῦν
394 380 497 462 ἀξιῶν
510 409 565 450 ναι
554 382 825 470 συμπολιτεάση
838 395 905 460 τοῖς
920 389 1052 499 πολλοῖς
1066 377 1171 447 οὐδὲν

168 476 351 546 ἀλλόκοτον
370 480 425 545 καὶ
444 482 678 566 τετυφωμένον
692 481 846 563 ἐλπίζων,
871 480 927 546 καὶ
941 475 1003 545 οάκ
1017 483 1173 564 αἰσχυνῇ,

167 573 272 662 ήνπερ
286 569 325 643 εὖ
330 585 483 694 φρονής,
507 582 537 644 εί
557 579 666 663 χείρων
685 575 864 660 ἄνθρωπος
880 573 1097 662 μεταμαθήσῃ
1114 575 1175 641 καλ

168 674 406 792 μεταχωρήσεις
420 672 503 758 πρὸς
517 671 553 741 τό
571 677 709 761 βέλτιον
732 679 782 742 85.
799 681 900 741 ταῦτα
918 673 1048 757 πάντα,
1067 696 1094 738 ω
1110 697 1173 757 φο-

168 767 306 856 umes
291 769 399 838 οπόσα
411 769 572 854 εἷπον,’
526 798 571 858 μη
583 798 623 857 με
637 778 776 860 νομίσῃς
785 769 868 840 κατά
879 778 940 858 τής
946 777 1055 848 Στοᾶς
1064 794 1172 855 παρε-

169 863 440 953 σκευασμένον”
418 895 439 955 η
461 873 588 954 ἔχθραν
607 867 683 936 τινά
709 872 874 953 ἐξαίρετον
894 866 978 953 πρός
998 863 1172 956 Στωικοὺς

169 967 419 1084 ἐπανηρημέμον
434 972 615 1088 εἰρηκέναι,
639 965 723 1036 ἀλλά
737 965 850 1047 κοινὸς
864 970 917 1035 ἐπὶ
936 967 1063 1044 πάντας
1078 962 1095 1032 ὁ
1111 964 1171 1032 λό-

168 1089 243 1148 γος·
271 1061 310 1130 τά
325 1061 390 1150 χάρ
411 1062 495 1132 αὐτοὶ
512 1062 595 1147 πρὸς
610 1066 646 1133 σὲ
663 1062 795 1132 almost
773 1091 832 1151 αν,
857 1071 887 1134 εί
899 1092 938 1132 τα
927 1063 1136 1140 Πλατωνος
1150 1087 1170 1146 η

98 1172 151 1229 8³0
166 1159 445 1244 Ἀριστοτέλους
422 1184 528 1251 ηρησο
549 1190 616 1232 των
634 1162 784 1233 άλλων’
766 1171 910 1248 ἀκρίτων
923 1164 1050 1251 ἐρήμην
1069 1188 1171 1229 κοιτα-

168 1259 279 1344 χνοάς.
307 1266 373 1328 νῦν
393 1262 429 1328 δὲ
443 1259 563 1329 ἐπεὶ
527 1288 567 1330 τα
580 1269 742 1329 Στωικῶν
755 1269 989 1349 προετίμησας,
1010 1258 1094 1345 πρὸς
1108 1257 1170 1344 τήν

168 1354 283 1424 Σποάν
297 1354 520 1426 ἀποτετάσθαι
532 1355 549 1427 ὁ
562 1358 660 1443 λόγος
671 1363 783 1439 ἔδοξεν
797 1358 897 1429 οὐδὲν
910 1363 1075 1443 ἐξαίρετον
1086 1355 1170 1442 πρὸς

64 1493 66 1500 s
169 1451 274 1540 αὐτήν
292 1459 384 1540 ἔχων.

205 1609 207 1615 ,
252 1557 302 1620 86.
325 1559 428 1620 ΕΡΜ.
454 1545 503 1620 Εὖ
518 1553 639 1637 λέγεις·
661 1551 774 1638 ἀπειμι
790 1559 875 1638 γοῦν
891 1550 942 1620 ἐπ’
962 1548 1044 1618 αάτδ
1057 1557 1168 1636 τοῦτο,

168 1648 213 1728 ὥς
229 1659 472 1738 μεταβαλοίμην
494 1654 546 1719 καὶ
569 1649 650 1718 αάτὸ
665 1649 707 1737 δή
722 1647 759 1718 τό
775 1656 891 1736 σχῆμα.
914 1647 988 1731 ὄψει
1005 1657 1091 1737 γοῦν
1105 1646 1169 1718 οάιι

168 1755 214 1827 είς
230 1747 361 1833 μακράν
376 1747 453 1818 οὔτε
473 1751 618 1836 πώγωνα
635 1749 746 1833 ὥσπερ
764 1755 831 1816 νῦν
847 1748 965 1816 λάσιον
984 1751 1039 1817 καλ
1052 1746 1167 1836 βυθόν

132 1858 133 1862 ’
167 1844 245 1921 οὔτε
260 1850 388 1915 δίαιταν
403 1852 662 1934 κεκολασμένην,
679 1844 753 1916 ἀλλ’
770 1844 871 1912 ἀνετα
884 1846 993 1912 πάντα
1006 1848 1061 1912 καὶ
1073 1844 1161 1912 ἐλεό-

166 1955 270 2030 θερα·
297 1945 379 2030 τάχα
399 1946 435 2011 δὲ
455 1946 509 2011 καὶ
532 1949 725 2035 πορφυρίδα
744 1944 1029 2030 μεταμφιάσομαι,
1057 1940 1099 2022 ὡς
1121 1949 1163 2011 είι

168 2047 256 2109 δεῖεν
264 2040 407 2121 ἀπαντες
416 2039 466 2109 ὅτι
474 2046 587 2129 μηκέτι
597 2070 654 2131 μοι
663 2052 732 2117 τῶν
742 2043 854 2130 λήρων
863 2046 1001 2111 ἐκείνων
1009 2046 1164 2128 μέτεστιν.

168 2136 212 2219 ἀς
222 2149 295 2209 είθε
304 2166 342 2226 με
353 2142 409 2208 καὶ
419 2143 564 2228 ἐξεμέσαι
577 2138 723 2209 δυνατόν
734 2133 920 2227 ήνάπαντα
930 2143 1049 2225 ἐκεῖνα,
1060 2137 1167 2208 ὁπόσα

166 2237 294 2323 ήνονσα
314 2235 395 2321 παρ’
414 2237 539 2323 αὐτῶν,
565 2240 620 2307 καὶ
639 2231 680 2305 εὖ
699 2248 787 2324 ι’σδι,
813 2235 875 2305 οὖν
895 2234 939 2306 ἀν
960 2237 1093 2324 ὤκνησα
1111 2239 1167 2306 καὶ

166 2337 342 2423 ἐλλέβορον
356 2350 444 2403 πιεῖν
459 2333 514 2403 διά
528 2343 626 2403 τοῦτο
641 2338 676 2413 ἐς
687 2332 723 2402 τδ
740 2341 883 2421 ἔμπαλιν
896 2331 918 2421 ή
930 2332 948 2402 ὁ
959 2335 1168 2420 Χρύσιππος,

167 2430 257 2511 ὅπως
269 2435 373 2519 μηδὲν
389 2438 436 2501 ἔτι
449 2435 604 2521 νοήσαιμι
617 2460 666 2501 ων
679 2454 770 2520 φασι.
793 2435 844 2500 σολ
860 2429 891 2499 δ’
909 2426 973 2500 οάν
988 2430 1030 2500 οά
1038 2427 1169 2550 μωιράν

82 2550 84 2555 ·
166 2530 264 2616 χάριν
280 2524 407 2617 οἶδα,
380 2559 404 2629 ω
416 2530 589 2617 Λυκῖνε,“
568 2557 619 2599 οτι
634 2557 676 2617 με
689 2528 969 2616 παραφερόμενον
983 2526 1049 2597 ὑπο
1038 2526 1169 2597 θολε·

166 2653 230 2710 ρον
239 2652 328 2706 τινος
338 2626 518 2753 χειμάρρου
529 2631 583 2697 καὶ
592 2654 741 2715 τραχεος,
757 2626 949 2695 ἐπιδιδόντα
956 2624 1099 2712 ἐμαυτὸν
1110 2629 1168 2693 καὶ

96 2734 146 2789 8³1
168 2750 250 2791 κατα
238 2720 352 2813 ῥοῦν
365 2730 548 2812 συρρέοντα
564 2754 609 2817 τρο
596 2725 736 2810 υδαιι,
754 2723 942 2802 ἀνέσπασας
955 2722 1103 2808 ἐπιστάς,
1128 2721 1164 2789 τό

57 2900 58 2905 ¹
166 2828 233 2889 τῶν
247 2826 427 2911 τραχωδων
438 2849 535 2891 τουτο
542 2822 650 2911 ,θεὸς
664 2827 700 2891 ἐκ
713 2829 860 2911 μηχανῆς
874 2824 1053 2908 ἐπιφανείς.
1075 2824 1166 2889 δονω

166 2922 206 2988 δέ
216 2933 273 3005 μοι
289 2918 349 2987 οάκ
364 2918 529 3005 ἀλόγως
508 2948 551 2988 αν
567 2948 622 2989 παι
611 2922 843 3007 ξυρήσασθαι
861 2918 922 3007 τήν
936 2919 1086 3006 κεφαλήν
1097 2916 1168 2985 ωσ-

165 3021 275 3102 περοί
260 3018 581 3104 ίέκτῶνναυαχίων
593 3011 1065 3101 άποσωθέντεςέλεόδεροι,”
1042 3018 1170 3083 ατειιαδ

165 3114 311 3203 σωτήρια
322 3115 473 3201 τήμερον
492 3114 587 3196 άξων·
599 3115 765 3200 τοσαύτην
780 3111 885 3199 ἀχλάν
904 3111 1169 3199 ἀποσεισάμενος

163 3244 231 3284 των
246 3212 412 3302 ἀμμάτων.
435 3217 611 3305 φιλοσόφῳ
626 3214 663 3283 δὲ
677 3210 757 3291 ἐς
723 3240 760 3281 το
772 3210 891 3280 λοιπόν
904 3208 969 3279 κάν
983 3210 1075 3281 ἀκων
1085 3216 1168 3280 ποτε

163 3310 231 3401 ὁδῷ
243 3318 386 3400 βαδίζων
400 3314 540 3399 ἐντύχω,
557 3312 663 3390 οὕτως
679 3311 923 3396 ἐκτραπήσομαι
936 3312 991 3378 καὶ
1007 3310 1169 3399 περιστή·

163 3429 261 3492 σομαι
275 3408 385 3497 ὥσπερ
400 3408 478 3488 τοδς
491 3417 677 3487 λυττῶντας
690 3415 758 3475 τῶν
771 3414 895 3474 κυνῶν.
