2550 3825
161 195 224 256 264
512 199 817 257 ΛΟΤΚΙΑΝΟΤ

156 351 317 437 Ἡρακλέα
336 355 380 443 μή
397 356 470 425 κατ’
488 355 584 436 ἀξίαν
598 359 825 436 ἐπιδείξασθαι
840 371 909 436 τοῖς
928 367 1064 436 θεαταίς
1079 354 1166 424 ἀπο·

161 452 322 538 τρόπαιον
338 451 382 533 ῶς
395 459 450 522 κοιλ
465 454 610 541 αἰσχρόν.
643 459 695 522 34.
712 456 767 523 καλ
781 452 846 541 γάρ
860 449 905 522 αῦ
919 458 974 524 καλ
986 455 1063 523 τόδε
1076 455 1167 521 πάν-

161 575 229 618 των
244 549 456 620 ἀτοπώτατόν
474 557 580 640 ἐστιν,
597 551 649 620 ότι
662 552 742 632 τοῦς
755 555 817 639 μὲν
829 555 949 638 λόγους
959 551 1056 639 ὑμῶν
1071 554 1166 619 πάνυ
1268 546 1269 549 “

100 655 103 660 ’
162 648 360 738 ἀκριβοῦσιν
374 658 408 721 οί
420 653 675 739 πολλολαύτῶν,
690 656 845 740 καθάπερ
862 656 898 722 δὲ
913 657 964 722 ἐπὶ
977 654 1084 744 τούτφ
1099 653 1164 740 μό·
1269 640 1270 653 ¹

161 773 224 815 νον
239 746 523 836 ἀναγινώσκοντες
538 749 661 830 αὐτούς
674 754 728 819 καὶ
745 760 959 838 μελετῶντες,
980 749 1025 829 ῶς
1038 749 1165 818 τάναν-

161 853 214 914 τία
235 849 476 936 ἐπιτηδεύοιεν,
498 848 603 929 οὕτως
625 858 773 938 βιοῦσιν·
805 850 992 936 πάνταμὲν
1013 847 1078 936 γάρ
1100 848 1164 915 ὅσοι

93 960 144 1014 603
164 952 283 1030 φασίν,
299 943 372 1015 οἷον
383 949 560 1034 χρημάτων
574 964 799 1034 καταφρονεῖν
812 950 866 1016 καὶ
877 949 974 1033 δόξης
987 950 1042 1015 καλ
1055 947 1164 1032 μόνον

162 1042 199 1110 τό
222 1042 328 1112 καλόν
348 1055 480 1114 οίεσθαι
500 1043 633 1132 ἀγαθόν
653 1049 706 1113 καλ
726 1045 891 1132 ἀόργητον
914 1044 998 1114 εἶναι
1021 1046 1161 1111 καὶτῶν

163 1149 324 1228 λαμπρῶν
338 1145 468 1211 τούτων
481 1143 653 1232 ὑπερορᾶν
669 1147 724 1212 καὶ
740 1149 772 1224 ἐξ
787 1150 946 1230 ἰσοτιμίας
960 1141 1072 1220 αὐτοῖς
1089 1146 1161 1208 δια-

163 1242 336 1325 λέγεσθαι,
358 1243 460 1329 καλά,
486 1236 621 1329 ῶθεοί,
645 1245 700 1312 καλ
720 1243 809 1328 σοφά
824 1243 879 1310 καὶ
894 1242 1068 1327 θαυμάσια
1087 1245 1163 1307 λίαν

165 1335 209 1416 ῶς
223 1335 365 1424 ἀληθῶς.
390 1346 423 1409 οί
436 1344 472 1409 δὲ
489 1344 543 1410 καλ
557 1340 641 1409 αῦτά
656 1350 759 1409 ταῦτα
773 1341 825 1408 ἐπὶ
841 1347 953 1430 μισθῷ
968 1341 1162 1406 διδάσκουσι

163 1436 219 1503 καλ
232 1434 310 1514 τοῦς
325 1445 505 1518 πλουσίους
523 1441 688 1526 τεθήπασι
703 1441 757 1506 καλ
777 1437 861 1523 πρὸς
875 1435 912 1504 τό
929 1436 1090 1523 ἀργύρων
1105 1460 1162 1502 κω

162 1533 318 1619 χήνασιν,
334 1533 547 1622 ὀργιλώτεροι
564 1541 626 1624 μὲν
640 1546 708 1605 τῶν
718 1541 879 1604 κυνιδίων
894 1534 1002 1620 ὄντες,
1019 1533 1162 1601 δειλότε-

163 1658 217 1718 ροι
232 1631 267 1700 δὲ
281 1640 349 1699 τῶν
363 1642 519 1720 λαγωῶν,
535 1635 848 1719 κολακευτικότεροι
862 1633 898 1700 δὲ
909 1639 978 1700 τῶν
994 1631 1162 1716 πιθήκων,

163 1727 392 1816 ἀσελγέστεροι
406 1734 442 1798 δὲ
458 1739 527 1799 τῶν
542 1730 648 1818 όνων,
673 1731 954 1819 ἁρπακτικώτεροι
969 1732 1005 1797 δὲ
1018 1735 1086 1796 τῶν
1100 1754 1165 1813 γα-

163 1833 249 1911 λῶν,
274 1827 538 1915 φιλονεικότεροι
558 1830 594 1896 δὲ
618 1838 685 1896 τῶν
708 1828 950 1916 ἀλεκτρυόνων.
982 1830 1164 1911 τοιγαροῦν

162 1926 287 2007 γέλωτα
308 1921 573 2008 ὀφλισκάνουσιν
597 1924 794 2013 ὠθιζόμενοι
815 1929 867 1994 ε’πλ
888 1931 991 1992 ταῦτα
1011 1927 1066 1992 καὶ
1088 1924 1164 2006 περὶ

162 2017 221 2098 τάς
233 2027 302 2088 τῶν
315 2029 486 2090 πλουσίων
496 2025 606 2110 θύρας
620 2024 783 2113 ἀλλήλους
797 2022 1074 2110 παρωθούμενοι,
1094 2026 1164 2089 δεῖ·

163 2142 231 2185 πυα
255 2121 507 2208 πολυάνθρωπα
529 2127 742 2202 δειπνοῦντες
764 2127 818 2191 καὶ
841 2125 878 2190 ἐν
899 2120 1019 2199 αὐτοῖς’
1033 2118 1165 2195 τούτοις

164 2220 378 2299 ἐπαινοῦντες
393 2229 557 2308 φορτικῶς
568 2226 622 2292 κοιλ
634 2226 716 2306 πέρα
727 2229 788 2289 τοῦ
798 2227 905 2298 καλῶς
916 2226 1047 2306 ἔχοντος
1058 2220 1166 2303 ἐμφο-

164 2316 322 2405 ρούμενοι
342 2321 396 2387 καὶ
410 2330 624 2408 μεμψίμοιροι
642 2323 841 2407 φαινόμενοι
856 2322 910 2388 καὶ
925 2321 977 2387 ἐπλ
995 2324 1053 2402 τῆς
1067 2315 1167 2383 κύλι-

164 2441 222 2494 κος
237 2412 363 2502 ἀτερπῆ
379 2420 433 2485 καὶ
452 2416 569 2509 ἀπῳδά
585 2425 849 2505 φιλοσοφοῦντες
864 2418 918 2485 καὶ
938 2413 998 2483 τόν
1018 2412 1166 2500 ἀκράτου

95 2532 146 2585 604
165 2512 206 2581 ού
221 2516 395 2598 φέροντες·
423 2520 457 2583 οί
470 2520 597 2583 ἰδιῶται
614 2519 650 2584 δὲ
670 2515 787 2584 ὁπόσοι
803 2518 1016 2601 ξυμπίνουσι,
1042 2517 1165 2597 γελῶσι

164 2610 288 2697 δηλαδή
306 2612 361 2679 καλ
375 2614 599 2681 καταπτύουσι
610 2620 823 2699 φιλοσοφίας,
842 2619 872 2681 εί
882 2620 1018 2679 τοιαῦτα
1032 2608 1166 2692 καθάρ-

163 2736 248 2795 ματα
260 2711 418 2796 ἐιιτρόφει.
442 2716 492 2779 35.
509 2709 546 2779 τδ
558 2714 595 2781 δὲ
606 2715 742 2780 πάντων
754 2722 938 2796 αἴσχιστον,
955 2705 1006 2777 ότι
1021 2706 1166 2795 μηδενὸς

163 2813 295 2878 δεῖσθαι
309 2812 416 2895 λέγων
431 2812 566 2890 ἕκαστος
581 2811 707 2891 αὐτῶν,
723 2807 805 2879 ἀλλά
821 2810 927 2898 μόνον
939 2807 1103 2876 πλούσιον
1117 2802 1164 2872 ελ-

162 2933 219 2974 ναι
239 2904 298 2973 τόν
314 2905 423 2992 σοφόν
444 2908 612 2994 κεκραγῶς
632 2907 754 2996 μικρόν
765 2907 908 2990 ὕστερον
923 2912 1006 2974 αίτεῑ
1019 2911 1164 2990 προσελ-

161 3003 239 3073 θῶν
252 3006 306 3072 καλ
322 3002 503 3091 ἀγανακτεῖ
513 3007 557 3094 μὴ
568 3006 697 3094 λαβῶν,
716 3005 833 3092 ὅμοιον
848 3002 893 3083 ῶς
908 3015 1000 3081 εἴτις
1015 3005 1052 3070 ἐν
1065 3009 1166 3089 βασι-

162 3110 244 3181 λικῶ
264 3104 402 3190 σχήματι
427 3102 537 3192 ὀρθήν
558 3107 678 3192 τιάραν
698 3111 783 3191 ἔχων
803 3105 858 3172 καὶ
876 3104 1021 3188 διάδημα
1043 3103 1100 3169 καί
1122 3096 1163 3165 τοὶ

162 3200 245 3271 ἀλλα
267 3202 330 3271 ὅσοι
349 3209 517 3290 βασιλείας
536 3209 749 3290 γνωρίσματα
771 3207 965 3286 προσαιτοίη
987 3206 1055 3267 τῶν
1076 3194 1166 3263 ῦπο·

162 3302 342 3385 δεεστέρων
359 3301 524 3387 δεόμενος.
554 3299 635 3368 ὅταν
649 3301 712 3386 μὲν
730 3292 793 3368 οῦν
813 3297 937 3378 αύτούς
949 3325 981 3366 τι
1003 3300 1061 3384 δέη
1077 3303 1165 3379 λαμ-

161 3396 294 3485 βάνειν,
315 3398 419 3479 πολῦς
439 3397 456 3467 ὁ
478 3401 552 3485 περὶ
574 3406 634 3466 τοῦ
655 3394 856 3466 κοινωνικόν
872 3394 956 3463 εἶναι
979 3399 1050 3462 δεῖν
1064 3391 1163 3478 λόγος
