2550 3825
173 173 235 236 252
527 179 827 238 AOYKIANOY

172 338 209 402 ἐν
223 343 262 424 τῇ
279 338 362 421 χειρὶ
375 339 571 422 τιθεμένων.
592 339 779 424 παρέξομεν
790 333 855 406 οῦν
869 338 1023 426 ἀφορμὰς
1036 352 1104 416 τοῖς
1115 364 1177 404 κα·
1272 326 1273 369 ¹

171 449 327 520 κηγορείν
342 438 498 504 ἐθέλουσι
514 437 776 514 καταλεύσαντες
790 435 897 521 ἄνδρα
911 439 994 522 μηδὲ
1009 434 1177 519 ἀπολογη-

172 532 319 616 σάμενον
330 532 415 618 ὑπὲρ
428 539 566 620 ἑαυτοῦ,
581 538 636 602 καὶ
647 543 751 601 ταῦτα
761 535 959 623 δικαιοσύνῃ
973 541 1099 622 χαίρειν
1114 531 1177 600 αύ-
1272 562 1273 565 ’

170 631 219 696 τοί
230 632 392 714 λε’γοντες.
414 627 435 718 ή
447 640 481 700 τί
488 628 533 700 ἀν
545 642 695 717 εἴποιμεν
705 630 846 700 Ἀνύτον
857 637 931 718 πέρι
942 635 998 701 καί
1005 631 1176 717 Μελήτου,

170 732 238 792 τῶν
253 729 335 812 ἐμοῦ
346 729 662 815 κατηγορησάντων,
678 725 700 816 ἦ
713 737 782 796 τῶν
791 730 865 797 τότε
877 735 1059 814 δικαστῶν,
1075 735 1105 795 εί
1114 719 1177 794 ού-
1273 758 1274 763 “

102 839 153 896 579
171 848 227 901 τος
241 825 434 911 τεθνήξεται
450 827 532 913 μηδὲ
547 825 583 894 τό
602 828 762 913 παράπαν
778 825 900 906 ῦδατος
913 827 1125 913 μεταλαβών;

254 933 388 993 ΠΛΑΤ.
415 925 553 1011 ’Ἀριστα
579 940 774 1012 παραινεῖς,
805 919 833 993 ώ
859 927 1059 1011 Σώκρατες·
1094 923 1178 992 ῶστε

172 1019 321 1109 ἀπίωμεν
334 1025 386 1091 ἐπὶ
401 1022 464 1109 τήν
480 1033 697 1110 Φιλοσοφίαν.
727 1021 748 1110 ή
765 1023 802 1090 δέ
817 1024 999 1109 δικασάτω,
1014 1025 1069 1091 καί
1085 1021 1178 1109 ἡμεῖς

173 1117 388 1206 ἀγαπήσομεν
402 1116 451 1200 οἷς
467 1117 510 1189 ἀν
524 1126 634 1207 ἐκείνη
650 1127 785 1211 διαγνῷ.

257 1222 307 1284 ll.
325 1224 457 1286 ΛΟῬΚ.
477 1214 531 1288 Εῦ
540 1246 596 1306 γε,
614 1213 854 1304 ώσοφώτατοι,
871 1217 996 1304 ἀμείνω
1005 1225 1108 1286 ταῦτα
1122 1219 1179 1282 καί

173 1315 391 1402 νομιμώτερα.
420 1315 499 1396 τοῦς
521 1323 634 1404 μέντοι
655 1324 774 1395 λίθους
790 1318 988 1402 φυλάττετε,
1011 1313 1055 1395 ῶς
1074 1321 1177 1400 ἔφην·

172 1412 281 1498 δεήσει
292 1411 357 1499 γάρ
369 1413 481 1483 αὐτῶν
492 1413 613 1501 μικρόν
624 1414 767 1498 ῦστερον
782 1417 819 1482 ἐν
829 1421 875 1504 τῶ
886 1418 1094 1503 δικαστηρίω.
1110 1417 1178 1478 ποῦ

172 1511 208 1578 δὲ
225 1507 286 1596 τήν
300 1518 510 1600 Φιλοσοφίαν
528 1512 622 1597 εὕροι
641 1539 690 1590 τις
704 1510 765 1592 ἀν;
792 1508 833 1579 οῦ
853 1509 918 1596 γὰρ
933 1510 1007 1580 οῖδα
1021 1517 1106 1578 ἔνθα
1127 1514 1179 1576 οί-

173 1623 237 1676 κεί·
262 1615 368 1678 καίτοι
383 1609 493 1679 πολύν
508 1611 704 1696 ἐπλανήθην
723 1609 847 1693 χρόνον
862 1605 1033 1693 ἀναζητῶν
1046 1605 1109 1692 τήν
1127 1611 1177 1672 οί-

173 1714 265 1793 κίαν,
288 1706 332 1786 ώς
354 1714 575 1793 ξυγγενοίμην
596 1705 690 1795 αὐτή.
725 1705 793 1773 εἶτα
814 1706 1026 1792 ἐντυγχάνων
1047 1703 1091 1771 ἀν
1113 1722 1177 1770 τισι

172 1805 332 1892 τριβώνια
343 1810 636 1893 περιβεβλημένοις
649 1807 705 1872 καὶ
716 1803 879 1888 πώγωνας
889 1810 1006 1890 βαθεῖς
1019 1804 1177 1887 καθειμέ-

172 1928 244 1981 νοις
258 1900 337 1989 παρ’
352 1901 452 1990 αύτής
464 1907 591 1989 ἐκείνης
602 1901 698 1989 ήκειν
709 1902 915 1988 φάσκουσιν,
932 1900 1084 1986 οίόμενος
1093 1900 1179 1967 είδέ·

173 2027 229 2067 ναι
239 1996 364 2077 αύτούς
374 1998 574 2085 ἀνηρώτων·
590 2004 624 2068 οί
633 2000 670 2067 δέ
682 1998 769 2068 πολύ
780 2008 908 2085 μᾶλλον
917 2002 1000 2085 ἐμοῦ
1011 1996 1179 2084 ἀγνοοῦν-

173 2124 225 2176 τες
240 2093 262 2183 ἢ
277 2094 352 2164 οὐδ’
369 2095 454 2177 ὅλως
469 2096 689 2182 άπεκρίνοντό
704 2124 776 2184 μοι,
793 2095 837 2175 ὡς
852 2096 897 2183 μή
914 2098 1098 2181 ἐλέγχοιντο
1114 2089 1178 2160 οῦκ

174 2194 312 2281 είδότες,
326 2190 349 2280 ή
365 2193 470 2281 ἀλλην
486 2198 602 2281 θύραν
621 2193 694 2264 ἀντ’
711 2194 813 2279 ἀλλης
826 2194 1056 2261 ἀπεδείκνυον.
1080 2184 1179 2257 οῦδέ-

173 2320 225 2362 πω
244 2302 330 2379 γοῦν
354 2296 408 2361 καί
433 2296 577 2382 τήμερον
599 2298 746 2379 ἐξευρεῖν
766 2293 948 2378 δεδύνημαι
973 2289 1035 2377 τήν
1058 2296 1177 2358 οίκίαν.

174 2400 223 2463 12.
236 2394 394 2475 πολλάκις
406 2393 441 2460 δὲ
452 2391 552 2471 αὐτὸς
564 2389 728 2478 είκάσαςή
740 2392 982 2478 ξεναγήσαντός
993 2416 1084 2469 τινος
1092 2382 1178 2475 ήκον

174 2489 217 2560 ἀν
231 2494 287 2560 ἐπί
301 2517 394 2567 τινας
410 2491 520 2576 θύρας
533 2498 676 2579 βεβαίως
690 2491 825 2567 ἐλπίσας
844 2489 919 2555 τότε
938 2495 1024 2572 γοῦν
1039 2486 1178 2572 εὑρηκέ-

106 2607 157 2660 580
175 2616 248 2675 ναι,
270 2590 527 2675 τεκμαιρόμενος
540 2597 586 2679 τῷ
601 2591 724 2676 πλήθει
742 2596 810 2655 τῶν
822 2587 982 2655 ἐσιόντων
994 2586 1098 2652 τεκαὶ
1113 2587 1178 2663 ἐξι-

163 2690 301 2771 όντων,
316 2686 475 2754 ἀπάντων
490 2695 705 2774 σκυθρωπῶν
719 2689 775 2753 καί
789 2684 830 2752 τά
846 2685 994 2770 σχήματα
1009 2681 1178 2751 εύσταλῶν

174 2787 229 2854 καὶ
244 2793 488 2871 φροντιστικῶν
501 2783 563 2871 τήν
576 2787 759 2870 πρόσοψιν·
782 2780 863 2870 μετά
874 2783 1003 2850 τούτων
1018 2774 1081 2848 οῦν
1096 2784 1176 2865 ξυμ-

174 2884 403 2969 παραβνσθελς
416 2884 470 2950 καὶ
485 2882 584 2962 αὐτὸς
599 2887 753 2969 ἐσῆλθον.
775 2881 843 2950 εἶτα
859 2882 972 2962 ἑώρων
989 2878 1132 2965 γύναιόν
1146 2904 1178 2944 τι

175 2979 235 3066 ούχ
246 2977 417 3064 ἁπλοϊκόν,
434 2987 463 3049 εί
471 2985 524 3049 καὶ
535 2981 586 3050 ότι
596 2984 737 3068 μάλιστα
746 2986 778 3061 ἐς
788 2979 826 3050 τό
837 2979 958 3067 ἀφελές
966 2982 1020 3047 καί
1028 2977 1178 3062 ἀκόσμη·

174 3106 233 3147 τον
261 3077 384 3164 ἑαυτήν
412 3081 628 3166 ἐρρύθμιζεν,
666 3079 750 3149 ἀλλά
777 3080 948 3165 κατεφάνη
975 3103 1032 3164 μοι
1060 3073 1178 3143 αὐτίκα

175 3176 253 3246 οὐδὲ
271 3174 306 3243 τό
325 3175 444 3244 ἀνετον
467 3182 591 3245 δοκοῦν
611 3187 669 3264 τῆς
688 3180 794 3265 κόμης
819 3178 1070 3245 ἀκαλλώπιστον
1091 3178 1178 3243 ἐῶσα

175 3276 254 3344 οὐδὲ
267 3283 328 3343 τοῦ
339 3280 471 3361 ἱματίου
482 3273 544 3362 τήν
554 3275 725 3363 ἀναβολήν
734 3275 998 3362 ἀνεπιτηδεύτως
1008 3286 1176 3359 περιστέλ-

174 3382 296 3441 λουσα·
328 3371 494 3477 πρόδηλος
519 3374 554 3441 δὲ
579 3368 624 3458 ήν
649 3377 862 3461 κοσμουμένη
882 3370 995 3449 αὐτοῖς
1020 3368 1180 3454 καὶπρὸς
