2550 3825
157 167 219 231 246
531 176 830 236 ΛΟΤΚΙΑΝΟΤ

156 339 232 398 ἴσον
242 327 443 417 ἀπευθύνω,
459 335 514 401 καὶ
525 331 660 402 ἐπειδᾶν
671 330 815 421 ἀκριβώς
830 332 965 421 ὁμοίους
976 360 1011 402 τε
1022 336 1076 402 καὶ
1086 339 1159 402 λοο-

156 435 267 515 βαρεῖς
281 434 357 515 λδω,
372 433 446 500 τότε
460 429 500 518 δὴ
517 431 590 500 τότε
608 429 720 518 ἀγνοῶ
735 429 794 498 τόν
809 430 1044 518 ἀληθέστερον.

239 536 339 597 Am.
365 538 442 598 Των
456 529 567 598 ἀλλων
582 532 617 597 δὲ
631 536 666 597 τί
676 525 720 597 ἀν
735 530 891 613 πράττοις
906 534 1067 617 έμμελώς;

240 635 329 695 ΦΙΛ.
356 627 404 695 To}
419 629 527 696 πάντα
542 625 629 714 πλὴν
643 632 808 714 δραπέτην
823 629 1048 714 μεταδιώκειν.

242 730 341 792 ΑΙὉ.
368 731 409 793 Τί
419 728 472 794 δαὶ
489 724 588 793 τοῦτό
603 744 656 792 σοι
671 722 855 804 ἀδόνατον;

240 830 330 891 ΦΙΛ.
346 820 432 908 Ὅτι,
452 816 581 908 ώμαθέ,
600 821 642 890 οὐ
655 825 906 912 καταλαμβάνω.

176 949 179 953 ·
240 925 340 987 Am
362 920 524 999 Εἰκότως·
540 919 668 1008 βραδὺς
679 919 743 1007 γάρ
755 924 810 990 καὶ
819 923 933 1008 νωθής
944 949 993 1000 τις
1004 920 1088 989 εἶναι
1100 926 1154 988 00-

155 1029 231 1094 κελς.
257 1013 340 1084 ἀλλά
356 1024 390 1085 τί
400 1039 453 1085 σοι
469 1016 612 1097 τὸτέλος
628 1027 686 1105 της
701 1019 915 1100 έπιστάσεως;

239 1122 330 1183 ΦΙΛ.
348 1113 390 1182 ‘H
403 1115 531 1206 ἀμαθία
547 1119 601 1183 καὶ
617 1116 655 1184 τό
670 1119 750 1204 μήτε
765 1115 902 1186 ἀκούειν
916 1118 996 1206 μήτε
1012 1116 1105 1202 ὁρᾶν.

238 1221 338 1282 ΑΓΟ.
364 1213 500 1282 Οὐκοῦν
521 1217 577 1282 καὶ
591 1214 628 1282 τὸ
643 1214 767 1299 τυφλός
790 1214 857 1302 ἅμα
875 1220 930 1284 καὶ
944 1214 1059 1300 κωφὸς
1074 1214 1157 1283 εἶναι

156 1316 276 1398 λέμεις;

87 1421 138 1478 569
240 1421 329 1482 ΦΙΛ.
359 1417 424 1482 Καὶ
442 1412 575 1498 ἀκριτός
597 1440 631 1480 τε
652 1415 786 1496 προσέτι
810 1416 864 1480 καὶ
887 1411 1087 1500 ἀναίσθητος
1103 1415 1157 1480 καὶ

155 1534 241 1590 ολως
253 1522 315 1580 τοῦ
331 1513 501 1598 σκώληκος
517 1510 630 1580 οὐδενὶ
646 1515 825 1596 διαφέρων.

239 1617 338 1679 ΑΓΘ.
366 1609 517 1696 Ὠνητέος
537 1608 567 1676 εἶ
585 1610 640 1677 διὰ
660 1619 770 1678 ταῦτα.
804 1611 913 1678 πόσου
928 1617 1048 1677 τοῦτον
1063 1607 1154 1689 ἀξιον

155 1704 216 1792 ιώ
232 1709 355 1793 οάναιι

239 1812 342 1872 ΕΡΜ.
364 1812 465 1883 Μνιὲς
475 1803 627 1890 Ἀττικῆς.

239 1909 340 1973 ΑΓΟ.
362 1904 529 1991 Λάμβανε.
553 1904 682 1991 τίφης,
700 1897 726 1971 ώ
743 1898 857 1989 οὖτος;
878 1906 1042 1993 έπριόμην
1056 1927 1109 1987 σος

238 2008 328 2070 ΦΙΛ.
342 2001 495 2089 Ἄδηλον.

237 2107 338 2169 ΑΓΘ.
359 2107 548 2189 Μηδαμῶς·
568 2102 713 2189 ἐώνημαι
726 2101 791 2188 μάρ
802 2107 857 2171 καὶ
867 2101 1049 2188 τάργύριον
1059 2109 1153 2171 κατέ-

156 2206 267 2267 δαλον.
1085 2236 1092 2249 ·

239 2307 328 2367 ΦΙΛ.
346 2296 465 2384 Ἐπέχω
479 2301 554 2385 περὶ
567 2300 689 2367 τούτου
704 2304 758 2367 καὶ
773 2303 1018 2385 διασκέπτομαι.

241 2404 337 2465 ΑΓΟ.
367 2400 433 2465 Καὶ
446 2396 514 2483 μὴν
534 2395 715 2467 ἀκολούθει
731 2425 803 2485 μοι,
828 2398 981 2481 καθάπερ
995 2396 1057 2484 χρὴ
1074 2396 1156 2483 έμδν

156 2497 294 2582 οἰκέτην.

239 2602 327 2662 ΦΙΛ.
351 2599 407 2672 Τίς
421 2592 511 2661 οἶδεν
526 2601 556 2662 εἰ
568 2593 679 2681 ἀληθῆ
693 2602 797 2663 ταῦτα
811 2595 893 2681 φής;

238 2698 337 2759 ΑΓΘ.
355 2690 391 2759 ‘0
406 2698 509 2778 κῆρυξ
523 2697 578 2761 καὶ
594 2692 614 2780 ἡ
630 2701 697 2780 μνᾶ
712 2704 767 2785 καὶ
782 2697 816 2761 οἱ
828 2693 1000 2777 παρόντες.

239 2796 327 2855 ΦΙΛ.
350 2789 491 2873 Πάρεισι
504 2788 568 2874 γὰρ
583 2789 663 2877 ἡμῖν
677 2816 778 2868 τινες;

238 2890 336 2951 Am
358 2882 443 2953 Ἀλλ’
467 2890 574 2972 ἔγωγέ
591 2906 629 2955 σε
644 2887 708 2974 ἤδη
723 2884 875 2974 ἐμβαλών
891 2890 923 2966 ές
944 2885 1003 2955 τόν
1018 2894 1156 2973 μνλώνα

153 2991 256 3051 πείσω
271 2970 355 3051 εἶναι
371 2984 531 3070 δεσπότης
544 2983 626 3054 κατὰ
641 2986 701 3053 τόν
714 2993 813 3072 χείρω
826 2986 939 3070 λόγον.

237 3088 328 3150 ΦΙΛ.
344 3080 459 3168 Ἕπεχε
472 3084 547 3167 περὶ
561 3085 693 3152 τούτου.

237 3185 336 3247 ΑΓΘ.
361 3177 421 3246 Μὰ
436 3177 511 3266 Δί’,
526 3177 597 3249 ἀλλ’
614 3180 678 3266 ἤδη
692 3207 731 3267 με
748 3178 981 3269 ἀπεφηνάμην.

237 3284 340 3345 ΕΡΜ.
361 3275 416 3346 Σο)
432 3280 493 3363 μὲν
507 3285 632 3345 παῦσαι
644 3277 836 3347 ἀντιτείνων
846 3281 902 3347 καὶ
913 3278 1095 3347 ἀκολούθει
1108 3284 1155 3369 τῷ

152 3380 340 3463 πριαμένῳ,
364 3373 451 3461 ὑμᾶς
472 3376 508 3442 δὲ
531 3378 564 3453 ές
584 3372 705 3456 αὔριον
726 3382 998 3461 παρακαλοῦμεν·
1025 3373 1155 3459 ἀποκη-
