2550 3825
228 165 511 224 ΜΕΝΙΠΠΟΣ
528 171 554 221 Η
575 167 994 225 ΝΕΚΤΟΜΑΝΤΕΙΑ.
1049 163 1107 227 191

115 349 228 394 νιππε·
252 324 362 392 τόθεν
372 322 451 410 ἡμῖν
462 323 592 410 άφῐξαι;
610 323 719 392 πολὺν
732 322 796 410 γάρ
810 323 934 411 χρόνον
948 322 988 391 οὐ
1004 326 1111 409 πέφη-
1127 376 1129 381 -

115 452 174 504 νας
191 427 228 492 ἐν
241 431 281 511 τῇ
295 423 398 490 πόλει.

197 528 308 589 ΜΕΝ
323 519 414 589 Ἥκω
426 530 555 605 νεκρῶν
566 530 747 609 κευθμῶνα
759 526 812 591 καί
823 524 945 591 σκότου
957 522 1062 601 πύλας

333 620 456 706 λαιῶν,
470 618 516 687 ἵν’
526 618 639 706 ’Ἅιδης
654 623 752 705 χωρὶς
767 620 901 709 η’ίκισται
914 628 1015 689 θεῶν.

199 725 287 787 ΦΙΛ.
311 715 499 803 Ἡράκλεις,
520 718 671 804 ἐλελήθει
685 720 861 797 Μένιππος
875 716 960 804 ἡμᾶς
979 716 1112 787 άποθα-

115 815 193 883 νῶν.
215 809 298 904 κᾷτα
314 818 346 895 ἐξ
356 815 505 903 ’ὑπαρχῆς
519 813 763 902 ἀναβεβίωκενς

198 920 309 981 ΜΕΝ.
333 912 421 995 Οὔκ,
439 911 512 981 ἀλλ’
530 910 575 981 ἐτ’
593 918 742 999 ἔμπνουν
753 912 860 1000 Ἀίδης
874 912 910 1001 μ’
928 917 1068 995 ἐδέξατο.

200 1020 289 1082 ΦΙΛ.
319 1019 375 1090 Τίς
390 1010 421 1079 δ’
441 1010 462 1099 η
477 1018 562 1081 αἰτία
576 1032 629 1094 σοι
644 1020 701 1098 τῆς
722 1020 837 1099 καινῆς
857 1016 911 1081 καί
924 1010 1114 1099 παραδόξου

115 1111 236 1196 ταύτης
251 1108 451 1196 άποδημίας;

199 1216 312 1277 ΜΕΝ.
334 1208 464 1294 Νεότης
479 1206 515 1294 μ’
533 1210 633 1297 ἐπῆρε
645 1212 698 1277 καὶ
712 1209 840 1292 θράσος
853 1216 913 1276 τοῦ
925 1215 988 1276 νοῦ
1002 1210 1112 1277 πλέον.

111 1318 117 1327 ’
201 1315 289 1375 ΦΙΛ.
312 1315 462 1390 Παῦσαι,
479 1306 637 1391 μακάριε,
652 1312 831 1395 τραγῳδῶν
843 1309 896 1374 καὶ
908 1310 981 1391 λέγε
993 1302 1118 1373 οὑτωσί

116 1432 187 1487 πως
208 1405 319 1485 ἁπλῶς
334 1402 478 1494 καταβάς
492 1403 556 1473 άπό
570 1413 638 1473 τῶν
655 1413 827 1493 ἰαμβείων,
851 1412 898 1483 τίς
911 1402 932 1492 ἡ
947 1404 1046 1490 στολή
1052 1432 1061 1485 3
1084 1409 1117 1470 τί
1137 1431 1140 1435 ·

117 1526 169 1573 σοι
183 1513 241 1590 τῆς
257 1504 347 1573 κάτω
360 1510 494 1589 πορείας
509 1506 658 1589 ἐδίησεν;
680 1503 786 1583 άλλως
799 1502 863 1589 γάρ
884 1502 943 1590 οὐχ
957 1500 1051 1589 ἡδεῖά
1066 1528 1114 1579 τις

103 1601 196 1670 ὀὐδὲ
210 1600 370 1680 άσπάσιος
386 1600 406 1687 ἡ
423 1598 510 1680 ὁδός.
600 1599 603 1606 '

201 1707 313 1768 MEN.
331 1693 370 1766 Ὦ
386 1697 539 1785 φιλότης,
559 1700 658 1785 χρειῶ
675 1726 715 1786 με
736 1700 922 1785 κατήγαγεν
942 1705 987 1778 είς
1004 1697 1113 1768 Ἀίδαο
1131 1724 1179 1781 ςςχ

257 1826 259 1828 ’
341 1804 430 1885 ψυχῇ
443 1799 650 1885 χρησόμενον
664 1805 813 1886 Θηβαίου
832 1804 1009 1882 Τειρεσίαο.

203 1901 291 1965 ΦΙΛ.
316 1888 439 1980 Οὗτος,
455 1894 528 1966 ἀλλ’
545 1890 567 1984 ἦ
583 1904 795 1983 παραπαίεις;
815 1895 857 1966 οὐ
874 1896 938 1984 γάρ
952 1894 995 1966 άν
1009 1895 1115 1975 οὕτως

118 1996 285 2080 ἐμμέτρως
296 1994 499 2084 ἐρραψῴδεις
514 1993 598 2080 πρός
612 1995 736 2080 ἄνδρας
749 2003 876 2082 φίλους.

201 2097 312 2159 ΜΕΝ.
336 2090 396 2178 Μὴ
411 2094 604 2182 θαυμάσῃς,
620 2087 781 2180 ῶέταῐρε·
803 2097 920 2164 νεωστί
933 2093 997 2180 γάρ
1010 2091 1115 2180 Εὐρι-

119 2197 197 2280 πίδη
219 2194 273 2259 καὶ
288 2187 419 2282 Ὁμήρῳ
440 2192 684 2279 συγγενόμενος
704 2191 766 2261 οὐκ
782 2192 844 2260 οἷδ’
866 2190 956 2272 ὅπως
971 2190 1116 2276 άνεπλή-

119 2301 208 2375 σθην
222 2296 289 2357 τῶν
305 2292 394 2358 ἐπῶν
408 2293 462 2358 καὶ
476 2289 646 2378 αὐτόματά
661 2317 717 2376 μοι
730 2288 770 2358 τά
786 2293 886 2376 μέτρα
901 2291 952 2357 ἐπὶ
963 2286 999 2355 τό
1012 2287 1116 2373 στόμα

119 2393 253 2475 ἔρχεται.
281 2393 311 2455 2.
336 2385 418 2474 άτάρ
435 2391 508 2455 είπέ
523 2414 595 2474 μοι,
618 2397 687 2466 πῶς
701 2386 741 2455 τά
761 2386 844 2472 ὑπὲρ
862 2394 922 2474 γῆς
937 2391 1001 2471 ἔχει
1017 2387 1070 2453 καὶ
1086 2389 1119 2451 τί

119 2493 275 2554 ποιοῦσιν
290 2491 324 2554 οί
337 2490 374 2555 ἐν
390 2493 429 2576 τῇ
444 2485 555 2567 πόλεις

204 2591 293 2652 ΦΙΛ.
314 2583 444 2654 Καινὸν
455 2582 569 2670 οὐδέν,
585 2581 657 2653 ἀλλ’
672 2580 724 2652 οἷα
736 2584 790 2650 καί
801 2579 865 2667 πρὸ
878 2588 937 2648 τοῦ
949 2577 1117 2666 ἁρπάζου-

120 2702 193 2768 σιν,
208 2685 417 2768 ἐπιορκοῦσι,
433 2691 719 2769 τοκογλυφοῦσιν,
735 2680 1021 2769 ὀβολοστατοῦσιν.

203 2787 315 2849 ΜΕΝ.
328 2779 458 2849 ’Ἀθλιοι
475 2784 530 2849 καὶ
540 2784 793 2864 κακοδαίμονες·
816 2776 931 2864 οὐγὰρ
943 2787 1054 2847 ίσασιν
1065 2769 1118 2844 οία

119 2885 257 2966 ἐναγχος
271 2879 455 2965 κεκύρωται
468 2877 557 2964 παρά
571 2893 639 2956 τοῖς
655 2877 743 2946 κάτω
754 2879 808 2945 καὶ
822 2872 875 2944 οἷα
891 2873 1118 2962 κεχειροτόνη-

118 3004 172 3045 ται
188 2974 228 3045 τά
242 2984 436 3064 ψηφίσματα
448 2976 529 3046 κατά
544 2985 612 3044 τῶν
626 2982 812 3061 πλουσίων,
830 2972 906 3061 δμά
922 2971 981 3042 τόν
992 2975 1119 3061 Κέρβε·

118 3102 181 3163 ρον
195 3074 334 3163 οὐδεμία
348 3076 476 3164 μηχανὴ
494 3074 530 3143 τό
546 3081 723 3160 διαφυγεῖν
740 3072 872 3151 αὐτούς.

205 3180 294 3242 ΦΙΛ.
322 3180 363 3242 Τί
375 3173 459 3260 φήςς
481 3174 634 3240 δέδοκταί
643 3197 672 3236 τι
687 3169 851 3253 νεῶτερον
865 3181 932 3246 τοῖς
945 3166 1034 3234 κάτω
1045 3168 1118 3248 περὶ

119 3279 187 3341 τῶν
202 3271 342 3352 ἐνθάδες

205 3378 316 3440 ΜΕΝ.
338 3369 393 3455 Νὴ
409 3377 491 3455 Δία,
508 3371 560 3436 καὶ
572 3366 678 3437 πολλά
692 3393 747 3452 γε·
770 3361 842 3434 ἀλλ’
859 3359 900 3430 οὗ
913 3365 1009 3445 θέμις
1022 3363 1116 3441 ἐκφέ-
