2550 3825
465 189 721 248 ΝΙΓΡΙΝΟΣ.
1053 189 1094 253 15

174 353 203 413 6.
223 352 342 414 ETAI.
367 349 432 415 Καὶ
446 344 513 433 μὴν
527 349 628 415 τοῦτό
641 374 680 433 γε
699 347 741 416 ού
757 351 916 437 μεθύειν,
932 348 1016 421 άλλά
1030 351 1094 441 νή·

92 470 169 529 φειν
185 470 220 511 τε
240 447 295 512 καί
311 460 501 532 σωφρονεῖν
516 449 613 513 ἐστιν.
637 446 700 533 ἐγῶ
726 453 763 518 δὲ
783 457 968 536 βουλοίμην
983 448 1043 535 ἄν,
1063 456 1095 519 εἰ

91 540 165 611 οἷόν
180 568 225 627 τε,
243 540 355 610 αὐτῶν
370 541 511 611 άκοῦσαι
525 552 594 611 τῶν
608 547 734 631 λόγων·
757 545 836 614 οὐδὲ
855 546 921 633 γάρ
937 545 1016 617 ούδέ
1029 576 1092 617 κα-

90 656 272 728 ταφρονεῖν
287 638 398 708 αὐτῶν
413 640 503 727 οἶμαι
517 646 625 729 θέμις,
640 642 748 723 άλλως
761 671 797 713 τε
809 651 839 713 εί
853 649 907 713 καί
923 655 1019 733 φίλος
1035 652 1090 716 καὶ
1109 666 1144 720 44

89 741 166 825 περὶ
180 736 220 807 τά
236 736 335 824 ὅμοια
352 740 566 819 ἐσπουδακώς
581 739 599 808 ὁ
614 743 819 829 βουλόμενος
833 741 970 812 ἀκούειν
986 756 1045 832 εἴη.

175 844 306 906 AOYK.
329 838 464 924 Θάρρει,
476 832 604 923 ῶγαθέ·
619 848 718 907 τοῦτο
734 842 800 928 γάρ
811 841 907 910 τοιτδ
920 842 1092 931 τοῦὉμή-

89 964 164 1024 ρου,
172 938 360 1004 σπεύδοντα
371 938 427 1004 καὶ
437 934 758 1022 αύτδνπαρακαλείς,
766 941 821 1007 καὶ
832 949 866 1007 εί
872 966 910 1026 γε
917 938 962 1027 μὴ
973 947 1091 1027 ἔφθης,

14 1114 16 1137 ᾗ
90 1032 192 1112 αύτὸς
209 1030 253 1100 άν
267 1034 412 1121 ἐδεήθην
428 1033 572 1103 ἀκοῦσαί
590 1064 657 1121 μου
678 1039 917 1123 διηγουμένου·
938 1041 1092 1125 μάρτυροι

21 1134 29 1150 “
88 1136 156 1221 γάρ
172 1153 210 1200 σε
225 1134 502 1219 παραστήσασθαι
524 1132 608 1219 πρὸς
627 1134 707 1213 τούς
727 1134 872 1215 πολλούς
893 1139 1016 1221 ἐθέλω,
1039 1136 1091 1206 ὅτι

90 1232 154 1302 ούκ
172 1230 302 1318 άλόγως
318 1240 494 1318 μαίνομαι·
517 1232 624 1312 άλλως
638 1260 673 1301 τε
690 1237 745 1301 καί
762 1232 828 1321 ἡδύ
844 1263 901 1321 μοι
916 1234 953 1303 τδ
969 1246 1090 1323 μεμνῆ-

90 1343 173 1401 σθαι
188 1328 300 1398 αύτῶν
315 1332 484 1417 πολλάκις,
502 1334 556 1399 καὶ
570 1333 697 1419 ταύτην
710 1332 774 1421 ἤδη
784 1339 922 1421 μελέτην
934 1335 1092 1422 ἐποιησά-

89 1458 172 1519 μην·
195 1433 264 1499 ἐπεὶ
281 1428 345 1498 κάν
359 1458 408 1510 τις
422 1429 466 1518 μὴ
482 1432 709 1520 παρῶντύχη,
733 1435 787 1501 καὶ
804 1433 892 1501 οὕτω
914 1436 963 1512 δὶς
984 1432 1006 1520 ἢ
1022 1437 1091 1518 τρίς

90 1538 147 1617 τῆς
164 1528 289 1617 ἡμέρας
309 1527 486 1597 ἀνακυκλῶ
512 1528 595 1614 πρὸς
621 1530 766 1615 έμαυτδν
785 1530 826 1600 τά
847 1534 1011 1619 εἰρημένα.
1061 1538 1090 1602 7.

89 1632 145 1698 καὶ
163 1627 274 1714 ὥσπερ
298 1632 331 1695 οί
349 1630 480 1712 ἐρασταὶ
499 1634 567 1694 τῶν
586 1635 750 1697 παιδικῶν
768 1629 809 1699 οὐ
832 1633 1010 1718 παρόντων
1024 1629 1090 1718 ἔργ’
1112 1650 1146 1704 ⁴5

89 1728 172 1795 άττα
199 1728 254 1795 καὶ
278 1726 401 1812 λόγους
424 1730 618 1812 εἰρημένους
644 1726 756 1807 αύτοίς
786 1731 1090 1818 διαμνημονεύουσι

89 1829 147 1895 καὶ
169 1826 302 1905 τούτοις
329 1830 589 1912 ἐνδιατρίβοντες
611 1829 793 1906 ἐξαπατῶσι
816 1828 877 1917 τὴν
899 1830 1019 1916 νόσον,
1047 1827 1091 1909 ὡς

87 1924 270 2012 παρόντων
291 1931 385 2011 σφίσι
406 1933 475 1993 τῶν
494 1924 739 2013 άγαπωμένων·
771 1934 854 1996 ἔνιοι
874 1937 960 2016 γοῦν
980 1928 1092 2008 αὐτοῖς

86 2027 145 2094 καί
159 2031 361 2110 προσλαλεῖν
375 2033 501 2093 οίονται
516 2028 570 2093 καὶ
585 2023 629 2103 ὡς
643 2025 717 2109 άρτι
728 2031 916 2112 λεγομένων
930 2027 1013 2114 πρὸς
1028 2025 1092 2094 αύ-

14 2205 20 2226 ι
86 2122 169 2202 τούς
193 2115 243 2190 ῶν
264 2125 339 2191 τότε
360 2122 527 2210 ἤκουσαν,
548 2123 687 2210 ἥδονται
707 2129 761 2193 καί
781 2126 1012 2212 προσάψαντες
1030 2124 1091 2211 τὴν

87 2222 203 2310 ψυχὴν
216 2229 256 2311 τῇ
266 2223 379 2311 μνήμη
390 2231 457 2290 τῶν
468 2223 753 2310 παρεληλυθότων
766 2223 960 2310 σχοληνούκ
971 2225 1091 2311 άγουσι

87 2337 159 2401 τοῖς
172 2325 210 2390 ἐν
226 2325 326 2388 ποσίν
341 2319 520 2388 ἀνιᾶσθαι·
543 2320 633 2388 οὕτω
652 2322 692 2408 δὴ
710 2326 765 2390 καὶ
779 2322 879 2402 αύτδς
892 2331 1092 2410 φιλοσοφίας

87 2419 129 2488 ού
145 2419 319 2506 παρούσης
332 2418 411 2498 τούς
421 2421 553 2506 λόγους,
571 2418 630 2498 οὕς
641 2421 715 2487 τότε
729 2418 868 2507 ἥκουσα,
883 2427 1091 2507 συναγείρων

87 2525 143 2589 καὶ
160 2517 245 2606 πρός
260 2516 404 2606 έμαυτόν
422 2517 647 2587 ἀνατυλίττων
664 2517 705 2584 ού
720 2516 843 2604 μικράν
857 2525 918 2605 ἔχω
935 2544 1091 2604 παραμυ-

87 2627 181 2706 θίαν,
208 2619 263 2685 nal
284 2615 379 2704 ὅλως,
398 2618 550 2704 καθάπερ
574 2621 610 2685 ἐν
634 2618 769 2704 πελάγει
789 2620 845 2685 καὶ
865 2619 961 2685 νυκτὶ
983 2624 1089 2704 πολλῇ
1110 2628 1145 2684 46

88 2719 277 2805 φερόμενος
299 2720 332 2796 ἐς
346 2718 477 2802 πυρσόν
495 2744 569 2784 τινα
590 2723 712 2783 τοῦτον
729 2714 907 2802 ἀποβλέπω
929 2722 1010 2783 πᾶσι
1029 2719 1092 2801 μὲν

87 2831 246 2903 παρεῖναι
261 2831 328 2895 τοῖς
342 2814 398 2884 ὑπ’
417 2821 500 2903 ἐμοῦ
515 2817 751 2902 πραττομένοις
764 2813 825 2882 τδν
839 2815 947 2900 ἄνδρα
962 2817 1091 2882 ἐκείνου

88 2918 256 3004 οἰόμενος,
272 2913 323 2984 άελ
338 2917 374 2983 δὲ
391 2915 501 3001 ὥσπερ
519 2912 655 2983 άκούων
672 2912 778 2981 αὐτοῦ
792 2912 832 2981 τὰ
850 2912 933 2982 αὐτά
950 2915 1033 2999 πρός
1050 2921 1096 3000 με’

84 3018 261 3103 λέγοντος·
283 3017 388 3083 ἐνίοτε
402 3019 448 3101 δι’,
467 3018 522 3084 καὶ
533 3015 674 3102 μάλιστα
689 3011 771 3080 ὅταν
782 3016 936 3100 ἐνερείσω
947 3012 1009 3100 τὴν
1024 3027 1091 3093 φυ-

84 3115 161 3201 χήν,
179 3115 237 3181 καὶ
251 3111 287 3181 τδ
303 3112 486 3199 πρόσωπον
501 3112 605 3180 αὐτοῦ
619 3139 676 3199 μοι
691 3119 844 3198 φαίνεται
865 3115 920 3180 καί
941 3119 998 3198 τῆς
1017 3138 1091 3198 φω-

85 3221 147 3300 νῆς
162 3211 180 3281 ὁ
196 3206 277 3300 ἦχος
292 3214 329 3280 έν
349 3226 419 3291 ταῖς
439 3210 554 3291 άκοαίς
573 3217 769 3299 παραμένει·
792 3214 846 3280 καί
861 3211 925 3298 γάρ
940 3238 992 3278 τοι
1006 3237 1089 3278 κατα

83 3312 146 3380 τδν
163 3308 316 3397 κωμικόν
350 3308 393 3390 ὡς
426 3309 560 3398 άληθῶς
586 3312 781 3400 ἐγκατέλιπέ
799 3337 831 3378 τι
857 3311 998 3396 κέντρον
1023 3321 1091 3387 τοῖς

17 3466 27 3503 e
82 3411 260 3483 ἀκούουσι.
