2550 3825
187 183 248 248 116
536 188 845 248 ΛΟΤΚΙΑΝΟΤ

119 358 169 412 λὸε
189 345 271 414 ὥστε
288 345 446 425 πολλάκις
461 343 525 432 ἐμοὶ
544 344 604 413 τὸν
624 346 686 431 μὲν
707 362 889 431 προσεῖπον
904 349 1059 434 Κάστορα
1072 356 1186 416 Πολυ-

118 455 169 508 285
190 443 313 530 δεύκην
328 443 425 529 ὄντα,
439 441 500 511 τδν
510 446 546 510 δὲ
557 451 602 532 τῷ
615 450 675 510 τοῦ
685 445 922 524 Πολυδεύκους
933 443 1080 532 ὀνόματι.
1104 442 1187 526 ἀτὰρ

119 553 170 608 286
189 544 262 609 είπέ
277 566 334 627 μοι
354 543 409 608 καὶ
428 541 518 626 τόδε,
543 547 577 608 τί
594 541 717 627 δήποτε
733 539 795 608 οὐκ
815 541 916 630 ἄμφω
931 544 1078 624 ξύνεισιν
1096 542 1188 630 ἡμῖν,

186 637 260 708 ἀλλ’
279 641 311 718 ἐξ
333 636 481 724 ἡμισείας
507 637 582 722 ἅρτι
602 639 664 724 μὲν
683 639 818 724 νεκρός,
845 639 919 727 ἄρτι
942 643 979 710 δὲ
998 641 1079 720 θεός
1099 644 1188 709 ἐστιν

187 761 303 820 ατερος
319 763 446 816 αυτωυ;

270 841 298 901 2.
312 840 415 902 EPM.
431 831 509 900 Ὑπὸ
522 837 740 920 φιλαδελφίας
748 842 847 903 τοῦτο
860 841 1030 905 ποιοῦσιν·
1042 839 1112 904 ἐπεὶ
1121 834 1186 922 γὰρ

186 936 252 1000 ἔδει
267 934 326 999 ἕνα
340 934 402 1017 μὲν
416 931 577 999 τεθνάναι
594 939 662 998 τῶν
673 933 784 1019 Λήδας
799 936 914 1022 νίέων,
930 936 989 1002 ἕνα
1004 936 1041 1002 δὲ
1054 933 1187 1002 ἀθάνα-

186 1055 245 1096 τον
260 1028 360 1114 εἶναι,
377 1031 547 1113 ἐνείμαντο
562 1027 668 1107 οὕτως
685 1028 779 1097 αὐτοὶ
795 1027 856 1117 τήν
872 1029 1072 1101 ἀθανασίαν.

273 1133 344 1193 ΑΠ.
369 1123 421 1193 Ού
439 1125 596 1211 ξυνετήν,
614 1119 640 1192 ιδ
656 1123 773 1213 Ἑρμῆ,
793 1126 854 1214 τήν
868 1129 993 1216 νόμην,
1011 1133 1044 1196 οἳ
1055 1154 1094 1214 με
1107 1123 1186 1196 οὐδὲ

186 1222 325 1305 ὄψονται
339 1221 445 1302 οὕτως
455 1221 629 1310 ἀλλήλους,
646 1221 727 1308 ὅπερ
739 1225 900 1310 ἐπόθουν,
916 1225 1016 1311 οἶμαι,
1028 1225 1186 1310 μάλιστα·

186 1328 255 1400 πῶς
267 1321 349 1407 γάρ,
365 1320 382 1388 ὁ
397 1323 458 1406 μὲν
472 1319 562 1406 παρὰ
579 1331 688 1409 θεοῖς,
703 1319 721 1389 ὁ
737 1323 774 1389 δὲ
790 1320 879 1407 παρὰ
891 1337 958 1400 τοῖς
973 1332 1105 1408 φθιτοῖς
1121 1319 1186 1398 ύνς

185 1416 273 1504 πλὴν
292 1416 365 1486 ἀλλ’
385 1417 495 1503 οἵσπερ
513 1417 576 1505 ἐμοὶ
592 1420 812 1506 μαντεύομαι,
835 1417 907 1487 ὅδὲ
926 1417 1117 1506 Ἀσκληπιὸς
1132 1426 1186 1488 ίᾶ-

118 1529 168 1584 287
184 1545 253 1604 ται,
277 1515 320 1584 σύ
338 1519 374 1586 δὲ
395 1525 548 1587 παλαίειν
563 1518 730 1597 διδάσκεις
743 1522 957 1604 παιδοτρίβης
973 1515 1104 1602 ἄριστος
1125 1515 1185 1613 ὤν,

184 1617 204 1705 ἡ
221 1617 412 1703 δὲ”Αρτεμις
426 1619 594 1705 μαιεύεται
609 1621 664 1686 καὶ
678 1626 745 1685 τῶν
756 1617 867 1686 ἄλλων
881 1619 1017 1694 ἕκαστος
1032 1622 1095 1702 ἔχει
1109 1615 1184 1684 τινα

185 1720 302 1802 τέχνην
316 1712 441 1802 ήθεοῑς
454 1712 475 1801 ή
489 1713 683 1801 ἀνθρώποις
692 1723 870 1802 χρησίμην,
888 1707 982 1781 οὗτοι
994 1714 1030 1780 δὲ
1045 1719 1079 1780 τί
1086 1714 1185 1799 ποιή-
1235 1749 1239 1756 ·

186 1833 306 1881 σουσιν
321 1811 418 1899 ήμίν;
440 1809 461 1899 ή
477 1811 573 1899 ἀργοὶ
589 1812 812 1903 εὐωχήσονται
823 1820 1012 1900 τηλικοῦτοι
1023 1810 1130 1890 ὅντες;

268 1918 371 1980 ΕΡΜ.
396 1909 576 1999 Οὐδαμῶς,
590 1910 674 1981 ἀλλὰ
685 1915 921 1999 προστέτακται
932 1907 1184 1996 αύτοῐνὺιιηρε-

185 2024 253 2076 τείν
267 2015 311 2098 τῷ
329 2013 515 2076 Ποσειδῶνι
535 2012 589 2077 καί
609 2011 833 2078 καθιππεύειν
848 2014 900 2078 δεῖ
916 2006 953 2076 τό
971 2013 1111 2094 πέλανος
1131 2011 1183 2075 ua‘

185 2107 245 2175 ἐύν
266 2131 333 2174 που
355 2107 480 2187 ναύτας
500 2111 753 2195 χειμαζομένους
773 2112 905 2189 ίδοισιν,
930 2110 1185 2175 ἐπικαθίσαντας

185 2207 237 2273 ἐπὶ
250 2203 287 2273 τὰ
302 2214 420 2274 πλοῖον
435 2205 552 2287 σύζειν
564 2204 644 2285 τούς
658 2209 864 2293 ἐμπλέοντας.

269 2312 342 2371 ΛΠ.
371 2301 534 2390 Ἀγαθήν,
562 2296 589 2372 ύ
607 2301 725 2390 Ἑρμῆ,
754 2306 808 2371 καὶ
824 2302 988 2389 σωτήριον
1005 2303 1110 2385 λέγεις
1124 2304 1184 2385 τήν

184 2427 310 2487 τεχνην.

578 2551 789 2561 —-—-—---

116 2693 168 2747 ⁶388
324 2675 1041 2747 ΕΝΑΛΙΟΙΛΙΑΛΟΓΟΙ

674 2884 702 2946 1.

395 2998 597 3051 mmm:
615 3000 689 3052 ακι
710 2998 970 3049 mmmm.

270 3102 297 3163 l.
320 3103 420 3165 ΛΩΡ.
444 3096 559 3164 Καλὸν
570 3098 728 3185 ἐραστήν,
741 3089 768 3163 ὦ
778 3096 957 3181 Γαλάτεια,
973 3094 1032 3163 τδν
1041 3092 1187 3165 Σικελὸν

184 3202 304 3262 τοῦτον
318 3195 459 3280 ποιμένα
476 3198 579 3281 φασὶν
592 3198 826 3282 ἐπιμεμηνέναι
840 3202 902 3263 σοί.

267 3298 366 3362 ΓΑΑ.
400 3290 459 3379 Μή
480 3302 625 3369 σκῶπτε,
653 3300 751 3380 Δωρί
756 3319 764 3333 ·
797 3296 1006 3373 Ποσειδῶνος
1027 3317 1093 3379 γαρ
1112 3292 1187 3371 υίός

185 3396 288 3473 ἐστιν,
304 3387 416 3471 ὁποῖος
429 3386 473 3459 ἄν
486 3387 518 3479 ᾖ
