2550 3825
175 185 237 248 292
535 185 832 245 ΛΟΤΚΙΛΝΟΥ

174 372 251 414 των.
274 363 395 435 παπαί,
418 346 495 425 όλος
505 339 602 422 οὗτος
612 342 764 420 πελιδνὸς
776 347 830 412 καὶ
844 345 1071 430 κατάγραφος,
1094 350 1180 429 μᾶλ-

175 451 236 511 λον
252 447 287 511 δὲ
308 445 433 524 κυανός
448 448 537 512 ἐστιν
556 440 620 510 άπὸ
643 449 711 508 τῶν
731 443 927 528 στιγμάτων.
961 449 1034 509 τίνα
1055 435 1099 507 ἂν
1115 435 1180 509 οὖν

107 555 159 611 ⁶50
177 549 357 628 κολασθείη
369 541 510 624 τρόπους
527 534 582 626 ἆρ’
596 543 628 616 ἐς
639 536 699 607 τόν
708 536 1008 625 Πυριφλεγέθοντά
1020 542 1110 606 ἐστιν
1120 541 1179 623 έμ-

176 635 345 726 βλητέοςῆ
362 641 562 722 παραδοτέος
579 645 625 726 τῷ
639 640 812 727 Κεοβέρως

259 742 363 803 KYN.
385 740 573 822 Μηδαμῶς·
603 731 676 802 ἀλλ’
696 741 726 802 εί
742 737 870 816 θέλεις,
897 734 961 819 ε’γά
982 753 1035 800 σοι
1056 734 1179 818 καινήν

175 859 250 898 τινα
265 835 319 899 καί
333 835 527 918 πρέπουσαν
541 829 631 920 αὐτῷ
645 838 806 918 τιμωρίαν
819 830 1044 918 ὑποθήσομαι.

259 936 361 996 ΡΑΔ.
383 932 483 1016 Λέγε,
506 927 550 1008 ὡς
570 929 634 1014 ἐγό
649 950 702 996 σοι
716 937 872 1015 μεγίστην
886 930 938 997 ἐπὶ
959 929 1065 996 τοάτω
1079 927 1180 1014 χάριν

178 1038 315 1112 είσομαι.

260 1133 363 1194 KYN.
375 1127 478 1204 Ἕθος
496 1130 600 1211 ἐστίν,
618 1124 723 1211 οἶμαι,
746 1139 812 1203 τοῖς
827 1123 1080 1210 ἀποθνήσκουσι
1097 1128 1178 1188 πᾶσι

177 1231 287 1291 πίνειν
302 1222 338 1290 τὸ
355 1225 472 1310 Λήθης
490 1223 592 1309 ὕδωρ.

259 1328 359 1388 ΡΑΔ.
380 1321 480 1388 Πάνυ
495 1322 556 1407 μὲν
571 1313 642 1388 οὖν.

260 1426 363 1510 KDN.
378 1418 515 1489 Οὐκοῦν
525 1421 627 1506 μόνος
636 1413 734 1498 οὗτος
743 1422 775 1501 ἐξ
785 1417 942 1487 ἁπάντων
952 1415 1074 1495 άποτος
1083 1421 1176 1499 ἔστω,

260 1523 311 1584 νο.
332 1523 431 1586 PAA.
454 1530 522 1588 Δια
536 1520 636 1604 ιιιη,

260 1620 363 1680 ΚΤΝ.
385 1612 540 1700 Χαλεπὴν
551 1613 656 1693 οὕτως
666 1612 780 1699 ὑφέξει
791 1611 852 1700 τὴν
863 1617 960 1698 δίκην
970 1615 1176 1698 μεμνημένος

178 1707 246 1789 οἷος
258 1705 301 1796 ἦν
316 1714 372 1779 καὶ
385 1711 467 1780 ὅσον
481 1711 626 1799 ηδόνατο
639 1717 675 1782 ἐν
691 1728 758 1792 τοῖς
773 1711 860 1799 άνω,
876 1714 932 1779 καὶ
945 1708 1159 1797 άναπεμπαζ’

178 1833 278 1892 μενος
292 1805 353 1894 την
366 1811 508 1895 τρυφήν.

260 1912 359 1974 ΡΑΔ.
382 1899 434 1973 Εὖ
449 1909 566 1992 λέγεις’
589 1910 644 1977 καὶ
658 1907 931 1977 καταδεδικάσθω
945 1909 1000 1974 καί
1016 1903 1106 1993 παρά
1117 1903 1174 1974 τόν

180 2002 352 2070 Τάνταλον
376 2001 534 2089 ἀπαχθεὶς
559 2002 671 2074 οὑτοσὶ
697 2008 864 2090 δεδέσθω,
895 2007 1101 2092 μεμνημένος
1128 1995 1174 2071 ὦν

179 2102 298 2181 έποαξε
312 2097 401 2184 παρά
416 2098 476 2167 τόν
490 2108 574 2189 βίον.

108 2456 158 2511 6⁵1
180 2436 320 2503 ΠΕΡΙ
355 2436 471 2503 ΤΩΝ
497 2436 600 2503 ΕΠΙ
630 2438 812 2505 ΜΙΣΘΩ
846 2440 1176 2507 ΣΥΝΟΝΤΩΝ.

260 2600 288 2662 l.
309 2599 374 2663 Kal
384 2602 418 2662 τί
426 2614 478 2662 σοι
489 2602 631 2680 πρῶτον,
645 2589 673 2663 ὦ
683 2598 830 2683 φιλότης,
842 2593 864 2683 ἦ
874 2606 909 2667 τί
916 2597 1069 2684 ὕστατον,
1081 2606 1175 2685 φασί,

175 2694 339 2770 καταλέξω
356 2692 501 2777 τούτων,
524 2690 734 2780 δπάσχεινῆ
753 2710 862 2763 ποιεῖν
881 2695 1009 2785 ἀνάγκη
1025 2695 1103 2775 τοὺς
1123 2698 1176 2764 ἐπὶ

175 2795 286 2875 μισθῷ
307 2788 470 2867 συνόντας
489 2786 553 2856 κάν
572 2805 643 2869 ταῖς
662 2799 729 2858 τῶν
748 2790 958 2879 εὐδαιμόνων
973 2796 1103 2864 τούτων
1116 2821 1175 2880 φι-

175 2891 260 2962 λίαις
274 2887 535 2973 ἐξεταζομένους,
556 2894 587 2955 εί
602 2886 663 2973 χρὴ
680 2897 794 2973 φιλίαν
810 2889 872 2976 τὴν
891 2892 1049 2979 τοιαύτην
1063 2890 1175 2960 αὐτῶν

176 2984 330 3049 δουλείαν
351 2984 580 3069 ἐπονομάζειν;
602 2984 677 3053 olea
695 2986 759 3073 γάρ
784 2988 890 3057 πολλά
910 2992 965 3058 καὶ
994 2987 1114 3076 σχεδόν
1134 2987 1174 3057 τά

174 3087 308 3147 πλείστα
328 3088 396 3148 τῶν
417 3084 672 3171 συμβαινόντων
691 3084 818 3172 αὐτοῖς,
845 3084 907 3154 οὐκ
927 3085 1027 3166 αὐτός
1047 3086 1092 3175 μά
1107 3096 1176 3156 Δία

174 3184 234 3246 τοῦ
244 3178 399 3247 τοιοάτον
410 3188 597 3267 πειραθείς,
611 3222 649 3233 -
663 3180 705 3250 οὐ
716 3181 779 3270 γάρ
790 3189 826 3251 έν
838 3183 968 3272 ἀνάγκη
979 3210 1035 3270 μοι
1045 3182 1067 3273 ἡ
1078 3199 1174 3267 πεῖρα

175 3278 363 3365 ἐγεγένητο,
379 3280 477 3365 μηδέ,
495 3272 522 3347 ὦ
536 3287 627 3366 θεοί,
645 3284 826 3367 γένοιτο-
837 3277 920 3351 α’λλά
933 3283 1048 3351 πολλοὶ
1063 3289 1130 3349 τῶν
1141 3286 1175 3362 ές

175 3372 233 3442 τόν
247 3382 323 3462 βίον
335 3386 455 3445 τοῦτον
472 3380 735 3465 ἐμπεπτωκότων
750 3380 952 3466 ἐξηγόρευον
964 3380 1047 3465 πρός
1063 3406 1119 3466 με,
1143 3382 1175 3449 ολ
