2550 3825
461 175 769 233 ΕΡΜΟΤΙΜΟΣ.
1053 171 1113 234 361

113 331 241 420 ἀνάγκη
257 333 396 419 ἀπορεῖν
410 331 525 401 ὅντινα
543 332 720 416 ἱερόσυλον
732 341 840 423 εἴπης,
860 330 948 401 ὅπου
964 359 1003 419 γε
1018 334 1073 400 καὶ
1088 337 1117 400 εί

113 431 234 508 πάντες
250 429 289 497 τά
306 430 403 517 ὅμοια
419 429 522 516 εἶχον,
543 429 671 515 ἀδηλον
686 423 730 515 ἦν
745 433 800 497 καὶ
816 427 922 508 οὕτως
938 428 1028 507 ὅστις
1042 427 1060 497 ὁ
1074 426 1115 496 τά

112 535 173 595 τοῦ
189 536 275 596 θεοῦ
293 527 522 616 ὑφῃρημένος·
551 533 619 594 έοτι
635 525 700 612 γὰρ
723 530 777 595 καί
792 525 941 594 ἰδιωτικὰ
958 532 1053 611 ἔχειν.
1076 524 1113 594 τό
1132 544 1183 599 282

114 623 144 691 δ’
162 635 270 694 αίτιου
283 633 340 712 τῆς
358 623 494 710 ἀγνοίας
514 625 551 691 έν
569 627 674 708 ἐστιν,
697 622 803 710 οἶμαι,
826 621 863 692 τό
886 622 1115 710 ἀνεπίγραφον

113 723 197 792 εἶναι
208 722 270 808 τὴν
281 721 492 809 ἀπολομένην
504 723 630 809 φιάλην
643 765 678 774 -
690 731 807 809 θῶμεν
817 721 882 809 γάρ
893 725 1019 810 φιάλην
1030 722 1115 791 ἀπο-

112 824 253 890 λωλέναι
270 861 308 872 -
325 818 368 900 ὡς
385 831 418 888 εί
433 847 470 905 γε
491 824 712 906 ἐπεγέγραπτο
730 829 791 888 τοῦ
807 829 894 890 θεοῦ
910 819 946 888 τό
967 819 1073 907 ὄνομα
1093 817 1115 906 ἢ

113 928 173 988 τοῦ
194 917 393 1004 ἀναθέντος,
414 911 513 1004 ἧττον
533 915 577 985 ἀν
597 920 783 1006 ἐκάμνομεν
803 922 858 988 καὶ
880 918 1035 1004 εὑρόντες
1054 919 1115 1006 τὴν

113 1019 400 1104 ἐπιγεγραμμένην
426 1017 632 1104 ἐπεπαύμεθ
657 1014 701 1085 ἀν
720 1016 923 1098 ἀποδύοντες
943 1023 999 1088 καὶ
1021 1023 1115 1106 ἐνοχ-

114 1123 247 1195 λοῦντες
258 1114 336 1194 τοῦς
344 1115 476 1194 ἀλλους.
500 1115 590 1202 οἶμαι
601 1117 641 1184 δέ
649 1137 702 1202 σε,
716 1110 747 1205 Ιὦ
758 1115 941 1203 Ἑρμότιμε,
957 1119 1011 1185 καὶ
1025 1114 1114 1203 ἀγῶ-

114 1242 172 1292 νας
187 1213 250 1305 ἤδη
264 1212 450 1301 γυμνικοὺς
465 1216 645 1299 ἑωρακέναι
661 1216 828 1293 πολλάκις.

197 1321 300 1382 ΕΡΜ.
317 1315 382 1380 Καὶ
393 1309 506 1398 ὀρθῶς
517 1321 592 1380 οίει·
610 1312 769 1390 πολλάκις
779 1310 844 1398 γάρ
856 1316 909 1380 καὶ
920 1311 1113 1398 πολλαχόθι.

197 1417 296 1478 AYK.
313 1403 358 1478 Ἦ
367 1403 431 1478 οῦν
442 1435 521 1476 ποτε
532 1411 586 1476 καὶ
600 1405 691 1494 παρά
701 1407 780 1487 τοῦς
794 1407 981 1488 ἀθλοθέτας
992 1407 1114 1489 αὐτοῦς

113 1503 288 1588 ἐκαθέζου;

197 1614 300 1674 ἙΡΜ.
330 1604 383 1690 Νὴ
401 1611 485 1690 Δία,
510 1611 646 1690 ἔναγχος
665 1601 881 1688 Ὀλυμπίασιν
902 1606 953 1673 ἐπὶ
975 1602 1015 1672 τά
1037 1603 1113 1674 λαιά
1175 1670 1177 1673 .

115 1711 181 1771 τῶν
201 1701 461 1789 Ἑλλανοδικῶν,
491 1701 705 1784 Εὐανδρίδου
724 1708 785 1769 τοῦ
805 1699 935 1771 Ἠλείου
954 1706 1041 1772 θέαν
1058 1729 1115 1790 μοι

43 1866 47 1871 .
114 1801 422 1889 προκαταλαβόντος
445 1805 482 1869 έν
501 1816 569 1880 τοῖς
589 1801 710 1869 ἑαυτοῦ
726 1808 888 1880 πολίταις·
919 1802 1114 1888 ἐπεθύμουν

113 1899 176 1987 γάρ
199 1901 344 1988 ἐγγύθεν
364 1899 494 1968 ἅπαντα
514 1898 598 1983 ὁράυ
617 1897 658 1966 τά
679 1897 768 1985 παρά
785 1915 853 1980 τοῖς
872 1897 1114 1977 Ἑλλανοδίκαις

11 2060 14 2067 ,
89 2073 95 2087 ¹
114 2000 305 2083 γιγνόμενα.

149 2096 155 2103 ’
197 2100 296 2161 AYK.
322 2092 432 2161 Οἶσθα
448 2087 511 2160 οὖν
527 2096 708 2175 καὶτοῦτο,
724 2102 793 2172 πῶς
804 2102 985 2180 κληροῦσιν
998 2093 1114 2161 ὅντινα

67 2201 72 2211 ’
114 2183 210 2281 ᾧτινι
223 2188 284 2276 χρὴ
301 2200 453 2259 παλαίειν
467 2188 488 2277 ἢ
503 2189 771 2276 παγκρατιάζειν;

106 2290 110 2300 ’
196 2297 299 2356 EPM.
325 2287 407 2357 Οἶδα
421 2290 495 2374 γάρ.
774 2351 776 2354 .

194 2394 291 2456 AYK.
304 2386 440 2455 Οὐκοῦν
449 2384 639 2471 ἀνάμεινον
648 2384 804 2466 δῦείποις
813 2384 857 2464 ὡς
867 2386 1012 2472 ἐγγύθεν
1021 2387 1114 2454 ίδιόν.

199 2491 248 2553 40.
270 2493 374 2553 ἙΡΜ.
401 2485 445 2553 Τό
460 2488 522 2573 μὲν
538 2484 682 2553 παλαιὸν
701 2488 753 2554 ἐπι
768 2483 968 2570 Ἡρακλέους
985 2483 1115 2573 ἀγωνο-

114 2590 295 2661 θετοῦντος
311 2584 422 2669 φόλλα
438 2584 568 2670 δάφνης
582 2624 624 2635 —-

198 2690 297 2750 AYK.
321 2684 381 2768 Μη
397 2708 454 2768 μοι
469 2680 508 2749 τά
531 2683 650 2769 πάλαι,
677 2678 703 2750 ὦ
724 2682 912 2770 Ἑρμότιμε,
938 2712 959 2752 α
945 2681 1015 2753 δὲ
1032 2681 1115 2762 εἶδες

47 2870 50 2876 ¹
114 2783 275 2869 ἐγγύθεν,
291 2786 400 2864 ἐκεῖνα
414 2785 497 2868 λέγε.

197 2890 299 2950 ΕΡΜ.
326 2879 483 2959 Κάλπις’
465 2888 595 2967 αργυρῦ
610 2882 779 2967 πρόκειται
795 2882 866 2967 ίερά
881 2909 941 2949 του
927 2889 1061 2950 θεοῦ·
1083 2886 1116 2960 ές

112 2980 466 3068 ταύτηνέμβάλλονται
478 2988 594 3067 κλῆροι
605 2986 732 3066 μικροί,
748 2979 830 3047 ὅσον
845 2978 884 3067 δὴ
897 2995 1066 3067 κυαμιαῖοι
1077 2980 1113 3048 τδ

111 3083 264 3205 ’με’γεθος,
277 3082 560 3165 ἐπιγεγραμμένοι.
577 3078 777 3165 ἐγγράφεται
788 3080 852 3147 δὲ’
836 3106 868 3158 ες
879 3079 986 3147 δύο
951 3106 1012 3165 μευ
1024 3078 1114 3163 ἀλφιι
1132 3092 1184 3148 783

114 3183 150 3245 έν
172 3182 330 3268 εκατέρφ,
344 3181 385 3268 ές
406 3178 469 3245 δυο
490 3174 575 3245 δε
541 3204 577 3245 το
600 3186 701 3265 βῆτα,
725 3180 818 3246 καὶ’
801 3206 834 3256 ες
852 3176 974 3255 ἀλλους
995 3177 1056 3244 δυο
1077 3175 1114 3245 τό

113 3278 227 3364 γάμμα
238 3278 293 3345 καὶ
304 3280 376 3363 εξῆς
387 3272 470 3343 κατά
482 3273 521 3342 τά
534 3274 634 3362 αὐτά,
649 3304 693 3363 ην
703 3284 837 3356 πλείους
848 3303 879 3343 οι
872 3274 1032 3361 ’ἀθληται
1044 3267 1115 3362 οόσι,

35 3428 38 3432 -
114 3373 211 3442 δυό’
193 3402 243 3443 αει
232 3378 375 3463 κλῆροι
390 3372 427 3441 τό
443 3372 524 3442 αῦτό
543 3376 678 3461 γράμμα
698 3382 834 3461 ἔχοντες.
861 3372 1060 3459 προσελθάν
1074 3375 1115 3461 δὴ
