2550 3825
192 115 256 178 320
547 119 848 178 AOTKIANOY

193 302 347 344 τοιουτου
359 284 436 364 βίον
459 277 658 360 διεξελθών,
681 281 792 342 ἔπειτα
812 276 949 342 πάντων
963 277 1199 362 ἐκλαθόμενος,

193 371 376 460 ὀστράκου,
402 379 499 460 φησί,
525 373 765 458 μεταπεσόντος
782 371 870 440 έκών
889 371 1011 441 ἑαυτόν
1031 377 1145 459 φέρων
1166 377 1199 451 ἐς

194 477 349 539 δουλείαν
375 469 464 538 ούτω
487 477 655 556 περιφανῆ
684 473 739 538 καὶ
769 479 989 558 περίβλεπτον
1014 474 1197 551 ένσέσεικε;

192 570 290 637 πόσοι
307 574 414 636 Μίδαι
427 571 482 635 καὶ
496 575 635 651 Κροῖσοι
650 571 705 636 καὶ
719 573 892 637 Πακτωλοὶ
913 567 986 636 όλοι
1003 574 1197 655 μετέπεισαν

192 663 296 734 αύτόν
311 663 447 750 άφεῖναι
464 664 526 751 μὲν
546 663 607 750 τήν
621 668 658 732 ἐκ
672 670 802 733 παίδων
819 673 921 751 φίλην
936 669 993 734 καὶ
1003 667 1196 752 σύντροφον

193 767 405 847 ἐλευθερίαν,
423 759 507 847 πρός
524 759 613 852 αὐτῷ
630 765 665 829 δὲ
679 761 742 848 ήδη
757 771 802 852 τῷ
812 770 927 853 Αίακῷ
943 765 1128 851 γενόμενον
1143 768 1195 832 καὶ

192 863 371 945 μονονουχὶ
383 857 442 926 τόν
454 862 568 944 ἕτερον
580 861 667 927 πόδα
679 864 770 950 ἐντῷ
782 869 955 951 πορθμείῳ
966 868 1083 948 ἔχοντα
1094 869 1197 947 παρέ-

192 983 263 1043 χειν
278 956 397 1025 έαυτόν
409 961 567 1026 ἕλκεσθαι
582 961 637 1025 καὶ
654 958 818 1041 σύρεσθαι
838 960 992 1042 καθάπερ
1013 959 1080 1028 ὑπό
1095 967 1196 1048 κλοιῷ

125 1070 175 1125 706
194 1081 260 1122 τινι
275 1061 386 1144 χρυσῷ
402 1053 462 1122 τόν
479 1053 601 1141 αύχένα
621 1058 781 1137 δεθέντας
802 1053 856 1125 οἷά
874 1061 942 1125 ἐστι
955 1066 1023 1125 τῷν
1038 1058 1195 1144 τρυφάν-

125 1169 175 1226 707
193 1181 261 1222 των
272 1161 442 1222 πλουσίων
453 1151 492 1221 τά
506 1163 645 1242 σφιγγία
656 1156 710 1221 καὶ
720 1152 759 1221 τά
772 1157 972 1239 κουράλλια;
993 1155 1100 1243 πολλή
1112 1163 1196 1241 γοῦν

125 1268 176 1324 708
193 1249 213 1336 ή
235 1257 402 1337 διαφωνία
422 1259 481 1319 τοῦ
502 1261 568 1320 νύν
588 1259 665 1339 βίον
681 1250 765 1338 πρός
784 1251 820 1320 τό
843 1254 1058 1338 σύγγραμμα,
1087 1255 1142 1320 καὶ
1158 1249 1194 1319 τό

192 1350 264 1418 άνω
279 1348 358 1428 τούς
381 1349 549 1436 ποταμούς
564 1365 685 1438 χωρεῖν
703 1353 758 1417 καὶ
780 1349 1011 1436 άνεστράφθαι
1032 1348 1072 1417 τά
1089 1351 1195 1416 πάντα

193 1452 248 1518 καὶ
269 1452 469 1538 παλινῳδεῖν
485 1448 568 1533 πρός
587 1446 623 1516 τό
648 1462 759 1533 χεῖρον
779 1447 868 1516 τοῦτ’
894 1444 938 1515 άν
959 1457 1009 1535 εῖη
1028 1446 1089 1533 ούχ
1111 1444 1194 1527 ὑπὲρ
1260 1494 1261 1499 1

187 1546 319 1631 Ἑλένης
334 1544 380 1631 μά
390 1545 450 1616 Δί’
464 1545 540 1614 οὐδ’
557 1545 641 1630 ὑπὲρ
653 1555 720 1613 τῶν
733 1545 783 1613 ἐπ’
802 1545 1103 1636 Ἰλίῷγενομένων,
1119 1541 1193 1612 ἀλλ’

193 1651 279 1734 έργφ
295 1643 572 1730 ἀνατρεπομένων
582 1651 651 1711 τῶν
664 1645 790 1729 λόγων,
807 1652 914 1721 καλῶς
927 1642 1091 1727 πρότερον
1105 1648 1193 1725 είρή-

193 1751 275 1807 σθαι
292 1742 495 1809 δοκούντων.
528 1747 558 1808 2,
581 1749 686 1808 ταῦτα
699 1742 761 1826 μὲν
775 1740 859 1827 πρός
875 1741 1013 1824 ἑαυτόν,
1035 1735 1080 1816 ὡς
1094 1735 1132 1804 τό
1150 1745 1193 1805 εί-

192 1839 266 1924 κός,
289 1842 440 1906 λέλεκταί
452 1859 513 1906 σοι.
546 1841 673 1919 ἐπάξεις
689 1840 725 1906 δέ
747 1851 826 1918 ἴσως
845 1842 900 1906 καὶ
917 1836 1000 1924 πρὸς
1016 1834 1121 1903 αὐτόν
1140 1835 1195 1922 ἐμὲ

193 1936 384 2024 ξυμβουλήν
403 1964 478 2005 τινα
500 1940 659 2023 τοιαύτην
679 1936 741 2006 ούκ
764 1939 921 2025 άκαιρον,
951 1935 1034 2006 ἄλλά
1057 1933 1196 2022 φιλικήν

192 2040 247 2103 καὶ
262 2038 321 2125 οἲῷ
338 2057 390 2103 σοι
404 2043 533 2126 χρηστῷ
550 2038 604 2103 καὶ
625 2038 799 2127 φιλοσόφῳ
815 2035 912 2120 ἀνδρὶ
926 2038 1130 2120 πρέπουσαν.
1152 2030 1194 2119 ἢν
1260 2057 1261 2070 ³

191 2138 253 2222 μὲν
271 2130 334 2202 ούν
344 2132 416 2203 κατ’
430 2133 524 2214 άξίαν
539 2131 667 2213 ὑποδύς
680 2133 716 2202 τό
730 2134 793 2202 σόν
806 2137 988 2221 πρόσωπον
1004 2132 1195 2218 ὑποκρίνω-
1260 2175 1261 2224 1

124 2257 174 2312 709
191 2260 266 2320 μαι,
289 2227 328 2300 εὖ
343 2229 387 2300 άν
406 2229 486 2319 ἡμῖν
499 2238 566 2317 έχοι
587 2235 701 2322 καὶτῷ
718 2240 829 2323 Λογίφ
845 2234 1015 2318 θύσομεν·
1043 2238 1073 2300 εί
1087 2230 1123 2298 δὲ
1138 2233 1196 2317 μή,
1260 2317 1261 2320 ¹

192 2330 274 2400 άλλά
298 2328 341 2397 σύ
365 2330 570 2417 προσθήσεις
591 2328 630 2395 τά
651 2331 817 2397 ἐνδέοντα.
851 2329 921 2416 ῷρα
948 2337 1065 2398 τοίνυν
1096 2355 1194 2415 μετα·
1260 2331 1261 2350 ³

191 2431 418 2509 σκευάσαντας
432 2429 517 2517 ἡμᾶς
532 2427 593 2517 τήν
608 2426 737 2515 σκηνήν
752 2428 807 2513 ἐμὲ
821 2429 884 2513 μέν
901 2436 1031 2495 σιωπᾶν
1046 2429 1100 2495 καὶ
1116 2425 1198 2493 άνέ-

191 2540 310 2614 χεσθαι
325 2530 530 2615 τεμνόμενον
547 2530 601 2596 καὶ
613 2528 809 2613 καιόμενον,
826 2533 856 2593 εί
869 2530 954 2611 δέοι,
972 2529 1025 2593 ἐπὶ
1039 2532 1197 2613 σωτηρίᾳ,

192 2630 228 2695 σὲ
251 2631 286 2694 δὲ
308 2627 496 2694 ἐπιπάττειν
516 2636 583 2693 τῷν
608 2625 794 2712 φαρμάκων
820 2630 876 2693 καὶ
895 2624 957 2713 τήν
983 2632 1103 2712 σμίλην
1128 2623 1199 2710 ἅμα

191 2725 368 2809 πρόχειρον
389 2730 504 2809 έχοντα
524 2728 579 2791 καὶ
600 2723 638 2792 τό
658 2726 841 2811 καυτήριον
861 2726 1045 2810 διάπυρον·
1078 2727 1133 2793 καὶ
1155 2724 1198 2809 δή

191 2820 394 2909 παραλαβών
402 2824 462 2909 τήν
473 2823 597 2909 ῥήτραν
612 2823 655 2890 σύ
670 2834 774 2891 ταῦτα
791 2824 875 2909 πρός
891 2851 932 2910 με
943 2821 961 2892 ὁ
973 2832 1121 2910 Σαβῖνος
1133 2821 1198 2909 ήδη

190 2924 303 3006 λέγεις.
1260 2925 1261 2936 ’

273 3026 303 3088 3.
326 3021 435 3088 Πάλαι
451 3025 522 3106 μέν,
541 3014 727 3108 ῷφιλότης,
744 3021 787 3101 ὡς
802 3024 900 3108 είκός,
916 3020 1132 3107 εὐδοκίμηταί
1143 3041 1200 3087 σοι

189 3122 279 3188 τουτὶ
296 3118 332 3187 τό
349 3120 547 3206 σύγγραμμα
560 3124 614 3189 καὶ
629 3125 666 3188 έν
680 3130 792 3213 πολλῷ
803 3124 926 3210 πλήθει
942 3124 1090 3207 δειχθέν,
1107 3116 1153 3197 ὡς
1166 3123 1202 3187 οἱ

122 3244 172 3300 710
191 3219 263 3286 τότε
280 3218 524 3304 ἀκροασάμενοι
537 3224 731 3306 διηγοῦντο,
747 3226 803 3289 καί
813 3227 881 3311 ίδία
895 3218 985 3306 παρὰ
996 3234 1064 3297 τοῖς
1074 3243 1201 3285 πεπαι-

189 3323 376 3403 δευμένοις,
405 3317 523 3387 ὁπόσοι
548 3316 676 3405 ὁμιλεῖν
697 3320 786 3407 αὐτῷ
811 3321 865 3387 καὶ
888 3316 942 3387 διά
970 3314 1078 3404 χειρός
1106 3323 1199 3403 ἔχειν
