2550 3825
194 175 259 236 406
548 183 851 242 ΛΟΤΚΙΑΝΟΤ

195 337 350 420 μωτάτου
363 337 445 406 ὄντα
459 342 515 407 καὶ
529 344 567 406 ἐν
581 355 651 418 τοῖς
665 339 811 424 πρῶτοις
823 351 986 412 Σκυθῶν.
1011 369 1031 410 ο
1019 340 1199 429 Ἀναγαρ-

194 454 246 513 σις
261 436 298 502 δὲ
312 433 459 504 πόθεν
436 464 481 504 αν
495 439 625 506 ἐκεῖνον
641 445 730 557 ἒγντρ
744 437 932 562 ὁμοεθττιῙ”
910 469 1010 528 οντα,
1017 441 1200 528 Ἑλληνιστὶ
1246 520 1247 525 ¹

194 534 412 619 ἐσταλμένον,
428 531 728 621 ὑπεξυρημένοντδ
735 541 889 656 γένειον,
904 537 1067 625 ἄζωστον,
1081 538 1247 624 ἀσίδη-
1246 566 1248 613 ι

194 655 272 716 ρον,
289 628 353 717 ἤδη
367 634 562 718 στωμύλον,
577 632 772 702 αὐτῶντῶν
786 633 1087 705 ’Δττικῶνὲνατῶν
1097 635 1199 703 αύτο-
1246 622 1248 699 λ

193 730 347 814 χθόυων;
369 730 457 798 οὕτω
474 731 750 818 μετεπεποίητο’
730 730 797 800 υπὸ
814 741 876 801 τοῦ
894 735 1031 820 χρόνον.
1060 739 1092 802 4.
1113 732 1198 801 ἀλλὰ

197 830 336 915 Τοξαρις
344 834 512 899 Σκυθιστὶ
522 830 716 952 πρρσειπῶν
726 831 849 915 αύτόν,
863 834 916 901 06
929 835 991 918 σύ,
1006 841 1089 954 ἔφγ,
1100 832 1199 901 ’Ana'-

192 947 308 1013 χαρσις
321 923 788 1016 ῶντυγχάνειςὸΔαυκέτους
805 930 1017 1017 έδάκρυσεν“
999 959 1049 1016 υφ
1052 928 1198 1017 ’ἡδονῆς
1246 965 1248 1033 ρ

193 1023 211 1092 6
226 1021 476 1112 Ἀνόχαρσις,”
456 1054 508 1095 οτι
522 1026 606 1096 ταδ’
591 1029 774 1115 ομόφανον
788 1028 924 1116 εὑρήκει
936 1031 1028 1113 τινά,
1048 1031 1106 1097 καὶ
1117 1036 1196 1097 τοῦ·
1246 1063 1248 1119 g

124 1137 177 1192 864
194 1149 254 1192 τον
268 1123 410 1192 είδότα”
390 1145 480 1204 οστις
489 1118 532 1212 ἦν
542 1129 580 1194 ἐν
590 1128 764 1212 Σκύθαις,
779 1129 836 1195 και
846 1127 961 1215 ἤρετο,
975 1125 1030 1196 Σύ
1040 1128 1077 1194 δὲ
1088 1126 1194 1247 πόθενΙ
1246 1148 1248 1157 ³

194 1221 326 1292 οἶσθα
308 1230 409 1309 ημᾶς,
425 1249 451 1289 σε
439 1216 556 1304 ξένε;
578 1222 700 1292 Καὶ’
658 1226 775 1311 αυτός,
795 1232 877 1311 ἔφη,
892 1228 1022 1292 ε’κεσθέν
1036 1230 1103 1310 εἰμι
1116 1222 1193 1306 παρ’

192 1320 305 1409 ὑμῶν,
332 1322 469 1405 Τόξαρις
486 1320 654 1408 τοῦνομα,
678 1319 721 1390 ού
741 1349 810 1389 τιν
828 1327 1018 1408 ἐπιφανῶν,
1043 1320 1128 1389 ῶστε
1143 1324 1195 1389 καὶ

192 1423 362 1505 ἐγνῶσθαι
377 1418 421 1487 ἀν
431 1440 484 1487 σοι
499 1417 572 1487 κατ’
584 1418 677 1488 αύτό.
699 1427 806 1505 Μῶν,
820 1426 902 1506 ἔφη,
916 1417 989 1487 σύδ
1005 1420 1146 1503 Τόξαρις
1158 1445 1194 1502 ει,

191 1521 266 1605 περὶ
283 1543 324 1585 ου
312 1510 449 1603 έγῶ”
425 1539 554 1604 ηκουσα
570 1515 615 1596 ῶς
634 1545 684 1596 τις
701 1518 878 1602 Τόξαρις’
859 1543 957 1603 ερῶτι
970 1524 1028 1603 τῆς
1041 1514 1193 1592 Ελλάδος
1246 1550 1248 1613 ss

191 1613 366 1684 ἀπολιπών
382 1619 437 1683 καὶ
451 1630 594 1701 γυναῖκα
608 1621 645 1683 έν
655 1622 792 1704 Σκυθία
807 1643 863 1684 και
851 1618 991 1683 παιδία
1004 1611 1127 1699 νεογνά
1145 1623 1193 1680 ot-

190 1739 279 1799 χοιτο
296 1711 348 1791 ές’
343 1713 482 1798 Αθήνας
497 1716 553 1781 καλ
568 1721 634 1780 νῦν
647 1718 810 1800 διατρίβοι
823 1724 912 1782 κεῖθι
925 1712 1110 1798 τιμώμενος
1126 1706 1191 1778 {mc
1246 1710 1248 1713 ’

190 1817 259 1876 τῶν
273 1806 435 1895 ἀρίστους
453 1808 551 1895 moi,
567 1816 648 1895 ἔφη,
664 1813 789 1889 ἐκεῖνός
805 1817 886 1898 εἰμι,
903 1821 995 1888 εἴτις
1009 1806 1118 1893 κάμου
1104 1805 1191 1874 λό-

190 1933 249 1993 γος
260 1912 306 1975 ἔτι
315 1933 383 1993 παρ
402 1904 492 1993 ὑμῖν.
516 1901 770 1995 ούκοῦν,ἧδ’“
751 1907 814 1989 036
826 1907 1028 1996 Αναχαρσις,
1038 1905 1193 1992 μαθητην
1246 1927 1247 1988 3

190 2027 254 2073 σου
264 2014 336 2073 ἴσθι
346 2032 387 2092 με
397 2008 619 2093 γεγενημενον
630 2010 686 2076 καί
696 2005 844 2095 ζηλυτην
854 2035 914 2075 του
925 2014 1046 2091 ερωτος
1056 2032 1098 2073 ον
1107 2030 1189 2090 ηρα
1246 2053 1247 2056 ,

190 2114 292 2193 σθης,
307 2102 441 2175 ἰδεῖν
406 2132 468 2192 την
476 2103 632 2192 Ἑλλάδα,
646 2108 702 2173 καί
716 2107 800 2173 κατά
808 2132 848 2192 γε
861 2104 921 2193 τὴν
933 2109 1096 2191 ἐμπορίαν
1110 2102 1193 2168 ταύ-
1246 2129 1247 2132 ’

189 2230 251 2291 την
266 2203 481 2291 ἀποδημήσας
495 2203 566 2291 ἥκω
577 2226 630 2272 σοι
641 2211 743 2290 μυρία
756 2202 879 2272 παθῶν
894 2207 930 2271 ἐν
940 2217 1008 2281 τοῖς
1018 2200 1072 2270 διὰ
1087 2204 1193 2288 μέσον

190 2310 320 2389 ἔθνεσι,
345 2306 399 2371 καὶ
418 2312 452 2371 εί
470 2330 507 2389 γε
525 2300 569 2390 μὴ
592 2304 645 2370 σοὶ
665 2304 838 2390 ἐνέτυχον,
867 2308 1010 2389 ἔγνωστο
1027 2298 1091 2386 ἤδη
1112 2302 1193 2384 πρὶν

188 2401 286 2488 ἥλιον
298 2405 414 2487 δῦναι,
431 2399 536 2470 ὀπίσω
548 2395 649 2479 αὖθις
660 2401 713 2470 ἐπὶ
722 2410 811 2469 ναῦν
820 2403 984 2468 κατιέναι·
1004 2396 1112 2476 οὕτως
1121 2399 1193 2465 ἐτε-

188 2501 362 2587 ταράγμην
383 2505 460 2580 ξένα
482 2503 538 2569 καλ
560 2498 716 2587 ἄγνωστα
739 2498 849 2568 πάντα
869 2496 967 2583 ὁρῶν.
999 2493 1083 2567 ἀλλὰ
1107 2493 1193 2582 πρὸς
1246 2573 1247 2576 ¹

185 2592 361 2666 ’Λκινόκου
374 2601 427 2666 καὶ
441 2596 660 2685 Ζαμόλξιδος,
678 2603 746 2666 τῶν
756 2594 1011 2688 πατρῴωνὴμῑν
1022 2600 1131 2677 θεῶν,
1148 2592 1192 2659 σύ
1246 2647 1248 2666 ,

189 2721 245 2781 με,
262 2688 288 2763 ῶ
302 2698 438 2782 Τόξαρι,
454 2696 658 2784 παραλαβών
667 2697 850 2783 ξενάγησον
863 2698 918 2765 καὶ
931 2699 1041 2775 δεῖξον
1053 2689 1093 2760 τά
1108 2691 1192 2759 κάλ-
1246 2669 1248 2722 ³

188 2804 282 2861 λιστα
292 2802 359 2862 τῶν
373 2793 565 2881 Ἀθήνησιν,
583 2794 651 2863 εἶτα
663 2798 718 2864 καὶ
730 2791 770 2861 τά
782 2797 820 2861 έν
829 2802 869 2883 τῇ
879 2792 963 2882 ἀλλῃ
973 2790 1116 2877 Ἑλλάδι,
1129 2790 1192 2858 νό-

189 2916 263 2978 μων
281 2916 317 2959 τε
337 2890 415 2970 τούς
434 2890 589 2979 ἀρίστους
608 2897 664 2963 καὶ
684 2892 819 2975 ἀνδρῶν
837 2890 916 2971 τούς
931 2897 1120 2979 βελτίστους
1135 2892 1192 2957 καὶ

186 2990 255 3078 ἤθη
270 2991 324 3058 καὶ
344 2992 546 3076 πανηγύρεις
561 2996 617 3061 καὶ
634 3000 711 3081 βίον
726 2989 837 3058 αὐτῶν
857 2994 913 3061 καὶ
935 2998 1120 3074 πολιτείαν,
1145 2985 1190 3055 δι’

118 3107 170 3163 866
188 3090 272 3177 ἅπερ
287 3089 331 3158 σύ
345 3114 380 3156 τε
394 3086 485 3175 κάγῶ
499 3089 580 3175 μετὰ
592 3091 628 3159 σὲ
641 3090 809 3176 τοσαύτην
822 3086 904 3157 ὁδόν
917 3088 1060 3177 ἥκομεν,
1075 3088 1129 3155 καὶ
1146 3084 1190 3173 μὴ

186 3194 334 3279 περιίδῃς
350 3185 495 3257 ἀθέατον
515 3186 627 3257 αὐτῶν
646 3188 906 3276 ἀναστρέψοντα.
937 3194 967 3257 5.
991 3195 1099 3256 Τοῦτο
1115 3190 1190 3272 μέν,

186 3294 250 3375 ἔφη
265 3287 283 3357 6
301 3289 456 3375 Τόξαρις,
471 3286 590 3376 ἥκιστα
605 3288 765 3373 ἐρωτικὸν
780 3298 929 3374 εἴρηκας,
944 3283 1065 3365 έπλτάς
1078 3285 1190 3368 θύρας

185 3383 287 3463 αύτάς
302 3387 445 3455 ἐλθόντα
456 3397 605 3472 οἴχεσθαι
616 3385 767 3457 ἀπιόντα.
790 3387 878 3473 πλὴν
888 3384 970 3455 ἀλλὰ
985 3385 1124 3472 διέρρει·
1148 3381 1189 3451 06
