2550 3825
164 186 225 247 130
514 191 818 248 AOYKIANOT

246 355 377 424 ΞΑΝΘ.
403 346 475 416 Ούκ
495 353 559 415 ἔδει
576 340 639 415 οὖν
659 351 789 433 ἐλεῆσαι
809 354 959 433 γείτονας
973 346 1070 425 ὄντας
1087 349 1164 425 τούς

163 447 317 531 Φρύναςι

247 565 346 627 ΘΑΛ.
374 555 441 624 Τόν
455 556 641 642 Ἥφαιστον
659 558 695 623 δὲ
715 554 777 623 οὐκ
801 562 866 624 ἔδει
888 561 1015 645 ἐλεῆσαι
1031 565 1165 638 Θέτιδος

162 655 239 724 υίόν
254 653 334 724 ὅντα
348 652 408 722 τόν
421 652 582 741 Ἀχιλλέα,
605 729 612 742 ,

644 958 692 1017 12.

369 1070 593 1125 ΔΩΡΙΔΟΣ
618 1073 702 1122 ΚΑ]
726 1071 957 1127 ΘΕΤΙΔΟΣ.

249 1210 276 1270 l.
299 1209 401 1271 ΔΩΡ.
429 1209 470 1270 Τί
483 1201 653 1286 δακρύεις,
669 1194 696 1268 ὦ
714 1205 801 1278 Θίτι;

248 1309 345 1369 MT.
368 1306 573 1384 Καλλίστην,
592 1293 741 1387 ιδΛωρί,
757 1302 863 1387 κόρην
877 1301 967 1370 εἶδον
978 1306 1010 1380 ἐς
1022 1303 1166 1390 κιβωτόν

162 1397 229 1468 ὑπὸ
245 1395 443 1482 τοῦπατρὸς
459 1400 698 1484 ἐμβληθεῖσαν,
719 1397 825 1486 αὐτην
842 1426 876 1467 τε
896 1402 950 1468 καὶ
964 1401 1088 1487 βρέφος
1102 1397 1165 1466 αύ-

163 1506 220 1584 τῆς
230 1494 481 1583 ἀρτιγέννητον·
498 1499 649 1563 ἐκέλευσε
661 1496 696 1563 δὲ
708 1494 726 1564 ὁ
739 1495 845 1582 πατὴρ
857 1495 936 1576 τούς
947 1499 1071 1576 ναύτας
1081 1495 1165 1564 ἄνα-

96 1611 145 1665 ³19
164 1596 326 1683 λαβόντας
342 1592 378 1662 τό
397 1595 571 1682 κιβώτιον,
595 1593 730 1662 ἐπειδὰν
750 1593 837 1663 πολύ
851 1593 916 1663 ἀπό
935 1603 993 1683 τῆς
1007 1605 1066 1683 γῆς
1080 1594 1167 1664 ιἰπο-

165 1694 353 1775 σπάσωσιν,
382 1689 516 1776 ἀφεῖναι
538 1693 571 1769 ἐς
591 1691 659 1777 Ιτην
683 1691 870 1778 θάλατταν,
898 1690 941 1772 ὡς
964 1692 1119 1762 ἀπόλοιτο
1143 1690 1165 1779 ἡ

165 1789 283 1875 ἀθλία,
299 1791 352 1856 καὶ
367 1787 450 1874 αὐτη
466 1792 520 1856 καὶ
533 1787 570 1856 τὸ
582 1793 715 1876 βρέφος.

248 1907 349 1971 amp,
377 1905 474 1979 Τίνος
488 1902 524 1967 δὲ
541 1902 656 1986 ἕνεκα,
675 1895 701 1969 ὦ
719 1899 862 1989 ἄδελφή;
885 1907 970 1989 εἰπέ,
992 1915 1026 1972 εί
1041 1933 1071 1971 τι
1085 1909 1165 1990 ἔμα-

163 2011 223 2077 θες
237 1997 382 2086 ἀκριβῶς
397 1996 535 2065 ἅπαντα.

249 2116 345 2178 MT.
363 2106 398 2176 ‘0
413 2106 573 2195 Ἀκρίσιος
589 2106 606 2175 ὁ
625 2109 732 2195 πατὴρ
749 2109 849 2197 αύτης
864 2119 1042 2199 καλλίστην
1059 2106 1167 2179 ούσαν

164 2210 390 2290 ἐπαρθένευεν
410 2209 443 2286 ἐς
463 2213 608 2291 χαλκοῦν
623 2233 697 2273 τινα
718 2208 875 2295 θάλαμον
892 2210 1062 2297 ἐμβαλόν·
1086 2209 1167 2297 εἶτα,

164 2313 195 2375 εί
207 2307 268 2392 μὲν
284 2303 408 2391 ἀληθὲς
419 2301 481 2373 οὐκ
497 2310 558 2390 ἔχω
571 2309 690 2389 εἰπεῖν,
706 2308 787 2391 φασὶ
801 2304 833 2372 δ’
851 2299 915 2373 οὖν
931 2305 992 2374 τόν
1001 2314 1068 2377 Δία
1082 2333 1167 2393 χρυ-

166 2405 226 2474 σόν
241 2405 425 2490 γενόμενον
442 2405 564 2488 ῥυῆναι
576 2400 630 2469 διὰ
645 2410 706 2470 τοῦ
723 2402 854 2490 ὀρόφου
865 2404 916 2473 ἐπ’
933 2404 1054 2491 αὐτήν,
1070 2410 1168 2485 δεξα-

164 2507 269 2590 μένην
290 2504 325 2569 δὲ
341 2504 472 2586 ἐκείνην
488 2503 520 2579 ἐς
540 2497 599 2567 τὸν
621 2500 748 2569 κόλπον
768 2507 990 2587 καταρρέοντα
1006 2502 1168 2571 τὸνθεόν

164 2599 331 2686 ἐγκύμονα
347 2601 513 2684 γενέσθαι.
541 2605 639 2665 τοῦτο
654 2600 854 2684 αἰσθόμενος
870 2597 888 2667 ό
904 2599 1027 2686 πατήρ,
1049 2598 1167 2686 ἄγριός

163 2724 211 2775 τις
226 2699 280 2764 καὶ
295 2698 474 2781 ζηλότυπος
488 2700 612 2781 γέρων,
628 2694 836 2782 ἠγανάκτησε
853 2701 908 2766 καὶ
921 2696 989 2765 ὑπό
1003 2725 1093 2778 τινος
1105 2725 1168 2784 με-

164 2800 360 2880 μοιχεῦσθαι
378 2795 502 2877 οἰηθεὶς
517 2790 623 2878 αὐτὴν
637 2795 789 2879 ἐμβάλλει
806 2797 838 2871 ἐς
854 2795 915 2880 τὴν
931 2794 1075 2882 κιβωτόν
1091 2795 1167 2881 ἄρτι

164 2904 345 2958 τετοκυῖαν.

247 3010 276 3069 2.
295 3009 396 3071 ΛΩΡ.
413 3000 457 3069 Ἡ
468 3005 503 3070 δὲ
517 3012 551 3071 τί
562 3012 737 3089 ἔπραττεν,
756 2999 886 3091 ιόΘίτι,
902 3003 1167 3084 ὁπότακαθίετω

246 3108 342 3170 ΘΕΤ.
371 3099 468 3183 Ὑπὲρ
490 3099 590 3188 αὐτῆς
611 3105 673 3189 μὲν
689 3107 798 3189 ἐσίγα,
822 3097 973 3188 ὦΔωρί,
997 3091 1051 3171 καὶ
1068 3111 1168 3189 ἔφερε

164 3198 224 3284 τὴν
244 3202 440 3284 καταδίκην,
468 3200 504 3265 τό
524 3204 649 3287 βρέφος
664 3203 699 3269 δὲ
717 3216 891 3289 παρῃτεῖτο
912 3202 956 3287 μή
979 3200 1168 3270 ἀποθανεῖν

164 3297 356 3381 δακρύουσα
372 3301 487 3387 καὶτῷ
508 3299 632 3389 πάππῳ
649 3300 850 3366 δεικνύουσα
864 3298 962 3382 αύτό,
987 3302 1168 3369 κάλλιστον

163 3399 218 3468 όν·
249 3395 285 3466 τό
302 3400 337 3465 δὲ
353 3396 410 3465 ὑπ’
433 3397 569 3485 ἀγνοίας
592 3408 659 3466 τῶν
680 3407 793 3466 κακῶν
810 3397 984 3485 ὑπεμειδία
1004 3398 1088 3483 πρὸς
1104 3401 1168 3483 τὴν
