2550 3825
161 171 236 236 248
512 177 815 236 ΛΟΤΚΙΑΝΟΤ

243 339 378 401 ΠΛΑΤ.
398 335 463 400 Καὶ
478 328 545 419 μὴν
560 331 696 416 ἀριστον
711 324 754 418 ἦν
769 334 922 416 καθάπερ
937 333 1010 400 τινά
1030 338 1163 402 Πενθέα

160 427 314 518 δ’θοφέα

308 527 462 597 λακιστὸν
477 532 513 596 ἐν
532 533 703 612 πέτραισιν
719 529 876 615 εὑρέσθαι
890 531 1008 617 μόρον,

161 625 202 696 ἵν’
211 625 255 696 ἀν
264 631 318 696 καὶ
326 625 469 714 τδμέρος
478 625 582 695 αὐτοῦ
592 632 726 706 ἕκαστος
734 635 818 714 ἔχων
827 627 1050 716 ἀπηλλάττετο
1058 631 1158 698 καὶ-

244 733 275 794 3.
302 734 432 796 AOYK.
465 731 655 811 Μηδαμῶς·
689 725 771 793 ἀλλὰ
791 726 875 809 πρός
896 733 1023 796 ἱκεσίου
1043 737 1158 815 φείσο-

161 832 226 894 σθέ
238 851 312 910 μου,
558 864 561 869 -
612 883 614 886 .

245 927 352 990 m.
372 920 531 1007 ’Ἁραρεν
559 921 621 990 οὐκ
641 920 687 989 ἀν
706 923 866 1009 ἀφεθείης
883 930 939 991 ἔτι.
962 923 1043 1013 ὁρᾷς
1064 927 1100 994 δέ
1115 923 1156 1010 δη

161 1023 216 1089 καί
231 1017 480 1105 τόνὍμηρονά
498 1039 612 1106 φησιν,

203 1115 247 1197 ὡς
264 1115 326 1186 οὐκ
340 1123 408 1185 ἔστι
424 1121 538 1185 λέουσι
554 1122 608 1186 καὶ
622 1116 784 1203 ἀνδράσιν
800 1118 897 1204 ὅρκια
910 1122 1010 1188 πιστά
1016 1150 1027 1201 3

244 1223 375 1285 ΛΟΥΚ.
398 1219 462 1284 Καὶ
477 1214 544 1303 μὴν
557 1215 639 1284 καθ’
649 1215 796 1302 Ὅμηρον
808 1215 894 1302 ὑμᾶς
910 1221 965 1286 καὶ
979 1217 1079 1296 αὐτὸς
1089 1223 1157 1284 ίκε-

160 1315 263 1383 τεύω·
296 1317 469 1383 αἰδέσεσθε
493 1313 558 1401 γάρ
577 1325 656 1393 ίσως
678 1314 717 1382 τά
737 1321 798 1402 ἔπη
820 1317 875 1383 καί
902 1313 944 1382 οὐ
966 1317 1158 1399 παρόψεσθε

160 1413 403 1504 ῥαψῳδήσαντά
417 1439 474 1497 με·

206 1509 352 1597 ζωγρεῖτ’
370 1509 411 1579 οὐ
426 1509 532 1579 κακόν
548 1509 656 1597 ἀνδρα
671 1512 725 1578 καὶ
739 1510 814 1591 ἀξια
831 1513 930 1596 δέχθε
946 1510 1078 1597 ἀποινα,

201 1608 325 1694 χαλκόν
339 1635 374 1677 τε
388 1610 514 1695 χρυσόν
528 1636 580 1694 τε,
596 1607 636 1676 τά
653 1606 693 1694 δὴ
709 1611 862 1693 φιλέουσι
877 1618 980 1694 σοφοί
990 1633 1063 1692 περ.

89 1727 143 1782 ⁵73
244 1713 379 1774 ΠΛΑΤ.
399 1705 486 1774 Ἀλλ’
497 1704 576 1773 οὐδὲ
590 1705 683 1792 ἡμεῖς
697 1705 910 1793 ἀπορήσομεν
920 1706 1002 1790 πρὸς
1013 1706 1160 1792 σὲὉμη·

162 1810 254 1889 ρικης
268 1802 464 1888 ἀντιλογίας.
488 1801 589 1869 ἀκουε
604 1810 705 1886 γοῦν·

265 1899 308 1987 μὴ
322 1902 362 1987 δή
374 1927 429 1987 μοι
442 1900 543 1985 φύξιν
556 1927 609 1985 γε,
622 1900 803 1988 κακηγόρε,
815 1903 934 1989 βάλλεο
945 1909 1045 1992 θυμῷ

264 1998 390 2083 χρυσόν
404 2022 465 2082 περ
483 2001 590 2083 λέξας,
607 2000 676 2065 ἐπεὶ
686 2001 757 2067 ίκεο
767 2015 876 2085 χεῖρας
888 2004 920 2079 ές
930 1999 1024 2087 ἀμάς.

234 2103 365 2164 AOYK.
383 2103 482 2181 Οῖμοι
493 2104 560 2163 τῶν
570 2104 693 2163 κακῶν.
708 2096 726 2163 ὁ
739 2097 949 2184 μὲυὍμηρος
958 2098 1039 2186 ἡμῖν
1050 2098 1160 2186 ἀπρα-

160 2218 251 2280 κτος,
266 2193 286 2280 ἡ
303 2201 437 2281 μεγίστη
453 2198 553 2272 ἐλπίς.
581 2197 633 2262 ἐπὶ
649 2194 711 2262 τόν
724 2194 911 2282 Εὐριπίδην
927 2198 968 2282 δή
982 2224 1038 2283 μοι
1058 2224 1160 2265 κατα-

160 2295 339 2380 φευκτέον·
361 2292 442 2377 τάχα
456 2289 521 2377 γάρ
538 2288 582 2358 ἀν
595 2295 719 2371 ἐκεῖνος
733 2294 851 2361 σώσειέ
862 2319 912 2378 με.

263 2389 307 2477 μὴ
319 2405 441 2458 κτεῖνε·
458 2386 519 2455 τόν
528 2392 640 2474 ίκέτην
651 2388 714 2475 γάρ
727 2388 768 2457 οὐ
778 2393 875 2477 θέμις
886 2406 1027 2459 κτανεῖν.

232 2496 366 2555 ΠΛΑΤ.
394 2494 436 2554 Τί
449 2490 487 2554 δέ
491 2516 500 2568 3
523 2485 595 2573 οὐχὶ
611 2486 747 2555 κάκεῖνα
761 2486 947 2572 Εὐριπίδου
961 2492 1060 2576 ἐστίν,

264 2582 306 2652 οὐ
322 2580 414 2651 δεινά
431 2585 569 2670 πάσχειν
585 2583 678 2652 δεινά
694 2582 772 2662 τούς
787 2590 1037 2673 είργασμένους;

236 2688 366 2749 ΛΟΤΚ.
388 2686 468 2749 Νῦν
484 2675 548 2747 οὐν
563 2684 652 2749 έκατι
668 2684 824 2767 ῥημάτων
838 2691 982 2754 κτενεῖτέ
992 2713 1049 2772 μες

236 2784 370 2848 ΠΛΑΤ.
393 2775 448 2864 Νη
462 2782 544 2845 Δία·
569 2781 651 2865 φησὶ
664 2787 750 2865 γοῦν
766 2784 890 2860 ἐκεῖνος
906 2781 1015 2868 αὐτός,

462 2874 628 2961 ἀχαλίνων
641 2880 815 2965 στομάτων

462 2971 592 3061 ἀνόμου
605 2974 634 3042 τ’
654 2975 848 3062 ἀφροσύνας

461 3070 497 3138 τό
515 3076 606 3153 τέλος
623 3079 791 3161 δυστυχία.

242 3178 272 3240 4.
292 3177 423 3240 AOYK.
449 3166 586 3239 Οὐκοῦν
600 3175 669 3241 ἐπεὶ
684 3177 835 3242 δέδοκται
853 3176 985 3255 πάντως
1001 3174 1161 3245 ἀποκτιν-

158 3279 259 3339 νύναι
273 3274 327 3340 καί
344 3271 481 3359 οὐδεμία
492 3275 619 3363 μηχανὴ
636 3273 673 3345 τό
685 3283 862 3364 διαφυγεῖν
873 3307 931 3367 με,
950 3284 1047 3368 φέρε,
1061 3308 1160 3350 τουτο

88 3385 141 3441 574
158 3376 244 3456 γοῦν
259 3373 372 3438 εἴπατέ
384 3397 456 3457 μοι,
480 3376 599 3451 οἵτινες
614 3372 708 3453 ὄντες
726 3370 748 3460 ἢ
765 3381 799 3443 τί
815 3379 1022 3456 πεπονθότες
1037 3375 1142 3467 ἀνηκε
