2550 3825
199 198 220 261 2
549 200 851 261 AOYKIANOP

149 349 152 357 ¹
201 356 302 427 ὁπότε
316 357 381 445 γάρ
399 356 566 446 ἀφεθείην
586 356 652 426 ὑπό
668 367 735 426 τών
749 363 970 450 διδασκάλων,
991 360 1137 441 ἀποξέων
1151 356 1192 427 ἀν
1256 375 1257 402 ί

201 455 262 527 τόν
282 458 388 545 κηρόν
409 455 432 546 ἢ
454 460 536 546 βόας
555 454 577 545 ἢ
598 462 722 536 ἵππους
740 454 762 545 ἢ
783 464 838 528 καί
861 460 903 547 νη
924 460 982 530 Δί’
998 459 1194 544 ἀνθρώπους

201 554 415 639 ἀνέπλαττον,
429 557 571 639 είκότως,
586 554 629 634 ώς
641 557 783 624 ἐδόκουν
798 566 844 648 τῷ
857 566 960 647 πατρί
965 586 972 599 ·
989 558 1038 645 ἐφ’
1051 554 1099 636 οἷς
1110 552 1193 640 παρά

202 654 264 741 μέν
277 660 346 720 τών
357 654 568 722 διδασκάλων
578 656 706 741 πληγάς
720 657 920 775 ἐλάμβανον,
933 657 1007 726 τότε
1019 660 1055 726 δέ
1066 663 1194 733 ἔπαινος

203 756 249 830 είς
266 749 329 836 την
350 748 495 837 εύφυίαν
515 752 570 819 καί
592 758 696 819 ταῦτα
715 745 776 840 ἦν,
803 756 859 823 καί
878 753 1021 842 χρηστάς
1040 752 1126 842 εέγον
1149 748 1193 821 ἐπ’

203 850 325 975 ἐμοὶ
288 878 347 930 τας
361 852 437 919 έλπί
422 849 555 938 ίδας,’
534 878 577 931 ως
591 854 628 921 ἐν
643 860 759 940 βραχεῖ
774 856 967 944 μαθήσομαι
990 855 1052 943 την
1074 858 1196 941 τέχνην,

169 967 186 1019 θ
208 950 254 1019 άπ
254 950 407 1073 ’ἐκείνης
424 977 462 1037 γε
474 959 532 1038 τῆς
547 960 734 1039 πλαστικῆς.
778 954 855 1023 3.‘'
832 983 899 1042 αμα
915 982 950 1023 τε
960 982 1025 1024 ουν
1039 958 1197 1041 ἐπιτηδεία

204 1045 343 1117 ε’δόκει’
327 1053 432 1166 ημέρα
447 1053 560 1135 τέχνης
576 1051 792 1137 ἐνάρχεσθαι,
807 1050 899 1138 κάγω
888 1050 1183 1141 παρεδεδόμην
1154 1059 1199 1118 τώ
1256 1137 1257 1140 ¹

203 1152 287 1236 θείῳ
303 1146 347 1232 μά
369 1145 429 1213 τόν
451 1145 509 1214 Δί’
533 1145 575 1214 ού
596 1148 728 1233 σφόδρα
750 1156 796 1239 τῷ
816 1150 984 1236 πράγματι
1007 1148 1198 1236 ἀχθόμενος,
1250 1154 1254 1158 δ

205 1244 288 1315 ἀλλά
304 1271 361 1331 μοι
377 1246 432 1313 καί
446 1246 585 1313 παιδιάν
605 1274 680 1314 τινα
700 1244 762 1315 ούκ
783 1244 907 1334 ἀτερπῆ
923 1247 1029 1316 ἐδόκει
1044 1254 1127 1332 ἔχειν
1147 1248 1201 1313 καὶ

99 1375 101 1379 ·
204 1340 288 1426 πρός
309 1340 389 1421 τούς
407 1340 582 1429 ἡλικιώτας
602 1347 775 1431 ἐπίδειξιν,
800 1355 831 1414 εί
850 1353 1031 1433 φαινοίμην
1044 1344 1146 1423 θεούς
1166 1370 1201 1412 τε

206 1441 348 1528 γλύφων
364 1442 419 1510 καὶ
436 1438 620 1527 ἀγαλμάτιά
631 1469 706 1509 τινα
717 1441 819 1529 μικρά
833 1442 1088 1523 κατασκευάζων
1101 1444 1202 1527 ἐμαυ-

206 1546 251 1630 τῷ
263 1564 298 1606 τε
309 1536 475 1617 κάκείνοις
485 1535 533 1617 οἷς
543 1541 771 1629 προῃρούμην.
791 1542 846 1609 καί
856 1541 894 1608 τό
904 1566 943 1626 γε
954 1547 1087 1626 πρώτον
1099 1542 1203 1607 έκεῖνο

98 1678 103 1687 2
206 1641 260 1708 καὶ
272 1638 420 1724 σύνηθες
430 1652 498 1716 τοϊς
512 1636 706 1726 ἀρχομένοις
718 1644 880 1725 ἐγίγνετο·
902 1639 1044 1725 ἐγκοπέα
1053 1638 1118 1723 γάρ
1128 1636 1203 1704 τινά

205 1763 262 1824 μοι
279 1733 359 1813 δούς
376 1733 393 1802 ὁ
410 1744 502 1813 θεῖος
518 1738 671 1804 ἐκέλευσέ
677 1763 734 1823 μοι
749 1736 856 1824 ἠρέμα
866 1737 1069 1804 καθικέσθαι
1080 1731 1205 1811 πλακὸς

207 1838 245 1904 έν
258 1836 347 1926 μέσφ
361 1834 523 1920 κειμένης,
541 1831 686 1901 ἐπειπών
700 1832 737 1902 τό
754 1832 872 1902 κοινόν
887 1830 993 1920 ,,ἀρχὴ
1009 1834 1048 1899 δέ
1059 1858 1110 1899 τοι
1126 1830 1202 1918 ἥμι-

207 1953 250 2000 συ
265 1931 422 2010 παντός.“
466 1932 690 2017 σκληρότερον
704 1933 739 2000 δὲ
761 1933 1018 2018 κατενεγκόντος
1034 1929 1092 2000 ὑπ’
1111 1929 1206 1997 ἀπει-

168 2050 186 2105 6
209 2037 282 2118 ρίας
294 2029 436 2116 κατεάγη
453 2032 514 2116 μέν
530 2028 550 2116 ἡ
566 2033 667 2117 πλάξ,
691 2030 709 2099 ό
731 2038 768 2100 δὲ
787 2031 1017 2118 ἀγανακτήσας
1037 2032 1205 2116 σκυτάλην

206 2127 281 2198 τινά
299 2134 439 2214 πλησίον
459 2133 615 2214 κειμένην
635 2130 749 2217 λαβών
771 2130 813 2198 οὐ
836 2131 951 2221 πράως
969 2128 1050 2198 οὐδέ
1067 2155 1210 2216 προτρε-

207 2233 329 2304 πτικώς
349 2252 415 2312 μου
432 2228 625 2313 κατήρξατο,
648 2228 731 2297 ώστε
752 2229 883 2312 δάκρυά
904 2255 960 2314 μοι
983 2226 1024 2297 τά
1049 2235 1212 2313 προοίμια

206 2333 264 2412 τῆς
284 2327 405 2412 τέχνης.
456 2331 485 2394 4.
515 2323 664 2409 ἀποδράς
684 2319 748 2393 σύν
769 2329 901 2394 ἐκεῖθεν
927 2329 979 2393 ἐπὶ
1008 2323 1070 2411 τὴν
1098 2330 1214 2392 οίκίαν

208 2423 414 2512 ἀφικνοῦμαι
444 2425 579 2509 συνεχές
613 2422 825 2505 ἀνολολύζων
853 2427 908 2492 καί
940 2423 1097 2510 δακρύων
1129 2420 1216 2500 τούς

170 2535 187 2591 7
209 2519 409 2608 ὀφθαλμούς
426 2519 608 2607 ὑπόπλεως,
623 2525 678 2590 καὶ
694 2526 871 2609 διηγοῦμαι
881 2522 945 2608 τὴν
958 2521 1139 2606 σκυτάλην,
1154 2523 1217 2587 καὶ

208 2618 286 2697 τούς
305 2619 470 2705 μώλωπας
485 2621 673 2686 ἐδείκνυον·
696 2621 750 2686 καὶ
765 2620 976 2705 κατηγόρουν
990 2617 1119 2703 πολλήν
1133 2643 1218 2683 τινα

209 2714 370 2837 ώμότητα,
391 2715 591 2798 προσθείς“
572 2741 622 2782 οτι
644 2714 709 2782 ὑπὸ
732 2716 870 2801 φθόνου
891 2723 995 2783 ταῦτα
1011 2720 1141 2800 ἔδρασε,
1165 2740 1218 2800 μη

208 2812 312 2882 αὐτόν
327 2811 564 2932 ὑπερβάλωμαι
575 2811 658 2880 κατά
673 2841 734 2900 την
742 2841 868 2900 τεχνην
893 2812 1223 2900 άγανακτησαμένης

211 2912 299 2980 δέ
260 2937 317 2997 της
337 2909 461 2996 μητρός
482 2914 538 2978 καί
559 2911 665 2980 πολλά
688 2921 733 2999 τῷ
757 2912 891 3002 ἀδελφφ
913 2913 1223 3014 λοιδορησαμένης,

209 3011 279 3078 ἐπεὶ
289 3007 349 3089 νύξ
365 3012 500 3095 ἐπῆλθε,
511 2981 721 3096 κατέδαρθού
732 3017 779 3080 ἐτι
790 3015 954 3096 ἔνδακρυς
964 3012 1019 3078 καὶ
1029 3036 1091 3095 την
1102 3033 1226 3075 νυκτα

209 3106 293 3194 όλην
314 3109 451 3174 ἐννοών.
494 3112 523 3174 5.
552 3111 646 3194 μέχρι
668 3111 730 3196 μέν
755 3108 795 3196 δη
819 3108 949 3178 τούτων
969 3108 1136 3195 γελάσιμα
1159 3111 1229 3175 καὶ

167 3223 186 3279 0
208 3202 408 3292 μειρακιώδη
424 3202 464 3273 τά
480 3207 650 3294 είρημένα·
671 3204 712 3275 τά
723 3205 803 3294 μετά
814 3215 918 3274 ταῦτα
933 3209 969 3274 δέ
980 3203 1092 3274 ούκέτι
1108 3200 1230 3270 εὐκα-

209 3303 411 3390 ταφρόνητα,
430 3296 456 3371 ώ
472 3301 601 3392 ἀνδρες,
616 3304 813 3390 ἀκούσεσθε,
829 3304 912 3374 ἀλλά
930 3307 984 3373 καὶ
1000 3303 1092 3371 πάνυ
1110 3308 1231 3389 φιλη-

208 3401 299 3470 κόων
315 3399 490 3489 άκροατών
507 3403 664 3490 δεόμενα·
686 3407 744 3472 ἵνα
759 3404 823 3490 γάρ
840 3401 1080 3487 καθ’Ὅμηρον
1098 3407 1199 3466 εἴπω
