2550 3825
388 181 628 247 NEKPIKOI
652 183 909 241 ΔΙΑΛΟΓΟΙ.
1088 176 1148 241 189

621 374 673 437 30.

329 486 534 540 Μιωωοε
554 489 637 539 κατ
660 485 962 538 ΣοΣΤΡιυον.

230 624 259 687 1.
282 628 384 690 MIN.
408 618 444 689 Ὁ
466 624 527 709 μὲν
545 617 666 709 λῃστής
687 617 800 687 οὑτοσὶ
815 618 1012 700 Σώστρατος
1033 620 1066 698 ἐς
1087 617 1147 686 τόν

147 722 445 804 Πυριφλεγέθοντα
467 718 701 806 ἐμβεβλήσθω,
724 713 742 783 ὁ
764 718 800 783 δὲ
817 716 988 801 ίερόουλος
1008 710 1074 783 ύπό
1090 722 1147 802 τῆς

146 824 308 902 Χιμαίρας
322 818 578 904 διασπασθήτω,
594 814 612 883 δ
629 816 666 885 δὲ
679 816 860 900 τύραννος,
883 806 1034 900 όἘρμή,
1055 810 1145 899 παρὰ

145 912 206 982 τόν
223 912 345 984 Τιτυόν
361 914 539 994 ἀποταθεὶς
553 912 620 983 ύπδ
635 921 703 983 ττόυ
721 921 839 1001 γυπῶν
853 917 907 982 καὶ
923 909 1022 991 αὐτὸς
1038 915 1146 998 κειρέ-

145 1023 220 1081 σθω
237 1011 273 1082 τό
284 1007 389 1101 ἧπαρ,
407 1012 500 1102 ὑμεῖς
514 1016 551 1083 δὲ
561 1020 596 1083 οί
608 1012 730 1100 ἀγαθοί
745 1013 839 1083 ἀπιτε
853 1040 935 1081 κατα
952 1013 1049 1098 τάχος
1062 1015 1094 1090 ἐς
1107 1007 1143 1078 τό

141 1107 297 1180 Ἠλύσιον
308 1118 423 1181 πεδίον
432 1110 722 1200 καίτάςμακάρων
732 1112 854 1199 νήσους
862 1126 1051 1196 κατοικεῖτε,
1061 1107 1142 1179 ἀνθ’

146 1202 196 1277 ύν
211 1215 321 1278 δίκαια
338 1214 476 1281 ἐποιεῖτε
490 1210 579 1297 παρά
593 1210 654 1280 τόν
668 1218 753 1299 βίον.

228 1316 365 1379 MT.
388 1310 570 1398 Ἄκουσον,
592 1304 619 1379 τό
639 1318 773 1395 Μίνως,
800 1322 833 1381 εί
851 1334 904 1379 σοι
928 1316 1036 1380 δίκαια
1060 1311 1145 1391 δόξω

145 1410 264 1494 λέγειν.

229 1513 330 1575 ΜΙΝ.
351 1514 430 1576 Νῦν
447 1506 581 1577 ἀκούσω
596 1501 714 1592 αύθιςς
739 1507 781 1577 οά
795 1506 859 1595 γάρ
877 1510 1097 1597 ἐξελήλεγξαι,
1117 1502 1145 1578 ὦ

13 1610 26 1631 “
146 1605 338 1692 Σώστρατε,
353 1606 500 1693 πονηρός
514 1604 562 1676 τόν
579 1612 634 1677 καί
649 1606 829 1685 τοσούτους
843 1605 1049 1691 ἀπεκτουοόςς
1161 1625 1209 1680 451

228 1711 365 1773 ΣΩΣΤ.
391 1702 582 1793 Ἐλήλεγμαι
598 1710 675 1793 μέν,
702 1702 774 1775 ἀλλ’
791 1704 870 1792 όρα,
893 1712 924 1775 εί
940 1711 995 1777 καὶ
1012 1713 1145 1789 δικαίως

143 1803 404 1889 κολασθήσομαι.

227 1908 328 1970 ΜΙΝ.
352 1905 418 1972 Καὶ
427 1903 535 1991 πάνυ,
552 1916 586 1974 εί
590 1933 629 1993 γε
643 1903 813 1975 ἀποτίνειν
826 1902 889 1994 τήν
899 1903 995 1988 ἀξίαν
1005 1910 1142 1976 δίκαιον.

227 2009 364 2070 xm.
377 2001 486 2089 Ὅμως
498 2003 681 2090 ἀπόκριναί
688 2033 755 2093 μοι,
769 1997 796 2074 τό
807 2013 940 2084 Μίνως·
960 2004 1066 2092 βραχύ
1077 2007 1143 2092 γάρ

144 2124 174 2164 τι
189 2098 350 2184 ἐρήσομαί
363 2119 408 2168 σε.

227 2203 329 2267 ΜΙΝ.
349 2201 450 2286 Λέγε,
472 2199 516 2286 μή
531 2199 642 2286 μακρὰ
655 2202 776 2289 μόνον,
801 2200 845 2280 ὡς
861 2206 916 2271 καὶ
929 2199 1007 2280 τούς
1021 2200 1141 2281 ἀλλους

143 2301 366 2388 διακρίνωμεν
382 2296 456 2385 ήδη.

226 2401 256 2462 2.
271 2402 408 2471 ΣΩΣΤ.
421 2396 545 2465 Ὁπόσα
557 2405 718 2483 ἔπραττον
729 2401 766 2465 έν
777 2405 822 2487 τῷ
833 2404 911 2488 βίω,
924 2397 1046 2484 πότερα
1056 2395 1141 2466 ἑκάν

143 2498 304 2577 ἔπραττον
317 2490 339 2581 ή
354 2498 578 2565 ἐπεκέκλωστό
593 2525 650 2584 μοι
666 2495 732 2565 ὑπό
748 2506 804 2583 τῆς
817 2504 963 2584 Μοίραςς

227 2599 328 2661 ΜΙΝ.
345 2591 423 2662 ’Υπδ
442 2602 498 2682 τής
512 2602 644 2682 Μοίρας
657 2596 792 2682 δηλαδή.

225 2699 361 2760 mr.
379 2692 515 2762 Ούκούν
526 2697 581 2764 καὶ
592 2700 626 2765 οί
633 2696 766 2780 χρηστοὶ
777 2693 920 2772 ἅπαντες
930 2698 985 2763 καὶ
994 2697 1028 2762 οί
1037 2719 1143 2781 πονη-

141 2791 195 2873 ροί
203 2793 380 2869 δοκοῦντες
389 2789 481 2878 ἡμεῖς
491 2796 600 2883 ἐκείνῃ
610 2796 852 2879 ὑπηρετοῦντες
861 2801 965 2862 ταῦτα
976 2796 1142 2880 έδρῶμενς

224 2895 326 2957 ΜΙΝ.
347 2897 432 2977 Ναί,
457 2899 497 2980 τή
513 2900 667 2979 Κλωθοῖ,
693 2890 716 2978 ή
735 2893 861 2983 ε’κάστγι
875 2894 1006 2974 ἐπέταξε
1020 2919 1142 2979 γεννή-

139 2988 234 3053 θέντι
250 2984 290 3053 τά
303 2991 458 3072 πρακτέα.

224 3093 361 3154 xm.
383 3094 427 3156 Εί
440 3095 557 3156 τοίνυν
576 3085 798 3175 ἀναγκασθείς
814 3116 862 3168 τις
879 3086 938 3156 ὑπ’
957 3088 1061 3159 ἀλλον
1075 3116 1140 3176 φο·

140 3183 272 3251 νεύσειέ
282 3211 356 3252 τινα
368 3183 410 3252 ού
424 3185 610 3272 δυνάμενος
622 3183 805 3273 ἀντιλέγειν
818 3190 932 3277 ἐκείνω
945 3192 1138 3278 βιαζομένῳ,

139 3276 213 3349 οἷον
229 3282 344 3369 δήμιος
357 3280 379 3372 ή
393 3285 600 3372 δορυφόρος,
618 3283 712 3371 ὁμὲν
728 3289 865 3373 δικαστῇ
881 3292 1045 3370 πεισθείς,
1067 3281 1085 3353 ὁ
1103 3285 1139 3352 δὲ

138 3380 310 3471 τυράννςο,
328 3388 402 3451 τίνα
420 3384 550 3468 αίτιάσή
564 3391 625 3452 τοῦ
640 3413 766 3469 φονους
