2550 3825
516 178 716 235 ΑΛΙΕΥΣ.
1055 175 1118 240 271

117 329 231 419 ὀλίγον
241 341 359 420 χρῆσαι
371 332 432 420 τὴν
444 332 565 420 ὁρμιὰν
576 337 707 420 ἐκείνην
718 338 772 403 καὶ
783 333 819 402 τὸ
831 332 1020 423 ἀγκιστρον,
1035 335 1117 410 ὅπερ

116 429 134 500 ὁ
150 429 263 510 ἁλιεύς
279 429 447 517 ἀνέθηκεν
460 430 477 498 ὁ
493 435 529 498 έκ
543 439 719 514 Πειραιῶς.

201 535 285 596 ΙΕΡ.
309 526 395 597 Ἰδού
410 526 450 616 δὴ
471 532 567 616 λαβέ,
592 532 647 596 καὶ
668 527 730 596 τόν
743 531 893 615 κάλαμόν
907 558 946 617 γε
961 531 1046 618 ἅμα,
1074 531 1118 613 ὡς

117 625 224 693 πάντα
239 632 333 711 ἔχοις.

198 732 323 793 ΠΑΡΡ.
348 721 495 809 Ούκούν,
513 717 662 809 ύίέρεια,
681 727 736 793 καὶ
746 726 881 811 ίσχάύας
891 735 950 812 μοί
957 755 1048 808 τινας
1059 732 1117 808 δὸς

117 819 269 888 ἀνύσασα
284 826 338 890 καὶ
353 820 468 908 ὀλίγου
482 830 542 888 τοῦ
558 830 707 908 χρυσίου.

154 985 156 987 ,
199 926 282 989 ΙΕΡ.
305 918 474 1007 Λάμβανε.

200 1023 289 1085 ΦΙΛ.
317 1025 359 1085 Τί
372 1018 528 1102 πράττειν
542 1014 627 1103 ἀνὴρ
643 1021 839 1099 ὀιανοεῖται;

199 1123 283 1184 IEP.
311 1115 479 1194 Δελεάσας
502 1113 537 1182 τό
563 1115 741 1201 ἄγκιστρον
761 1117 869 1202 ίσχάὀι
891 1118 1012 1207 καὶτῷ
1033 1144 1116 1203 χρυ-

118 1223 176 1304 σίφ
198 1212 418 1300 καθεζόμενος
439 1216 490 1280 έπί
511 1211 547 1280 τὸ
567 1213 671 1299 ἀκρον
691 1223 752 1282 τοῦ
770 1221 893 1300 τειχίου
912 1223 1061 1301 καθῆκεν
1084 1219 1116 1294 ἐς
1134 1230 1185 1285 615

118 1312 177 1399 τὴν
192 1312 301 1380 πόλιν.

206 1421 294 1482 ΦΙΛ.
317 1418 358 1480 Τί
366 1420 484 1496 ταῦτα,
502 1405 771 1500 οόΠαρρησιάὀη,
786 1427 908 1494 ποιείς;
924 1407 1024 1500 ἦπου
1038 1413 1116 1493 τοὺς

120 1520 235 1591 λίθους
251 1509 419 1580 ἁλιεύσειν
434 1513 614 1595 διέγνωκας
630 1513 667 1577 έκ
680 1518 740 1578 τοῦ
753 1519 978 1597 Πελασγικοῦς

199 1618 324 1678 ΠΑΡΡ.
351 1607 549 1694 Σιώπησον,
576 1600 603 1675 ἀ
624 1615 827 1694 Φιλοσοφία,
851 1611 906 1677 καί
926 1606 988 1695 τὴν
1008 1607 1115 1695 ἀγραν

117 1715 287 1794 περίμενε·
316 1705 359 1775 σύ
376 1707 428 1791 δέ,
447 1705 612 1774 Πόσειδον
626 1705 730 1791 ἀγρεῦ
746 1708 800 1774 καὶ
817 1704 1008 1792 Ἀμφιτρίτη
1024 1713 1114 1793 φίλη,

117 1805 260 1885 πολλούς
273 1803 352 1892 ἡμῖν
367 1803 539 1891 ἀνάπεμπε
555 1811 622 1871 τῶν
636 1803 775 1888 ἰχθύων.
796 1809 849 1874 48.
864 1802 940 1872 ἀλλ’
957 1800 1025 1889 ὁρῶ
1041 1831 1115 1877 τινα

116 1904 267 1991 λάβρακα
285 1899 467 1989 εὐμεγέθη,
486 1910 611 1989 μᾶλλον
625 1905 662 1970 δὲ
674 1903 880 1989 χρύσοφρυν.

199 2007 323 2069 ΕΛΕΓ,
348 1999 437 2085 Ούκ,
456 1998 538 2067 ἀλλά
548 1999 666 2084 γαλεός
680 2004 762 2069 ἐστι·
785 2002 998 2087 προσέρχεται
1013 1997 1054 2085 δη
1069 2008 1113 2090 τῷ

118 2094 280 2187 ἀγκίστρῳ
294 2098 447 2183 κεχηνώς,
471 2095 632 2183 ὀσφρᾶται
649 2105 710 2164 τοῦ
726 2105 881 2184 χρυσίου,
896 2103 1037 2182 πλησίον
1050 2096 1114 2183 ἤδη

118 2197 222 2262 ἐστίν·
246 2200 407 2277 ἔψαυσεν,
427 2204 592 2280 εἴληπται,
609 2193 863 2281 ἀνασπάσωμεν.

199 2299 323 2360 ΠΑΡΡ.
341 2294 407 2360 Καὶ
418 2292 471 2375 σύ,
488 2284 662 2377 οόἝλεγχε,
678 2298 743 2359 νῦν
755 2295 976 2378 ξυνεπιλαβού
987 2297 1043 2375 τῆς
1055 2287 1115 2374 ὁρ-

117 2398 210 2477 μιᾶς·
226 2389 296 2457 ἀνω
308 2393 384 2458 ἐστί.
400 2388 476 2476 φέρ’
488 2395 547 2459 tom
558 2397 607 2469 τίς
618 2390 656 2476 εί,
667 2384 694 2459 ιό
705 2395 851 2479 βέλτιστε
862 2390 1007 2476 ίχθύωνς
1022 2389 1115 2457 κύων

117 2482 214 2567 οὗτός
227 2516 274 2576 γε.
291 2487 463 2575 Ἡράκλεις
477 2498 546 2557 των
561 2488 718 2559 ὀδόντων.
741 2495 775 2557 τί
786 2496 901 2573 τοῦτο,
917 2483 1113 2575 ἀγενναιό-
1132 2503 1183 2559 616

116 2613 207 2665 τατε;
236 2596 367 2673 εἴληψαι
383 2588 546 2674 λιχνεύων
565 2589 641 2672 περὶ
657 2585 715 2666 τάς
737 2590 872 2672 πέτρας,
897 2593 982 2655 ἔνθα
1003 2588 1116 2674 λήσειν

116 2683 255 2771 ἤλπισας
269 2684 498 2766 ὑποδεδυκύςς
522 2685 606 2755 ἀλλά
621 2693 687 2753 νῦν
702 2691 760 2774 ἔση
776 2683 920 2770 φανερὸς
937 2684 1062 2755 ἅπασιν
1079 2690 1115 2754 έκ

116 2790 183 2851 τῶν
197 2790 363 2869 βραγχίων
377 2782 614 2906 ἀπηρτημένος.
644 2782 852 2871 ἐξέλωμεν
818 2810 855 2853 το
877 2789 990 2871 δέλεαρ
1006 2784 1110 2854 καί
1076 2814 1114 2853 το

116 2902 295 2967 αγκιστρου
304 2890 406 2951 τουτί
428 2911 529 2953 κενου
540 2904 593 2952 σοι
602 2911 640 2951 το
653 2882 846 2969 ἄγκιστρον·
867 2881 938 2973 ηδ’
949 2883 1041 2971 ίσχας
1051 2883 1114 2972 ηδη

115 2984 332 3066 προσέσχηται
346 2979 448 3050 καὶ
414 3008 450 3049 το
468 2990 567 3102 χρυσί
565 3008 605 3049 ον
620 2986 658 3050 έν
670 3009 710 3070 τη
696 2989 841 3071 κοιλίᾳ.

198 3085 317 3147 ΛΙΟΓ,
341 3076 402 3145 Μά
420 3079 478 3147 Δί’
501 3077 745 3165 ἐξεμεσάτω,
724 3107 767 3159 ως
784 3078 823 3166 δη
846 3083 900 3149 καὶ
923 3078 976 3148 ἐπ’
992 3080 1114 3160 ἀλλους

115 3178 330 3264 δελεάσωμεν.

197 3282 320 3345 ΠΑΡΡ.
347 3270 397 3348 Εύ
413 3282 491 3363 ἔχει·
513 3284 546 3345 τί
556 3278 638 3363 φής,
655 3270 864 3364 ἀΔιύγενεςς
885 3276 1115 3348 οἷσθατοῦτοσ

115 3367 204 3451 ὅστις
218 3376 321 3461 ἐστίν,
336 3369 358 3461 ἢ
373 3375 532 3461 προσήκει
551 3383 606 3443 σοί
616 3401 648 3443 τι
662 3371 763 3463 ἀνήρς
