2550 3825
148 193 213 255 234
501 196 806 254 ΛΟΤΚΙΑΝΟΤ

233 360 353 423 ΔΙΟΓ.
383 360 526 440 Πρώτου
542 354 604 440 μὲν
623 352 826 440 παραλαβών
849 371 887 418 σε
908 353 962 418 καλ
983 349 1152 425 ἀποδύσας

149 449 212 538 τήν
226 450 360 538 τρυφήν
372 453 427 520 καὶ
442 448 564 540 ἀπορία
575 456 852 536 συγκατακλείσας
866 447 1045 534 τριβώνιον
1059 470 1156 531 περι-

151 557 258 637 βαλώ,
283 547 363 636 μετά
378 551 414 617 δέ
433 563 550 616 πονεῖν
565 550 620 615 καὶ
641 548 781 633 κάμνειν
798 546 1038 631 καταναγκάσω
1056 545 1155 629 χαμαὶ

150 651 361 716 καθεύδοντα
381 650 437 714 καὶ
450 645 543 731 ὕδωρ
559 655 699 715 πίνοντα
720 648 775 713 καὶ
789 637 837 712 ών
858 651 950 729 ἔτυχε
967 642 1156 729 πιμπλάμε-

151 772 230 833 νον,
258 744 298 813 τά
316 750 352 813 δὲ
374 746 538 831 χρήματα,
562 741 606 830 ήν
621 750 708 833 ἔχης,
737 747 807 830 ἐμοὶ
828 742 1028 829 πειθόμενος
1048 744 1080 818 ἐς
1093 737 1156 825 τήν

151 844 323 913 θάλατταν
338 846 452 929 φέρων
467 845 634 930 ἐμβαλεῖς,
649 844 759 930 γάμον
777 843 813 909 δὲ
823 840 997 929 ἀμελήσεις
1009 844 1063 907 καὶ
1077 846 1157 907 παί-

153 950 223 1011 δων
237 945 291 1010 καλ
312 945 484 1026 πατρίδος,
505 942 560 1008 καὶ
575 942 683 1008 πάντα
701 961 754 1009 σοι
774 949 874 1027 λῆρος
891 947 997 1024 ἔσται,
1024 942 1079 1007 καὶ
1095 937 1156 1023 τήν

153 1041 311 1130 πατρῴαν
326 1046 434 1107 οἰκίαν
455 1036 629 1107 ἀπολιπών
648 1038 794 1126 ήτάφον
815 1035 994 1125 οίκήσειςή
1011 1044 1156 1123 πυργίον

153 1146 278 1225 έρημον
292 1134 314 1223 ή
334 1140 388 1206 καὶ
401 1147 521 1205 πίθον·
549 1135 569 1225 ἡ
583 1140 673 1227 πήρα
687 1143 727 1206 δέ
739 1160 792 1206 σοι
806 1141 944 1224 θέρμων
958 1144 1040 1205 ἔστω
1054 1133 1155 1223 μεστή

154 1238 209 1303 καὶ
224 1233 488 1320 ὀπισθογράφων
504 1242 660 1321 βιβλίων,
675 1239 729 1304 καὶ
741 1234 847 1312 οὕτως
862 1240 947 1320 έχων
962 1232 1158 1319 εὐδαιμονέ-

154 1354 269 1417 στερος
282 1331 367 1400 εἶναι
383 1335 499 1419 φήσεις
511 1341 572 1401 τοῦ
586 1334 734 1420 μεγάλου
750 1336 918 1418 βασιλέως.
946 1328 990 1417 ἢν
1004 1344 1161 1417 μαστιγοῖ

155 1436 194 1499 δέ
204 1458 253 1510 τις
268 1426 290 1517 ἢ
305 1440 472 1518 στρεβλοῖ,
489 1434 619 1500 τούτων
634 1429 734 1500 οὐδὲν
750 1427 891 1515 ἀνιαρὸν
907 1427 1023 1518 ήγήση.
1075 1510 1079 1515 ¹

238 1537 338 1598 ΑΓΘ.
360 1537 438 1609 Πῶς
451 1538 549 1598 τοῦτο
563 1528 629 1617 φής
639 1527 674 1597 τδ
691 1527 734 1616 μή
747 1528 861 1613 ἀλγεῖν
871 1528 1154 1614 μαστιγούμενον;

156 1628 197 1696 οὐ
214 1627 278 1715 γάρ
293 1628 438 1713 χελώνης
453 1625 475 1714 ή
491 1632 644 1717 καράβου
661 1631 764 1715 δέρμα
782 1631 1027 1713 περιβέβλημαι.

238 1733 358 1797 ΔΙΟΓ.
384 1725 429 1793 Τδ
444 1725 660 1811 Εὐριπίδειον
677 1730 782 1794 έκεῖνο
799 1727 951 1812 ζηλώσεις
965 1725 1086 1811 μικρὸν
1101 1728 1157 1792 ἐν·

156 1826 306 1904 αλλάξας.

238 1931 339 1992 ΑΓΟ.
366 1922 410 1990 Τὸ
428 1938 541 2004 ποῖον;

239 2026 359 2089 Amr.
385 2017 430 2086 ‘H
450 2021 541 2106 φρήν
559 2042 613 2089 σοι
631 2019 783 2107 ἀλγήσει,
811 2019 832 2107 ἡ
854 2022 890 2088 δὲ
911 2027 1044 2108 γλῶσσα
1066 2026 1154 2088 ἔσται

156 2116 348 2203 ἀνάλγητος.
370 2124 420 2185 10.
438 2115 508 2186 ἀδὲ
519 2120 660 2205 μάλιστα
675 2125 727 2188 δεῖ
738 2136 926 2205 προσεῖναι,
941 2118 1035 2188 ταῦτ’
1050 2123 1154 2187 ἐστίν·

87 2239 139 2290 550
156 2215 273 2304 ίταμόν
286 2213 347 2302 χρή
366 2214 450 2283 εἶναι
470 2218 526 2283 καὶ
540 2216 675 2300 θρασάν
690 2223 743 2286 καὶ
764 2225 988 2304 λοιδορεῖσθαι
1005 2227 1107 2286 πᾶσιν
1124 2221 1156 2297 ἐξ

156 2324 229 2400 ῖσης
242 2317 297 2382 καὶ
311 2321 482 2400 βασιλεῦσι
496 2317 551 2382 καὶ
565 2315 725 2395 ἰδιώταις·
747 2317 852 2396 οὕτως
866 2314 931 2404 γάρ
945 2315 1156 2404 ἀποβλέψον-

155 2420 210 2481 ταί
227 2434 264 2480 σε
284 2417 339 2481 καὶ
353 2412 509 2497 ἀνδρεῖον
523 2412 758 2500 ὑπολήψονται.
785 2417 953 2502 βάρβαρος
968 2416 1004 2483 δὲ
1020 2413 1040 2500 ή
1058 2413 1155 2501 φωνὴ

156 2519 238 2579 ἔστω
258 2515 312 2579 καὶ
332 2510 453 2599 ἀπηχὲς
473 2511 510 2580 τὸ
534 2517 670 2599 φθέγμα
691 2515 745 2581 καὶ
767 2511 908 2599 ἀτεχυώς
928 2513 1046 2599 ὅμοιον
1068 2523 1155 2598 κυνί,

155 2616 210 2678 καὶ
224 2612 404 2695 πρόσωπον
419 2613 455 2678 δὲ
466 2614 681 2697 ἐντεταμένον
695 2615 750 2680 καὶ
760 2613 904 2699 βάδισμα
918 2613 1058 2702 τοιούτῳ
1071 2637 1156 2696 προ-

157 2711 257 2799 σώπῳ
273 2713 417 2795 πρέπον,
441 2711 496 2776 καὶ
515 2707 599 2787 ὅλως
617 2710 770 2794 θηριώδη
790 2707 830 2777 τά
845 2710 954 2777 πάντα
973 2713 1029 2779 καὶ
1046 2710 1154 2798 ἀγρια.

156 2805 257 2885 αἰδώς
267 2810 303 2874 δὲ
316 2807 371 2873 καὶ
382 2808 538 2873 ἐπιείκεια
549 2809 604 2874 καὶ
614 2806 784 2892 μετριότης
796 2805 943 2893 ἀπέστω,
960 2811 1015 2876 καὶ
1029 2807 1066 2875 τὸ
1079 2813 1157 2893 ε’ρυ-

155 2911 261 2990 θριᾶν
284 2900 447 2982 ἀπόξεσον
462 2911 523 2970 τοῦ
545 2905 727 2989 προσώπου
742 2913 918 2984 παντελῶς.
942 2911 1040 2973 δι’ωκε
1062 2908 1097 2974 δὲ
1117 2903 1157 2972 τά

157 3001 488 3083 πολυανθρωπότατα
509 3009 577 3068 τῶν
592 3010 741 3089 χωρίων,
768 3007 822 3070 καὶ
840 3006 877 3070 έν
897 3002 1008 3083 αὐτοῖς
1026 3005 1158 3081 τούτοις

157 3097 260 3185 μόνος
276 3100 331 3165 καὶ
349 3094 572 3182 ἀκοινώνητος
590 3099 674 3167 εἶναι
694 3104 773 3168 θέλε
792 3098 836 3188 μή
858 3110 973 3187 φίλον,
1001 3099 1045 3188 μή
1062 3104 1158 3181 ξένον

157 3199 387 3281 προσιέμενος·
409 3198 587 3276 κατάλυσις
604 3197 670 3283 γὰρ
686 3197 725 3266 τά
747 3207 882 3268 τοιαῦτα
905 3206 962 3286 τής
982 3197 1090 3287 ἀρχῆς,
1122 3202 1158 3266 έν

158 3293 233 3374 ὄφει
251 3295 287 3362 δὲ
301 3295 454 3378 πάντων,
479 3291 501 3360 ἀ
515 3293 594 3381 μηδ’
610 3302 677 3385 ἰδία
691 3299 859 3385 ποιήσειεν
873 3297 916 3366 ἀν
930 3326 995 3384 τις,
1018 3307 1156 3385 θαρρών

160 3399 261 3473 ποίει,
276 3394 331 3458 καὶ
345 3399 412 3458 τών
426 3390 632 3477 ἀφροδισίων
647 3400 745 3480 αἱροῦ
760 3393 799 3462 τά
816 3397 1020 3484 γελοιότερα,
1037 3397 1091 3464 καὶ
1105 3400 1159 3464 τέ-
