2550 3825
436 212 565 272 ΒΙΩΝ
584 214 776 271 ΠΡΑΣίΣ.
1045 206 1106 271 233

111 410 116 417 ·
190 378 289 441 ΑΓΘ.
315 379 357 439 Τί
364 369 400 453 ,δ’
415 369 459 438 ίίν
473 397 522 449 τις
537 369 628 460 αύτῷ
646 370 801 457 χρήσαιτο
816 374 965 455 ῥυπῶντι
977 372 1031 437 καὶ
1046 368 1108 435 ού-

106 495 171 548 τως
184 470 434 555 κακοδαιμόνως
447 472 660 560 διακειμένοις
681 470 769 556 πλὴν
784 475 814 538 εί
825 467 869 555 μὴ
886 470 1056 537 σκαπανέα
1070 491 1109 552 γε

104 569 161 634 καί
175 565 371 655 ὑδροφόρον
386 565 490 635 αὐτόν
507 565 728 635 ἀποδεικτέον.
1127 572 1177 628 548

190 672 294 734 EPM.
318 662 371 732 Θύ
382 664 504 751 μόνον,
520 662 604 732 ἀλλὰ
619 668 674 733 καί
684 660 728 751 ἦν
740 662 903 747 θυρωρόν
918 659 1022 731 αὐτόν
1038 665 1110 729 έπι-

106 763 244 849 στήσης,
261 759 348 831 πολύ
359 765 540 852 πιστοτέρῳ
549 763 654 850 χρήσῃ
665 770 733 830 τῶν
747 770 870 831 κυνῶν.
892 759 1005 847 ἀμέλει
1015 759 1108 839 κύων

106 859 268 951 αὐτῷκαὶ
281 860 439 947 τούυομα.

194 965 291 1027 ΑΓΘ.
313 956 471 1036 Ποδαπός
488 960 527 1025 δέ
538 960 605 1025 έστι
619 960 674 1025 καὶ
684 964 758 1025 τίνα
775 957 837 1043 τὴν
853 954 993 1042 ἄσκησιν
1008 957 1110 1039 ἐπαγ-

105 1058 271 1142 μέλλεταις

190 1163 294 1224 ΕΡΜ.
318 1152 432 1223 Αύτόν
446 1157 541 1240 έρού·
564 1152 702 1222 κύλλιον
717 1152 781 1239 γὰρ
797 1150 885 1219 οὕτω
899 1166 1016 1219 ποιεῖν.

190 1260 290 1321 ΑΓΘ.
300 1257 406 1321 Δέδια
415 1250 452 1319 τό
462 1250 670 1334 σκυθρωπόν
678 1250 846 1319 αὐτοῦκαὶ
854 1252 1006 1335 κατηφές,
1014 1249 1060 1335 μή
1069 1274 1110 1333 με

107 1346 283 1439 ὑλακτήσῃ·
291 1350 524 1436 προσελθόντα
537 1347 560 1435 ἢ
574 1352 628 1417 καί
642 1348 683 1435 νὴ
698 1358 765 1418 Δία
782 1348 868 1435 δόκη
883 1374 930 1433 γε.
954 1345 1015 1433 ούχ
1029 1344 1110 1434 ὁρᾷς

108 1443 151 1524 ὡς
169 1450 299 1533 διῆρται
316 1446 353 1515 τό
365 1449 468 1527 ξύλον
482 1450 537 1515 καὶ
550 1451 738 1515 συνέσπακε
751 1445 810 1525 τὰς
826 1444 934 1532 ὀφρῦς
947 1446 1000 1513 καί
1014 1442 1110 1511 όπει-
1227 1462 1229 1467 ’

107 1544 244 1629 λητικόν
259 1571 291 1612 τι
308 1547 363 1630 καὶ
380 1548 523 1631 χολῶδες
535 1542 733 1630 ὑποβλέπεις

191 1647 294 1708 ΕΡΜ.
318 1638 379 1727 Μὴ
396 1643 522 1708 δέδιθι·
541 1640 681 1719 τιθασὸς
696 1641 761 1726 γάρ
776 1644 852 1708 ἐστι.

192 1743 222 1806 8.
244 1745 341 1807 ΑΓΘ.
369 1736 414 1806 Τό
431 1746 581 1824 πρῶτον,
599 1733 626 1806 ό
641 1743 802 1825 βέλτιστε,
819 1735 968 1815 ποδαπός
985 1735 1029 1816 εἷς

192 1842 440 1904 ΔΙΟΓΕΝΗΣ.
460 1838 687 1916 Παντοδαπός.

193 1940 292 2001 ΑΓΘ.
315 1942 393 2012 Πῶς
410 1938 530 2019 λέγειςς

191 2036 311 2098 ΔΙΟΓ.
338 2038 407 2097 Τοῦ
422 2032 550 2117 κόσμου
565 2037 704 2117 πολίτην
717 2029 806 2121 δρᾷς.

192 2134 292 2195 ΑΓΘ.
313 2136 433 2212 Ζηλοῑς
449 2129 486 2194 δὲ
502 2134 594 2208 τίνας

193 2233 248 2294 ΔΙ
247 2231 313 2293 ΘΓ.
339 2223 408 2293 Τόν
418 2223 587 2310 Ἡρακλέα.

193 2328 290 2390 ΑΙὈ.
318 2328 360 2389 Τί
370 2316 434 2389 ούν
448 2321 522 2409 οὐχὶ
533 2323 587 2390 καὶ
604 2330 744 2408 λεοντῆν
755 2321 898 2409 ἀμπέχης
919 2321 955 2389 τό
972 2319 1111 2409 μὲνγὰρ

108 2421 211 2501 ξύλον
225 2427 333 2501 ἔοικας
350 2419 450 2512 αὐτῷ.

191 2525 312 2588 ΔΙΟΓ.
339 2527 443 2586 Τουτί
450 2544 507 2606 μοι
517 2526 636 2604 λεοντῆ
642 2569 652 2603 ,
667 2516 705 2585 τό
720 2517 909 2605 τριβώνιον.
932 2517 1112 2602 στρατεύο-

107 2643 167 2702 μαι
178 2619 215 2684 δὲ
227 2613 338 2703 ὥσπερ
350 2619 475 2695 ἐκεῖνος
486 2618 538 2684 έπί
548 2614 608 2694 τὰς
617 2614 759 2702 ἡδονάς,
775 2612 817 2682 ού
827 2615 1017 2700 κελευστός,
1035 2611 1109 2682 ἀλλ’

108 2713 275 2799 ἑκούσιος,
289 2717 475 2801 ἐκκαθᾶραι
489 2711 550 2780 τόν
564 2719 641 2800 βίον
655 2711 929 2801 προαιρούμενος.

192 2821 291 2882 ΑΓΘ.
314 2807 365 2882 Εὖ
379 2840 418 2899 γε
432 2821 488 2900 τῆς
508 2816 742 2900 προαιρέσεως.
764 2809 846 2879 ἄλλό
864 2818 897 2879 τί
909 2811 1049 2898 μάλιστα
1065 2816 1112 2878 εί·

108 2915 202 2979 δέναι
219 2931 256 2978 σε
275 2919 409 2996 φῶμεν;
431 2909 453 2996 ἢ
467 2919 541 2980 τίνα
557 2911 619 2997 την
633 2913 755 2995 τέχνην
768 2915 866 2994 ίηειςς

191 3015 311 3078 ΔΙΟΓ.
326 3008 568 3095 Ἐλευθεροιτης
579 3015 642 3093 είμι
654 3014 723 3074 τῶν
733 3004 925 3092 ἀνθρώπων
936 3009 991 3075 καὶ
1001 3005 1112 3091 ίατρός

106 3114 174 3174 τῶν
193 3114 331 3175 παθῶν·
363 3105 400 3174 τό
416 3105 447 3173 δ’
472 3106 553 3174 όλον
574 3105 733 3192 ἀληθείας
754 3106 809 3173 καί
825 3109 1009 3191 παρρησίας
1026 3128 1110 3188 προ-
1129 3111 1179 3166 549

106 3205 213 3290 φητης
230 3202 314 3272 εἶναι
330 3204 503 3293 βούλομαι.

190 3307 221 3368 9.
244 3308 344 3370 ΑΓΘ.
357 3301 453 3386 Ἄγε,
470 3294 497 3368 ύ
511 3308 682 3386 προφῆτα,
698 3295 741 3385 ἢν
757 3299 793 3367 δὲ
808 3303 956 3384 πρίωμαί
967 3318 1019 3382 σε,
1038 3318 1111 3364 τινα

106 3429 147 3485 με
163 3403 225 3470 τὸν
239 3403 365 3487 τρόπον
382 3402 586 3484 διασκήσειςς
