2550 3825
380 321 383 326 Ι
473 246 708 297 PRAEFATIO.
771 244 777 257 ⁶
1111 260 1126 291 τ

71 374 173 446 δότριψ,
191 383 261 448 quod
276 383 342 435 male
359 386 476 449 probavit
494 383 580 435 Cobet.
617 400 640 433 e.
657 371 690 435 15
713 398 758 448 pro
783 377 887 447 θόραις
904 384 950 434 elii
967 384 1018 435 alia
1036 398 1129 451 propo·

71 463 177 503 suerunt:
201 448 316 518 θήκαις,
334 451 441 522 θίβαις,
458 445 570 514 θόλαξι,
588 451 757 516 θησαυροῖς.
772 453 895 504 facillime
909 456 1048 503 mutatione
1066 455 1129 503 reri-

71 521 120 570 brs:
137 514 201 579 τοός
218 536 247 573 τε
265 510 303 571 αῦ
320 516 516 572 κατάκλειστον
530 516 634 586 θάραις
651 514 682 571 ἐν
698 514 787 587 σκότῳ
805 523 869 585 φυλ.
908 540 929 573 c.
946 521 978 573 18
992 515 1128 586 άφαιροό-

70 588 150 657 μενοι]
163 584 371 657 ἀφαιρούμενος
385 593 461 642 Dind.
498 608 519 647 ο,
539 592 572 643 19
587 582 774 657 ἒμφράξηται]
797 582 965 656 ἐμφράξεται
982 593 1018 645 id.
1054 608 1076 643 σ.
1095 592 1129 641 211

71 649 114 721 ἔγά
129 654 159 725 γε’
176 675 221 711 τοι
238 663 328 728 εωίμεὶ
343 677 389 728 pro
407 652 458 725 ἐγὼ
476 656 506 710 δέ
519 673 563 710 τοι
598 678 619 711 ο.
641 663 674 711 22
691 657 864 728 Μεγάβυζος]
878 653 1041 743 Μεγάβαζος
1051 661 1127 711 Dind.

69 744 87 781 r.
104 730 136 781 23
153 720 242 788 άλλως
259 732 342 797 recepi
360 745 407 795 pro
427 720 507 786 ἄλλος
542 746 564 779 ο.
577 731 611 780 24
622 722 824 796 διαγινώσκεις]
834 728 1127 794 διαγιγνωσκειςῦὶοδ.

70 798 122 852 ibid.
136 791 202 865 παρ’
219 792 303 849 αὑτὸν
321 816 378 849 cum
397 800 455 849 eod.
477 814 523 865 pro
547 790 614 862 παρ’
635 789 721 848 αότδν
756 816 777 851 ο.
799 804 834 851 25
851 801 935 865 recepi
953 797 1066 864 γίνομαι
1082 814 1128 864 pro

69 864 190 933 γίγνομαι
224 887 245 920 ο.
256 869 290 920 26
298 858 387 925 οὕτως
405 866 467 934 σου]
483 858 554 917 οῦτοι
571 881 620 917 σου
635 869 710 919 Dind.
748 886 769 919 ο.
780 871 813 919 27
826 864 1041 933 κατεγίνωσκον]
1052 881 1129 916 κατε-

68 938 215 998 γίγνωσκον
238 940 274 990 id.
309 956 330 989 ο.
350 938 384 989 28
401 928 480 986 αότολ
498 939 582 1003 recepi
604 953 650 1004 pro
669 929 736 987 αῦτό
778 940 841 991 ibid.
861 936 1064 1003 μεγαλοψυχία]
1083 950 1128 999 με·

69 1005 198 1073 γαλαυχία
213 1008 290 1058 Dind.
327 1023 349 1056 ο.
360 1006 489 1072 29reeepi
505 1002 553 1057 καλ
569 997 670 1066 decep„
688 993 713 1057 οἷ
728 1006 835 1057 Πλοῦτε
849 1024 896 1074 pro
914 994 936 1057 ό
954 1004 1068 1064 Πλοῦτε,
1081 1000 1130 1054 κοιλ

69 1066 152 1131 σ’λισθ,
187 1094 210 1128 ο.
229 1078 263 1130 30
277 1067 348 1139 πρὸς
364 1068 435 1141 ὑμᾶς
450 1092 506 1126 rece
526 1078 597 1142 ipro
613 1066 680 1140 παρ’
691 1069 763 1158 ὑμᾶς
798 1078 857 1128 ibici
877 1070 982 1145 α’κσάσῃ
1003 1067 1069 1138 ἐμοῦ
1083 1090 1129 1141 pro

31 1158 33 1165 ’
68 1135 127 1207 ἐμοῦ
144 1138 249 1213 άκοόσῃ
283 1162 305 1196 ο.
325 1144 358 1196 32
377 1142 425 1196 ἵνα
442 1160 488 1210 pro
507 1092 545 1195 δυ’
579 1162 601 1200 ο.
621 1146 656 1198 34
672 1146 746 1210 μαλα
761 1148 834 1197 uncis
850 1147 952 1198 inclusi.
988 1146 1048 1196 ibid.
1070 1146 1129 1200 τοῖς

69 1207 170 1283 βάλοις]
186 1218 250 1273 ταῖς
263 1205 361 1284 βάλοις
382 1213 456 1264 Dind.
495 1230 517 1265 ο.
537 1214 570 1266 37
589 1207 844 1281 δικαιολογήσωμαι
864 1218 900 1269 iti.
937 1232 959 1267 ο.
985 1215 1018 1267 38
1045 1206 1130 1296 ἐχρῆν

68 1276 112 1345 μὲν
129 1301 188 1335 cum
207 1286 294 1336 eodem
312 1300 358 1350 pro
378 1276 462 1349 ἐχρῆν
484 1280 587 1347 μέντοι.
614 1286 681 1335 coni.
703 1285 750 1334 Pro
773 1286 851 1351 imag.
872 1285 911 1336 16,
949 1301 970 1334 ο.
990 1283 1024 1335 38
1042 1296 1130 1339 ουτως

69 1350 215 1420 δυσμενῶς]
233 1343 305 1403 οῦτω
318 1351 400 1417 δυσμ.
413 1353 489 1406 Dind.
527 1369 549 1403 ο.
562 1353 595 1405 39
609 1347 727 1419 ὁπόταν]
743 1346 826 1403 ὁπότε
840 1356 875 1404 id.
910 1371 934 1405 ο.
948 1345 1128 1418 4οπάρασχε]

70 1415 202 1488 παράσχες
219 1426 253 1473 id.
290 1439 312 1473 σ.
329 1424 362 1473 41
380 1418 427 1472 καλ
445 1414 495 1489 μ’]
514 1415 552 1486 με]
572 1418 672 1480 nai-id,
708 1439 729 1473 ο.
753 1423 787 1473 43
811 1413 936 1489 ἐκσείων]
959 1413 1024 1478 ίκολς
1038 1410 1078 1470 ὢν
1093 1422 1127 1471 id„

68 1492 121 1543 ibid.
138 1494 232 1558 scripsi
248 1486 295 1541 καλ
310 1484 383 1561 αὐτῷ
400 1508 447 1557 pro
461 1436 482 1555 ό
498 1482 578 1560 αῦτῷ.
608 1492 684 1542 Dind.
699 1487 747 1541 καλ
764 1482 852 1561 ἕαυτῷ
884 1509 907 1545 ο.
926 1494 961 1543 44
976 1481 1125 1555 Ἐχεκρατί-

70 1556 114 1624 δης
130 1552 296 1628 Κολυττεὺς]
310 1552 504 1679 Έμεκρατίδου
519 1552 672 1618 Κολλυτεὺς
685 1560 762 1612 Dind.
799 1579 822 1611 ο.
840 1562 874 1614 46
891 1552 942 1626 ἒγιδ
962 1554 1054 1625 ἔλεγον
1072 1576 1127 1611 eum

70 1632 118 1679 eod.
136 1632 255 1681 revocavi
268 1646 314 1695 pro
346 1624 383 1694 γά
401 1622 488 1694 ’λεγον
520 1630 581 1683 ibid.
598 1625 646 1694 Νὴ
664 1632 736 1680 uncis
750 1631 849 1682 inclusi.
867 1627 947 1696 Νηδλ
963 1632 1039 1681 Dind.
1067 1631 1126 1680 ibid.

68 1688 263 1767 ἔτιβραδόνγς]
283 1690 586 1766 ,,1οςοέτιβραδόνῃς“
605 1698 684 1749 Cobet
698 1702 730 1751 de
750 1709 803 1750 erte
819 1702 922 1766 interpr.
938 1716 964 1766 p.
986 1702 1042 1750 124.
1062 1700 1129 1749 idere

68 1782 246 1834 proposueram
260 1784 307 1834 ego
327 1784 428 1832 quoque
445 1768 471 1817 in
490 1768 550 1817 edit.
569 1768 713 1818 scholarum
729 1772 755 1818 in
772 1785 846 1819 usum
862 1779 948 1820 curate
969 1785 996 1835 p.
1015 1768 1074 1825 69.;
1104 1779 1129 1816 ει

69 1837 111 1887 iem
128 1853 232 1904 respuo.
267 1838 328 1891 ibid.
350 1838 433 1902 recepi
451 1829 691 1901 προσκεκλήσομαι
711 1854 759 1904 pre
781 1831 972 1905 προσκεκλήσμ
989 1852 1022 1900 με
1056 1853 1077 1887 ο.
1096 1839 1129 1885 47

69 1902 109 1956 καλ
126 1904 306 1974 προσῆλθον]
325 1908 381 1958 fort.
406 1900 455 1956 καλ
472 1897 524 1971 γάρ
544 1905 709 1972 προσῆλθον
744 1925 766 1959 ο.
791 1908 825 1960 49
848 1910 946 1959 restitui
973 1896 1061 1964 οῦτως
1084 1921 1130 1972 pro

68 1962 141 2034 οῦτος
176 1993 198 2028 ο.
214 1976 249 2028 49
267 1969 412 2042 γινόμενον
429 1992 475 2042 pro
490 1969 655 2042 γιγνόμενον
690 1994 711 2027 ο.
734 1978 769 2029 50
795 1977 892 2043 Τίμων
909 1970 1130 2042 δἘχεκρατίδοσ

68 2037 226 2113 Κολυττεὺς]
252 2043 348 2110 Τίμων
366 2038 560 2108 Ἐχεκρατίδου
579 2038 732 2102 Κολλυτεὺς
756 2048 832 2100 Dind.
867 2049 928 2098 ibid.
951 2040 1022 2110 πρὸς
1041 2037 1130 2110 Ἅγαρ

68 2117 123 2172 ναῖς
141 2132 201 2166 enm
220 2116 277 2166 eod.
296 2130 342 2180 pro
357 2109 429 2176 πρὸς
444 2107 585 2179 Ἀχαρνέας
620 2133 642 2166 ο.
664 2116 695 2167 51
716 2108 845 2180 δεδόχθω
867 2133 924 2166 eum
945 2119 1002 2169 eod.
1022 2131 1069 2181 pro
1088 2108 1130 2162 δέ·

69 2181 158 2234 δοκται
195 2185 253 2235 ibid.
273 2200 330 2234 eum
350 2186 406 2236 eod.
423 2173 491 2234 ἑπτά
512 2195 570 2251 poet
587 2176 703 2241 σι’κτῖνας
726 2187 801 2250 posui
818 2193 843 2235 et
859 2186 940 2236 delevi
958 2193 1017 2250 post
1032 2175 1130 2245 στεφά-

69 2268 120 2312 νοις
153 2271 177 2308 σ.
196 2255 233 2306 54
250 2249 355 2310 ἴκτινος
372 2254 455 2319 τοοεμί
473 2268 518 2318 pro
535 2248 641 2310 ίκτίνος
676 2271 699 2309 ο.
711 2257 750 2306 455
767 2247 802 2303 λά
819 2253 857 2320 οι]
874 2247 943 2322 λάβῃ
958 2254 1035 2304 Dind.
1069 2253 1129 2302 ibid.

68 2321 192 2388 πονηρῶς
204 2323 290 2387 recepi
304 2337 350 2387 pro
369 2315 501 2386 πονήρως
536 2340 558 2376 e.
578 2323 611 2375 56
627 2317 757 2390 μάλιστα]
838 2336 889 2372 στα
901 2318 951 2387 μὲν
967 2321 1129 2372 Fritzsehiue.

68 2407 85 2443 ι.
101 2395 131 2444 57
157 2383 245 2459 αὐτῷ]
271 2389 362 2461 σαυτῷ
384 2391 459 2442 Dind.
496 2392 555 2442 ibid.
577 2386 733 2458 παράσχῃς]
757 2385 911 2457 παράσχοις
935 2393 971 2441 id.
1007 2391 1068 2442 ibid.
1087 2386 1116 2437 τί
1121 2405 1130 2444 ς

70 2475 120 2513 ente
139 2458 204 2524 μοῖν
224 2460 317 2510 delevit
333 2461 408 2510 idem.

126 2531 206 2581 Ποία.
228 2545 249 2578 ο.
271 2531 286 2578 2
303 2527 423 2596 νἐοττίρι]
443 2528 564 2597 νεοττείᾳ
584 2531 661 2584 Dind.
697 2531 757 2582 ibid.
776 2545 833 2579 oum
850 2529 907 2579 eod.
924 2530 1015 2579 reduxi
1032 2519 1130 2575 άλκυο-

69 2595 142 2656 νίδοις
159 2614 209 2666 pro
225 2589 369 2646 άλκυόνων
404 2614 426 2647 ο.
447 2595 527 2650 3καλ
547 2607 604 2664 post
622 2590 710 2663 ουχνδι
761 2615 778 2647 ν
798 2600 871 2648 eiecit
892 2598 966 2648 Dind.
1003 2597 1064 2650 ι’δίιί,
1083 2587 1132 2646 ἕά-

68 2667 160 2735 ριικας]
182 2659 301 2731 ἑόρακας
317 2668 353 2722 id.
389 2667 449 2718 ibid.
468 2662 516 2716 καλ
534 2660 689 2734 ἐνθυμηθ]
708 2683 761 2717 καν
778 2658 920 2732 ἔνθυμηθ.
939 2667 974 2718 id.
1001 2667 1062 2718 ibid.
1079 2659 1131 2729 γάρ

67 2751 97 2802 τῳ
114 2754 172 2789 eum
194 2737 252 2788 eod.
268 2751 315 2802 pro
332 2727 386 2800 γάρ
403 2749 447 2786 τοι
480 2753 502 2792 τ.
523 2739 538 2788 5
563 2726 663 2803 οὕτως]
682 2727 754 2786 οῦτω
773 2737 849 2789 Dind.
873 2755 908 2804 1ο.
932 2737 950 2790 8
972 2736 1131 2800 νομίσωμεν

68 2820 116 2856 eum
135 2807 196 2859 eod.
215 2820 261 2870 pro
278 2803 428 2884 νομίσομεμ
460 2821 482 2855 ο.
500 2807 516 2855 7
534 2800 761 2874 παραβάλλουσα]
778 2804 976 2875 παραλαβοῦσα
998 2806 1034 2855 id.
1072 2821 1096 2854 ο.
1114 2804 1131 2854 8

68 2874 130 2926 deest
143 2875 216 2940 apud
234 2876 310 2925 eund.
330 2889 381 2924 vox
397 2865 522 2938 υμνήσω.

126 2943 257 2994 Ρνοιπτάι.
272 2959 293 2998 s.
311 2943 418 2995 eaueae.
438 2959 461 2993 ο.
480 2945 497 2992 2
515 2935 546 2992 τὸ
564 2939 742 3008 κατελεήσατε
758 2945 831 2994 eiecit
847 2945 937 3000 Dind.;
956 2954 982 2993 at
1000 2943 1059 2992 vide
1068 2942 1131 2992 Bur-

68 3013 170 3064 meister.
190 3013 222 3063 de
240 3013 300 3062 1οοὶε
319 3013 437 3074 quibusd.
453 3012 516 3064 Luc.
535 3015 702 3076 φωνοῦσα]
739 3051 746 3062 .
763 3016 805 3064 42.
841 3013 901 3067 ibid.
921 3013 979 3064 dedi
995 3006 1043 3060 καλ
1061 3001 1131 3072 αῦτη

68 3093 104 3141 pro
120 3078 170 3131 καλ
194 3070 264 3145 ariri
281 3083 284 3090 '
300 3097 321 3134 ο.
343 3080 494 3132 3ιοκοοοκί
513 3097 569 3132 eum
586 3082 660 3133 Dind.
682 3028 808 3132 καδεαιο
825 3072 943 3146 μάλιστά
957 3094 987 3145 γε
1025 3095 1048 3129 ο.
1067 3082 1085 3130 4
1101 3072 1132 3143 ὴ-

68 3143 128 3208 δέως
146 3141 185 3200 διν
204 3145 252 3200 καλ
271 3166 327 3199 eum
346 3152 402 3201 eod.
425 3164 472 3214 pro
493 3141 537 3212 ἡδ.
557 3140 592 3200 ἄν
611 3164 655 3200 σοι
671 3146 718 3201 καλ
751 3151 811 3201 ἰδία.
841 3152 900 3202 dedi
926 3145 991 3214 ἔχον
1015 3145 1060 3212 εἴη
1086 3163 1132 3213 pro

67 3214 104 3281 είη
119 3213 189 3285 ἕχον
226 3235 249 3269 ο.
268 3221 285 3270 5
307 3210 360 3282 τὴν
381 3231 512 3283 κρεανομ.
536 3211 660 3304 καλιτδγν
683 3211 853 3280 άνθρωποπ.
873 3221 932 3271 dedi
948 3234 994 3337 μου
1014 3213 1062 3266 καλ
1079 3209 1133 3279 τὴν

67 3277 233 3354 άνθρωποπ.
252 3281 301 3336 καλ
319 3279 371 3351 τήν
386 3300 516 3352 κρεανομ.
551 3305 573 3344 ο.
595 3292 610 3340 7
628 3303 712 3339 ακουε
730 3283 760 3337 τδ
776 3291 874 3339 restitui
892 3304 937 3354 pro
967 3300 1070 3337 κσυσον
1084 3279 1131 3338 τὰς

70 3353 135 3410 Dind.
155 3373 259 3422 quoque
276 3347 359 3406 ἄκουε
386 3373 408 3407 ο.
426 3357 444 3408 8
462 3353 618 3426 ξυμποσίῳ]
635 3358 780 3425 συμποσίῳ
799 3358 874 3409 Dind.
906 3358 965 3407 ibid.
982 3354 1132 3405 διασιλλαί-

68 3437 118 3476 νειν
136 3443 198 3478 eum
218 3427 275 3480 eod.
291 3441 337 3491 pro
356 3422 540 3476 διασιλαίνειν
572 3444 593 3477 ο.
605 3429 622 3479 9
635 3420 840 3492 α’ναμεμῖχθαι]
854 3419 1130 3489 άναμεμίχθαιῡὶοδ.

39 3487 42 3516 ¹
67 3508 84 3540 ε.
103 3497 134 3546 10
151 3483 262 3558 ἣκατόι
279 3511 336 3545 eum
352 3496 408 3545 eod.
425 3510 471 3560 pro
488 3482 507 3560 ἢ
527 3489 663 3546 καὶκατὰ
699 3515 726 3556 c.v
740 3496 770 3546 11
788 3510 874 3549 vocem
891 3486 1061 3557 άνὲργαστον
1075 3502 1133 3556 porr
