2550 3825
204 158 264 226 148
438 131 440 136 ’
555 169 860 229 Λονπικαον

202 350 272 412 τες,
286 344 340 393 και
353 327 515 412 μακάριος
528 319 571 410 ἦν
586 324 698 394 αύτων
712 325 827 395 ὅντινα
844 323 888 394 άν
908 330 963 396 καὶ
976 327 1082 414 μόνον
1096 349 1196 408 προσ-

203 427 333 510 έβλευα.

287 530 386 588 ΣΙΜ.
411 530 499 591 Μῶν
515 527 569 590 καί
583 523 627 590 σύ
643 549 718 591 τινα
730 522 840 608 ὥσπερ
855 521 873 591 ὁ
890 522 993 591 Φάων
1006 521 1068 610 τὴν
1080 521 1198 608 Ἀφρο-

204 621 298 703 δίτην
315 622 351 687 ἐκ
365 628 450 688 Χίου
465 621 747 706 διεπόρθμευσας,
766 619 834 688 εἶτά
848 640 900 688 σοι
918 619 1084 711 εὐξαμένῳ
1100 625 1200 688 ἔδωκε

203 719 282 783 νέον
297 714 449 785 εἶναικαὶ
463 717 613 798 καλόνέξ
630 716 778 804 ὑπαρχῆς
794 721 848 786 καὶ
863 715 1072 803 άξιέραστονς

286 822 389 883 ΠΟΛ.
414 813 502 900 Οὔκ,
520 814 604 885 άλλά
618 823 768 896 τοιοῦτος
784 812 833 882 τόν
849 817 1073 902 περιπόθητος
1086 808 1138 901 ἦν.

288 920 388 980 ΣΙΜ.
410 920 595 1001 Αἰνίγματα
610 917 724 998 λέγεις.

288 1017 317 1078 3.
339 1019 442 1080 ΠΟΛ.
466 1014 530 1080 Καὶ
542 1011 608 1098 μὴν
620 1011 785 1098 πρόδηλός
796 1009 863 1097 γεὸ
877 1016 959 1097 ἔρως
973 1006 1085 1077 οὑτοσί
1098 1006 1201 1078 πολὺς

207 1106 255 1178 τόν
270 1108 288 1176 ὁ
307 1113 380 1193 περί
394 1108 472 1189 τούς
487 1109 646 1188 άτέκνους
660 1113 715 1177 καὶ
728 1117 908 1188 πλουσίους
922 1113 1087 1194 γέροντας.

289 1197 387 1276 ΣΙΜ.
411 1216 489 1276 Νῦν
506 1209 671 1294 μανθάνω
687 1229 750 1274 σου
767 1207 804 1274 τό
821 1208 957 1292 κάλλος,
981 1201 1008 1273 ά
1022 1208 1201 1292 θαυμάσιε,

205 1305 256 1374 ότι
271 1303 360 1390 παρά
376 1313 432 1393 τῆς
445 1314 568 1394 χρυσῆς
579 1305 771 1393 Ἀφροδίτης
787 1299 838 1393 ἦν.

288 1410 389 1471 ΠΟΛ.
418 1400 531 1491 Ἀτάρ,
556 1398 583 1472 ά
603 1406 748 1490 Σιμύλε,
773 1401 836 1472 ούκ
858 1401 953 1488 ὀλίγα
972 1410 1040 1470 τῶν
1055 1405 1201 1487 ἐραστῶν
1226 1398 1233 1410 ’

204 1499 413 1569 ἀπολέλαυκα
427 1505 604 1590 μονονουχὶ
618 1502 913 1588 προσκυνούμενος
929 1498 988 1568 ὑπ’
1001 1498 1128 1568 αὐτῶν·
1148 1503 1202 1567 καὶ

136 1611 186 1666 ⁸62
204 1600 420 1685 ἐθρυπτόμην
434 1601 470 1669 δέ
482 1599 640 1679 πολλάκις
652 1603 706 1666 καὶ
716 1597 890 1666 ἀπέκλειον
903 1595 1016 1666 αὐτῶν
1029 1624 1121 1675 τινας
1134 1599 1201 1665 ένί·

204 1722 274 1780 οτε,
291 1701 325 1763 οί
338 1701 373 1764 δὲ
384 1696 570 1783 ἡμιλλῶντο
585 1701 640 1765 καὶ
655 1696 819 1784 ἀλλήλους
832 1695 1097 1783 ὑπερεβάλλοντο
1111 1697 1148 1762 ἐν
1160 1703 1201 1783 τῇ

204 1795 279 1876 περὶ
293 1795 348 1879 ἐμὲ
363 1803 540 1885 φιλοτιμίᾳ.

287 1900 385 1961 ΣΙΜ.
412 1896 510 1974 Τέλος
526 1893 557 1963 δ’
577 1890 641 1964 ούν
657 1904 727 1975 πῶς
741 1896 930 1985 ἐβουλεύσω
946 1896 1020 1981 περὶ
1036 1903 1102 1963 των
1122 1922 1194 1981 κτη-

204 2016 337 2075 μάτων,

288 2096 390 2170 ΠΟΛ.
410 2088 459 2170 Ἐς
473 2090 509 2159 τό
527 2091 677 2179 φανερόν
686 2092 747 2180 μὲν
759 2094 899 2160 ἕκαστον
912 2087 1024 2158 αὐτῶν
1039 2091 1199 2176 κληρονό·

204 2211 268 2272 μον
283 2183 457 2256 άπολιπεῑν
473 2196 636 2276 ἔφασκον,
657 2188 674 2256 ὁ
696 2186 729 2257 δ’
747 2192 896 2257 ἐπίστευέ
908 2214 943 2255 τε
964 2182 1007 2255 άν
1028 2190 1082 2256 καί
1101 2196 1201 2255 κολα-

204 2284 443 2370 κευτικώτερον
457 2286 699 2372 παρεσκεύαζεν
714 2286 849 2373 ἑαυτόν,
873 2284 975 2363 άλλας
996 2288 1032 2353 δέ
1045 2282 1103 2363 τάς
1119 2282 1203 2371 άλη-

203 2391 276 2460 θεῖς
290 2383 453 2470 διαθήκας
473 2391 573 2471 ἔχων,
596 2387 723 2465 ἐκείνας
743 2387 918 2453 κατέλιπον
935 2383 1085 2468 οίμοόζειν
1098 2381 1203 2450 ἅπασι

204 2500 343 2564 φρασας.

286 2581 315 2643 4.
349 2586 449 2647 ΣΙΜ.
486 2587 566 2648 Τίνα
590 2582 626 2647 δὲ
647 2585 684 2649 αί
703 2589 885 2648 τελευταῖαι
910 2575 969 2645 τόν
994 2579 1203 2665 κληρονόμον

203 2680 317 2756 έσχον;
338 2666 360 2759 ἦ
377 2674 444 2742 πού
457 2704 531 2743 τινα
546 2685 612 2746 τῶν
627 2675 692 2745 άπό
707 2684 767 2745 τοῦ
781 2681 917 2763 γένουςς

286 2776 389 2838 ΠΟΛ.
414 2769 464 2839 Ού
481 2770 526 2859 μά
541 2782 623 2859 Δία,
638 2772 721 2842 άλλά
737 2775 905 2860 νεώνητόν
921 2800 995 2841 τινα
1010 2783 1077 2841 τῶν
1088 2800 1202 2860 μειρα-

204 2875 287 2935 κίων
300 2877 367 2937 τῶν
382 2868 513 2954 ὡραίων
527 2874 656 2959 Φρύγα.

288 2975 387 3035 ΣΙΜ.
403 2966 502 3057 Ἀμφὶ
515 2970 602 3039 πόσα
614 2979 687 3057 έτη,
703 2965 969 3055 άΠολύστρατε;

286 3070 389 3132 ΠΟΛ.
412 3064 541 3151 Σχεόόν
555 3065 640 3154 ἀμφὶ
652 3067 692 3135 τά
709 3078 821 3136 είκοσι.

287 3170 385 3230 ΣΙΜ.
399 3162 485 3249 Ἤδη
500 3168 666 3251 μανθάνω
680 3166 777 3234 άτινά
794 3189 846 3236 σοι
861 3172 984 3244 ἐκεῖνος
999 3170 1171 3251 έχαριζετο.

285 3266 388 3329 ΠΟΛ.
416 3260 511 3349 Πλὴν
525 3260 609 3330 άλλά
624 3260 710 3330 πολύ
730 3264 867 3330 ἐκείνων
889 3260 1064 3343 άξιάτερος
1080 3269 1198 3347 κληρο
1268 3329 1269 3336 ,

205 3370 335 3441 νομετν,
351 3363 382 3426 εί
394 3362 446 3426 καί
463 3360 630 3445 βάρβαρος
642 3351 686 3445 ἦν
700 3364 755 3427 καὶ
771 3358 926 3445 ὄλεθρος,
942 3357 983 3428 όν
994 3358 1056 3446 ἤδη
1068 3360 1123 3427 καὶ
1140 3374 1199 3427 αν
