2550 3825
456 208 712 267 ΝΙΓΡΙΝΟΣ.
1047 203 1111 266 ‘23'

86 367 298 455 ἐργάζονται,
321 372 386 435 τίνι
410 373 480 435 τάν
503 368 662 435 κολάκων
677 366 869 453 είκάσομεν;
895 365 957 435 οὐκ
984 368 1090 451 ἐμφο-

86 472 228 549 ροῦνται
252 467 315 551 μὲν
335 461 664 552 ἀπειροκαλώτερον,
685 466 913 551 μεθύσκονται
932 465 969 531 δὲ
983 488 1090 549 φανε-

88 564 253 648 ράτερον,
278 566 505 643 ἐξανίστανται
530 564 566 631 δέ
591 565 729 631 πάντων
751 563 904 649 ὕστατοι,
931 569 1032 630 πλείω
1053 564 1089 630 δὲ

88 660 273 747 ἀποφέρειν
288 668 357 729 τῶν
372 660 483 730 ἀλλων
500 660 668 743 ἀξιοῦσιν;
684 666 719 730 οί
732 665 768 730 δέ
785 660 987 747 ἀστειότεροι
1002 667 1087 727 πολ·
1106 672 1143 727 66

88 760 183 837 λάκις
203 757 316 826 αὐτῶν
332 760 387 827 καὶ
409 752 487 849 ᾆσαι
501 759 726 847 προήχθησαν.
760 762 816 828 καὶ
831 759 1010 845 ταῦταμὲν
1025 750 1090 825 οὖν

86 864 200 942 γελοῖα
214 853 341 943 ἡγείτο·
365 856 506 943 μάλιστα
521 859 558 925 δέ
574 861 736 945 ἐμέμνητο
751 865 821 925 τῶν
834 859 887 925 ἐπὶ
900 863 1012 948 μισθῷ
1031 882 1088 942 φι-

88 952 333 1039 λοσοφούντων
353 957 408 1023 καὶ
430 953 492 1041 τὴν
508 952 632 1041 ἀρετὴν
655 953 758 1025 άνιον
780 954 891 1040 άστερ
913 958 946 1037 ἐξ
966 954 1090 1041 ἀγορᾶς

87 1054 334 1133 προτιθέντων·
356 1052 555 1140 ἐργαστήρια
570 1060 656 1138 γοῦν
668 1053 777 1122 ἐκάλει
787 1057 842 1121 καλ
856 1062 1016 1138 καπηλεία
1031 1049 1090 1130 τὰς

4 1146 14 1165 ³
88 1152 219 1219 τούτων
234 1154 419 1241 διατριβάς·
442 1150 536 1239 ἠξίου
546 1152 610 1240 γάρ
626 1152 687 1222 τόν
701 1156 850 1222 πλούτου
864 1167 1090 1240 καταφρονεῖν

91 1249 271 1330 διδάξοντα
289 1258 424 1335 πρῶτον
438 1250 543 1319 αὑτόν
559 1257 715 1339 παρέχειν
735 1250 944 1338 ὑψηλότερον
958 1250 1089 1337 λημμά-

89 1374 169 1415 των.
214 1354 264 1416 26.
289 1346 401 1435 ἀμέλει
411 1353 466 1418 καὶ
476 1351 631 1436 πράττων
645 1358 750 1419 ταῦτα
762 1353 908 1436 διετέλει,
926 1349 967 1417 οό
981 1350 1089 1436 μόνον

86 1461 212 1533 προῖκα
222 1461 290 1526 τοῖς
305 1446 436 1529 ἀξιοῦσι
450 1453 708 1536 συνδιατρίβων,
721 1446 805 1517 ἀλλά
820 1450 876 1516 καὶ
890 1463 958 1527 τοῖς
973 1450 1090 1533 δεομέ-

87 1570 162 1623 νοις
171 1548 326 1631 ἐπαρκῶν
337 1551 392 1615 καλ
403 1549 511 1634 πάσης
521 1553 713 1629 περιουσίας
724 1554 956 1632 καταφρονῶν,
969 1545 1090 1613 τοσού-

85 1670 150 1712 του
165 1646 251 1713 δέων
265 1643 444 1731 ὀρέγεσθαι
455 1655 523 1714 τῶν
534 1644 635 1715 οὐδὲν
646 1646 894 1733 προσηκόντων,
913 1643 996 1711 ὥστε
1007 1646 1090 1730 μηδὲ

85 1750 159 1811 τιόν
173 1744 294 1810 ἑαυτοῦ
313 1750 548 1831 φθειρομένων
558 1754 728 1813 ποιεῖσθαι
739 1743 914 1829 πρόνοιαν,
932 1741 969 1822 ὅς
983 1746 1089 1828 γεκαὶ

86 1838 198 1928 ἀγρόν
218 1839 259 1908 οὐ
272 1843 388 1928 πόρρω
402 1848 460 1928 τῆς
477 1842 605 1921 πόλεως
621 1846 820 1930 κεκτημένος
839 1839 918 1911 οὐδὲ
934 1843 1088 1929 ἐπιβῆναι

85 1937 196 2007 αὐτοῦ
211 1947 345 2008 πολλῶν
359 1943 443 2008 ἐτιόν
458 1938 607 2027 ἠξίωσεν,
631 1937 705 2008 ἀλλ’
725 1938 805 2008 οὐδὲ
827 1939 889 2026 τὴν
903 1938 1009 2027 ἀρχὴν
1024 1938 1088 2006 αό-
1107 1951 1145 2006 66

84 2046 149 2105 τοῦ
163 2037 246 2104 εἶναι
260 2039 469 2124 διωμολόγει,
484 2035 572 2107 ταῦτ’
588 2037 678 2125 οἶμαι
689 2039 878 2125 διειληφώς,
896 2037 1089 2106 ὅτιτούτων

87 2136 270 2221 μὲνφύσει
291 2135 431 2215 οὐδενός
446 2139 546 2222 ἐσμεν
560 2137 689 2223 κύριοι,
710 2136 802 2226 νόμφ
825 2134 862 2203 δέ
882 2139 937 2203 καὶ
952 2140 1089 2223 διαδοχῇ

5 2225 8 2239 ’
86 2232 152 2320 τὴν
167 2241 284 2320 χρῆσιν
296 2232 409 2303 αὐτῶν
421 2242 467 2313 είς
478 2233 636 2319 ἀόριστον
648 2234 966 2322 παραλαμβάνοντες
976 2231 1089 2320 όλιγο-

86 2331 219 2418 χρόνιοι
242 2333 400 2400 δεσπόται
421 2334 641 2419 νομιζόμεθα,
670 2331 833 2401 κάπειδάν
856 2328 876 2417 ἡ
899 2337 1088 2417 προθεσμία

85 2433 261 2519 παρέλθη,
290 2439 471 2517 τηνικαῦτα
496 2430 701 2520 παραλαβοάν
727 2431 826 2509 ἀλλος
845 2429 1006 2498 ἀπολαύει
1027 2435 1088 2496 τοῦ

83 2526 261 2615 όνόματος.
286 2527 327 2597 οὐ
341 2529 443 2617 μικρά
461 2531 496 2598 δὲ
513 2529 591 2598 ου’δέ
608 2534 718 2599 ἐκεῖνα
733 2533 867 2616 παρέχει
883 2541 951 2607 τοῖς
966 2532 1088 2614 ζηλοῦν

85 2632 244 2696 ἐθέλουσι
264 2633 529 2716 παραδείγματα,
551 2637 609 2716 τῆς
626 2639 753 2717 τροφῆς
774 2627 811 2698 τό
837 2627 1013 2717 ἀπέριττον
1034 2631 1088 2696 καὶ

86 2735 159 2794 τόν
180 2738 377 2814 γυμνασίων
395 2731 432 2800 τό
456 2733 647 2820 σύμμετρον
673 2735 728 2802 καὶ
755 2741 816 2801 τοῦ
839 2733 1023 2818 προσώπου
1049 2732 1086 2801 τὸ

86 2828 262 2911 αἰδέσιμον
290 2831 346 2897 καὶ
375 2838 432 2917 τῆς
456 2835 596 2917 ἐσθῆτος
615 2829 652 2899 τό
674 2836 825 2919 μέτριον,
848 2830 902 2919 ἐφ’
925 2832 1028 2900 ἅπασι
1052 2829 1089 2900 δέ

86 2923 221 3001 τούτοις
235 2931 293 3010 τῆς
310 2930 459 3007 διανοίας
478 2927 514 2996 τό
538 2926 750 3016 ἡρμοσμένον
765 2932 819 2999 καὶ
834 2929 870 2998 τό
886 2929 1012 3018 ἥμερον
1028 2937 1089 2997 τοῦ

85 3023 228 3106 τρόπου.
273 3030 322 3094 27.
346 3030 490 3116 παρῄνει
506 3029 542 3097 δὲ
555 3045 623 3110 τοῖς
639 3038 780 3099 συνοῦσι
800 3029 878 3117 μηδ’
903 3030 1090 3119 ἀναβάλλε-

85 3131 173 3190 σθαι
186 3119 222 3191 τό
239 3120 382 3210 ἀγαθόν,
399 3124 480 3210 ὅπερ
499 3125 577 3207 τούς
600 3126 746 3208 πολλοὺς
759 3143 867 3196 ποιεῖν
881 3135 1088 3215 προθεσμίας
1108 3129 1145 3188 67

85 3217 302 3306 ὁριζομένους
314 3221 428 3306 ἐορτάς
440 3220 464 3312 ἢ
475 3227 689 3314 πανηγύρεις,
704 3225 749 3306 ὡς
763 3225 821 3294 ἀπ’
839 3230 976 3296 ἐκείνων
988 3224 1089 3309 ἀρξο·

87 3323 214 3407 μένους
236 3327 299 3388 τοῦ
321 3319 366 3408 μὴ
389 3324 580 3404 ψεύσασθαι
597 3329 653 3394 καλ
674 3332 734 3393 τοῦ
749 3323 788 3392 τά
804 3327 921 3393 δέοντα
935 3332 1087 3412 ποιῆσαι·

10 3479 25 3528 f
89 3411 187 3503 ἠξίου
204 3416 270 3508 γάρ
291 3415 475 3506 ἀμέλλητον
499 3419 583 3492 είναι
605 3420 667 3508 τὴν
689 3419 773 3508 πρός
794 3420 830 3489 τό
854 3420 1087 3510 καλόνὸρμην.

10 3627 12 3670 ι
