2550 3825
185 187 227 256 78
546 192 835 255 ΛΟΤΚΙΑΝΟΤ

185 348 434 440 ἀγρυπνήσαιμι
467 351 548 440 μετά
580 361 644 422 σοῦ
675 363 785 442 φιλῶν
814 357 974 436 πολλάκις
1007 360 1062 426 καὶ
1093 382 1188 446 περι·

185 451 352 519 πιύσσων.
1135 476 1138 480 ·

268 557 371 620 ΓΑΝ.
388 547 498 629 Αὐτός
511 544 555 618 ἀν
569 555 703 637 εἰδείης·
718 549 781 638 ἐγώ
793 555 830 620 δὲ
839 553 1040 642 κοιμήσομαι
1053 559 1116 622 σοῦ
1125 580 1190 620 κα-

185 656 414 735 ταφιλοῦντος.

268 755 394 816 ΖΕΥΣ.
422 746 594 834 Εἰσόμεθα
615 750 689 818 τότε
709 747 915 836 δπρακτάου.
948 758 1014 818 νῦν
1029 753 1065 818 δὲ
1082 749 1191 836 ἀπαγε

186 846 306 931 αὐτόν,
323 839 478 934 ἀἹίρμή,
496 848 551 915 καὶ
564 848 685 917 πιόντα
695 857 754 937 τῆς
764 851 952 928 ἀθανασίας
962 848 1023 935 ἀγε
1036 847 1192 935 οἰνοχοή-

185 967 287 1014 σοντα
297 942 378 1032 ἡμῖν
389 945 523 1026 διδάξας
533 947 699 1034 πρότερον
709 945 753 1028 ὡς
762 947 824 1034 χρὴ
834 945 966 1034 ὀρέγειν
975 944 1188 1032 τδνσκύφον.

584 1089 793 1106 m

674 1199 703 1262 5.

495 1313 623 1366 ΗΡΑΣ
646 1314 729 1365 αιι
755 1314 883 1367 ΔιοΣ.

270 1455 298 1517 1.
332 1456 433 1517 ΗΡΑ.
463 1443 513 1526 Ἐξ
537 1438 578 1513 οὗ
599 1442 635 1512 τό
659 1447 835 1532 μειράκιον
852 1455 968 1530 τούτο,
994 1439 1021 1515 ἀ
1043 1451 1126 1530 Ζεῦ,
1150 1442 1189 1512 τό

185 1547 338 1632 Φρύγιον
353 1543 418 1614 ἀπὸ
433 1551 490 1631 τῆς
500 1541 591 1630 Ἴδης
606 1541 759 1629 ἀρπάσας
774 1549 876 1631 δεῦρο
891 1543 1071 1632 ἀνήγαγες,
1094 1548 1190 1611 ἔλατ-

184 1643 245 1712 τόν
262 1669 318 1730 μοι
334 1641 394 1711 τόν
411 1649 497 1710 νοῦν
512 1647 690 1727 προσέχεις.
799 1716 800 1719 ¹

268 1750 395 1811 ΖΕΥΣ.
413 1743 479 1808 Καὶ
489 1748 587 1809 τοῦτο
598 1740 673 1828 γάρ,
686 1734 713 1807 ἀ
719 1739 816 1824 Ἥρα,
829 1747 1019 1827 ζηλοτυπεῖς
1030 1741 1093 1827 ἤδη
1105 1737 1190 1835 ἀφε-

185 1845 239 1921 λὲς
251 1839 339 1908 οὕτω
354 1842 408 1909 καί
423 1839 649 1923 ἀλυπότατον;
671 1838 735 1927 ἐγιδ
746 1843 783 1909 δὲ
796 1840 890 1932 ᾤμην
903 1857 973 1922 ταῖς
985 1841 1116 1928 γυναιξὶ
1127 1839 1189 1927 μό,

185 1969 259 2020 ναις
273 1942 421 2027 χαλεπήν
435 1952 473 2009 σε
488 1940 589 2027 εἰναι,
606 1939 728 2010 ὁπόσαι
744 1938 787 2009 ἀν
803 1940 989 2029 ὁμιλήσωσί
999 1969 1065 2029 μοι.

269 2044 298 2105 2.
322 2046 424 2106 ΗΡΑ.
449 2036 536 2107 Οὐδ’
553 2042 663 2107 ἐκεῖνα
678 2042 740 2125 μὲν
751 2032 791 2107 εὖ
806 2054 910 2118 ποιεῖς
925 2037 1005 2108 οὐδὲ
1017 2042 1190 2128 πρέποντα

184 2142 332 2225 σεαυτῷ,
356 2132 393 2215 ὃς
413 2134 571 2203 ἁπάντων
583 2143 679 2204 θεῶν
698 2136 859 2223 δεσπότης
876 2134 924 2204 ἀν
944 2136 1119 2206 ἀπολιπάυ
1132 2138 1192 2224 ἐμὲ

183 2232 245 2322 τήν
261 2235 354 2326 νόμςο
371 2234 518 2322 γαμετήν
531 2236 583 2303 ἐπὶ
594 2232 656 2320 τήν
667 2242 732 2320 γῆν
747 2236 839 2303 κάτει
853 2236 1040 2321 μοιχεύσων
1049 2242 1191 2324 χρυσίον

182 2330 204 2421 ἦ
216 2334 359 2420 σάτυρος
369 2330 391 2421 ἦ
401 2342 524 2422 ταῦρος
534 2332 723 2426 γενόμενος.
740 2332 828 2420 πλήν
838 2331 912 2402 ἀλλ’
927 2336 1049 2401 ἐκεῖναι
1060 2334 1122 2419 μέν
1134 2353 1189 2401 σοι

183 2430 248 2500 κάν
262 2436 299 2500 ἐν
313 2440 356 2521 γῇ
371 2435 526 2517 μένουσι,
546 2426 584 2499 τό
600 2431 636 2497 δὲ
646 2429 766 2500 Ἰδαῖον
781 2437 874 2501 τουτὶ
887 2437 1023 2500 παιδίον
1037 2430 1191 2518 ἁρπάσας

183 2530 340 2615 ἀνέπτης,
357 2522 385 2596 οἷ
397 2530 609 2616 γενναιότατε
619 2537 730 2615 θεῶν,
746 2534 801 2597 καὶ
812 2545 965 2598 συνοικεῖ
974 2528 1056 2616 ἡμῖν
1068 2532 1121 2598 ἐπὶ
1131 2554 1191 2597 κε-

182 2630 294 2715 φαλήν
309 2653 366 2713 μοι
382 2630 543 2714 ἐπαχθέν,
558 2635 737 2714 οἰνοχοοῦν
748 2626 788 2714 δή
799 2636 847 2719 τῷ
860 2628 958 2720 λόγῳ.
982 2628 1089 2709 οὕτως
1102 2626 1190 2717 ήπό-

184 2753 252 2810 ρεις
275 2728 453 2815 οἰνοχόων,
476 2731 531 2797 καί
546 2726 818 2813 ἀπηγορεύκασιν
832 2725 897 2816 ἀρα
910 2726 933 2814 ή
946 2754 982 2796 τε
992 2728 1080 2816 Ἥβη
1095 2731 1150 2797 καὶ
1168 2726 1188 2796 ὁ

115 2845 165 2901 214
183 2824 367 2907 Ἥφαιστος
382 2826 653 2912 διακουούμενοις
675 2825 718 2892 σύ
733 2826 770 2893 δί
786 2828 842 2894 καὶ
855 2824 917 2913 τήν
930 2827 1051 2895 κύλικα
1067 2827 1131 2895 ούκ
1144 2821 1191 2894 ἀν

183 2922 290 3001 ἀλλοις
312 2924 427 3011 λάβοις
448 2922 527 3011 παρ’
553 2924 659 2993 αὐτοῦ
685 2920 707 3010 ή
731 2927 874 3013 φιλήσας
897 2926 1061 3013 πρότερον
1083 2922 1190 2993 αὐτόν

183 3020 340 3089 ἁπάντων
356 3021 530 3111 ὁρώντων,
548 3029 602 3095 καί
616 3024 653 3093 τό
669 3026 797 3112 φίλημά
814 3046 868 3094 σοι
881 3026 980 3111 ήδιον
994 3033 1054 3093 τοῦ
1069 3030 1190 3093 νέκτα-

183 3148 256 3207 ρος,
271 3126 325 3189 καὶ
336 3121 391 3191 διά
403 3132 500 3191 τοῦτο
513 3122 592 3192 οὐδὲ
607 3128 718 3203 διψῶν
728 3125 886 3203 πολλάκις
899 3131 1000 3204 αἰτεῖς
1009 3140 1114 3194 πιεῖν·
1132 3121 1190 3193 ὁτὲ
1225 3184 1230 3192 .

183 3222 219 3289 δὲ
239 3228 293 3290 και
314 3219 586 3308 ἀπογευσάμενος
601 3223 711 3309 μόνον
725 3227 850 3302 ἔδωκας
864 3227 996 3316 ἐκείνῳ,
1019 3228 1074 3292 καί
1089 3225 1189 3293 πιόν-

181 3348 236 3400 τος
250 3320 431 3409 ἀπολαβοον
447 3320 508 3409 τήν
528 3322 649 3391 κύλικα
669 3319 752 3390 ὅσον
768 3318 956 3391 ὑπόλοιπον
972 3328 1009 3391 ἐν
1025 3321 1110 3413 αὐτῇ
1131 3330 1192 3392 πί-

182 3448 267 3501 νεις,
283 3420 368 3490 ὅθεν
383 3424 438 3491 καί
452 3420 469 3491 ὁ
486 3436 562 3502 παῖς
579 3428 651 3492 ἔπιε
665 3424 720 3492 καὶ
736 3426 821 3490 ἔνθα
837 3421 1050 3510 προσήρμοσε
1063 3419 1103 3489 τά
1120 3429 1187 3508 χεί-
1253 3466 1261 3479 ·
