2550 3825
179 176 241 239 208
537 176 825 237 AOYKIANOY

178 339 316 416 συνθείς
329 336 369 405 τά
382 336 453 424 ὅρη.
475 339 529 406 καὶ
543 337 722 422 θαυμάζω,
740 345 773 403 εί
782 354 835 403 σοι
849 341 952 401 ταῦτα
966 333 1119 420 τεράστια
1134 328 1181 399 ελ-

177 461 234 502 ναι
248 439 342 505 δοκεῖ
351 433 413 504 τόν
419 435 581 504 Ἄτλαντα
596 433 721 521 δηλαδὴ
737 434 853 519 εἰδότι,
869 429 905 511 ὃς
921 428 982 499 τόν
995 431 1102 499 πόλον
1118 428 1180 497 αύ-

177 532 239 602 τόν
258 529 306 612 εἷς
325 528 374 601 ἀν
395 538 491 620 φέρει
504 532 632 620 ἀνέχων
652 531 738 619 ἡμᾶς
753 529 910 610 ἅπαντας.
944 528 1079 608 ἀκούεις
1093 532 1131 595 δέ
1142 552 1181 613 γε

178 641 257 709 ίσως
270 632 325 699 καὶ
338 639 399 699 τού
414 630 563 719 ἀδελφοῦ
579 639 640 700 τοῦ
655 634 736 716 ἐμοῦ
751 631 827 715 πέρι
841 635 901 696 τοῦ
909 627 1121 713 Ἡρακλέους,
1136 622 1182 703 ὥς

179 729 362 808 διαδέξαιτό
383 753 462 799 ποτε
478 728 584 799 αύτόν
603 733 733 798 ἐκεῖνον
750 724 810 796 τόν
823 725 1001 813 Ἄτλαντα,
1024 727 1080 793 καλ
1096 722 1181 791 ἀνα-

111 844 162 900 496
180 828 319 895 παύσειε
342 826 426 912 πρὸς
450 827 566 916 ὀλίγων
592 836 653 896 τοῦ
674 826 801 913 ἀχθονς
826 823 966 904 ὑποθεὶς
992 822 1111 893 έαντόν
1134 829 1181 913 τῷ

180 932 315 1016 φορτίῳ.

103 1101 108 1109 .
263 1030 359 1093 XAP.
387 1022 513 1093 Ἀκούω
535 1027 590 1093 καὶ
609 1031 727 1091 ταῦτα·
761 1030 791 1093 εί
804 1024 840 1093 δὲ
854 1021 981 1109 ἀληθῆ,
1007 1018 1050 1087 σύ
1066 1018 1126 1105 ἀν,
1154 1010 1183 1087 ἀ

173 1118 276 1207 Ἐρμῆ
284 1173 293 1205 ,
309 1125 363 1190 καὶ
378 1126 413 1190 οί
423 1127 553 1210 ποιηταὶ
568 1128 712 1208 εἰδείητε.

263 1228 368 1290 ΕΡΜ.
393 1219 631 1309 Ἀληθέστατα,
654 1214 681 1289 οδ
701 1222 833 1305 Χάρων.
862 1216 993 1306 ἦτίνος
1006 1215 1070 1304 γάρ
1084 1218 1183 1284 ἕνεκα

180 1321 279 1402 σοφοὶ
295 1317 415 1404 ἀνδρες
429 1321 610 1400 ἐψεύδοντο
632 1318 692 1399 ἀν;
724 1317 807 1385 ὥστε
827 1316 1104 1404 ἀναμοχλεύωμεν
1120 1313 1184 1400 τὴν

179 1416 305 1485 Ὄσσαν
326 1424 477 1503 πρῶτον,
506 1418 616 1502 όέσπερ
636 1416 716 1505 ἡμῖν
738 1415 914 1503 ὑφηγεῖται
936 1414 973 1484 τό
995 1422 1071 1493 ἔπος
1091 1417 1146 1483 καὶ
1164 1412 1182 1482 ὁ

182 1514 391 1600 ἀρχιτέκτων,

340 1669 345 1675 ,
592 1611 697 1698 αύτάρ
713 1611 763 1681 ἐπ’
772 1612 875 1698 ’Όσση

375 1711 516 1796 ιΠήλιον
530 1717 774 1797 εἰνοσίφυλλον.

181 1806 280 1895 δρᾷς,
303 1815 389 1887 πῶςς
421 1812 543 1895 ῥᾳδίως
563 1809 631 1896 ἅμα
656 1813 710 1878 καὶ
737 1816 913 1898 ποιητικῶς
934 1807 1179 1895 ἐξειργάσμεθα

182 1904 259 1993 φέρ’
275 1898 339 1972 ούν
352 1903 480 1993 ἀναβάς
493 1912 572 1992 λδω,
594 1915 625 1976 εί
639 1910 693 1978 καὶ
707 1908 799 2000 αύτῷ
816 1912 1046 2000 ἐποικοδομεῖν
1061 1907 1174 1994 δεήσει

181 2009 211 2070 5.
233 2017 355 2086 παπαῖ,
372 2005 462 2072 κάτω
477 2011 525 2075 ἔτι
535 2005 632 2092 ἐσμὲν
643 2010 682 2074 έν
696 2006 844 2097 ὑπωρείᾳ
858 2013 919 2074 τοῦ
933 2005 1097 2093 ούρανοῦ·
1118 2004 1183 2072 ἀπο

181 2097 322 2186 μὲνγὰρ
337 2107 404 2168 τῶν
419 2101 513 2192 ἐφ’ων
526 2104 622 2190 μόγις
634 2103 739 2175 Ἰωνία
749 2109 804 2174 καὶ
813 2110 922 2174 Λνδία
937 2111 1100 2192 φαίνεται,
1117 2101 1183 2171 ἀπό

182 2196 219 2265 δέ
233 2203 291 2283 τῆς
311 2200 449 2284 ἑσπέρας
465 2197 506 2267 ού
526 2205 629 2270 πλέον
645 2201 780 2283 Ἰταλίας
798 2205 854 2271 καὶ
868 2208 1039 2290 Σικελίας,
1066 2198 1130 2269 ἀπὸ
1148 2203 1186 2268 δὲ

150 2298 154 2306 ’
181 2304 250 2366 τῶν
266 2293 428 2387 ἀρκτῴων
442 2297 483 2366 τά
497 2303 549 2368 ἐπὶ
564 2302 644 2368 τάδε
660 2308 720 2369 τοῦ
734 2300 868 2386 Ἴστρον
882 2303 1005 2390 μόνον,
1026 2299 1185 2369 κάκεῖθεν

180 2393 202 2482 ἡ
214 2395 328 2482 Κρήτη
340 2395 381 2464 ού
393 2396 485 2464 πάνυ
497 2405 620 2485 σαφῶς.
644 2403 858 2485 μετακινητέα
868 2397 963 2487 ἡμῖν,
980 2394 1007 2468 οό
1018 2405 1184 2485 πορθμεῦ,

182 2493 272 2580 καλὴ
288 2502 385 2582 Οίτη,
402 2493 448 2574 ἀς
463 2502 586 2583 ἔοικεν,
603 2496 672 2566 εἶτα
687 2496 705 2566 ὁ
719 2497 899 2586 Παρνασδς
912 2502 965 2567 έπὶ
979 2506 1090 2567 πᾶσιν.

266 2600 364 2662 ΧΑΡ.
400 2593 499 2661 Οὕτω
520 2603 676 2682 ποιῶμεν.
706 2596 769 2681 ὅρα
791 2597 898 2683 μόνον
921 2596 965 2683 μὴ
986 2595 1185 2680 λεπτότερον

183 2692 437 2778 ἐξεργασώμεθα
451 2691 489 2761 τό
506 2699 606 2780 ἔργον
622 2693 897 2781 ἀπομηκύναντες
908 2699 992 2781 πέρα
1005 2702 1066 2763 τοῦ
1080 2705 1186 2762 πιθα-

184 2798 263 2874 νού,
290 2789 357 2858 εἶτα
377 2795 700 2879 συγκαταρριφέντες
719 2792 809 2882 αύτῷ
833 2801 952 2881 πικρᾶς
966 2803 1023 2881 τῆς
1041 2794 1187 2881 Ὀμήρου

185 2893 435 2975 οἰκοδομητικῆς
449 2898 663 2976 πειραθῶμεν
680 2896 908 2980 ξυντριβέντες
923 2900 991 2962 τῶν
1007 2899 1164 2979 κρανίων.

270 2996 372 3056 ΕΡΜ.
388 2988 528 3074 θάρρει·
543 2987 701 3075 ἀσφαλῶς
712 2993 775 3072 ἕξει
787 2991 925 3061 ἅπαντα.
944 2998 1112 3078 μετατίθει
1123 2988 1187 3077 τὴν

186 3097 307 3174 Οίτην·
331 3087 639 3155 έπικυλινδείσθωό
656 3091 843 3173 Παρνασός.
866 3088 940 3160 ἰδού
956 3089 1015 3177 δή,
1033 3089 1187 3176 ἐπάνειμι

185 3181 303 3266 αὖθις·
326 3181 365 3254 εύ
379 3194 460 3272 ἔχει·
482 3188 591 3254 πάντα
605 3185 693 3272 ὁρῶ·
715 3186 878 3276 ἀνάβαινε
891 3188 955 3277 ἤδη
969 3192 1023 3258 καὶ
1037 3189 1089 3256 σύ.

267 3293 364 3355 ΧΑΡ.
377 3284 531 3371 Ὄρεξον,
547 3278 701 3372 ὦἘρμῆ,
716 3286 779 3373 τὴν
792 3303 901 3373 χεῖρα·
930 3287 971 3355 ού
985 3285 1049 3375 γάρ
1065 3289 1118 3354 ἐπὶ
1130 3314 1185 3374 μι-

184 3385 271 3472 κράν
284 3412 325 3470 με
338 3385 464 3472 ταύτην
480 3382 632 3473 μηχανὴν
647 3383 864 3473 ἀναβιβάζεις.
