2550 3825
390 194 635 252 ΝΕΚΡΙΚΟΙ
654 197 911 258 ΔΙΑΛΟΓΟΙ.
1088 191 1149 256 187

237 356 345 418 ΤΕΙΡ.
369 349 422 419 Ού
437 366 548 433 στείρα
562 356 624 437 μέν
640 351 745 439 ήμην,
763 366 824 421 οὐκ
840 361 953 424 ἔτεκον
972 353 1004 422 δ’
1024 354 1117 433 ὅλως.

231 455 344 516 ΜΕΝ.
361 446 492 517 Ἱκανόν
501 458 617 522 τοῦτο·
633 458 664 519 εί
671 450 734 536 γάρ
747 456 800 519 καλ
811 453 939 539 μήτραν
949 452 1039 539 εἶχες,
1052 457 1150 539 ἐβον·

149 543 256 630 λύμην
271 550 400 613 εἰδέναι.

236 649 344 711 ΤΕΙΡ
367 642 468 730 Εἶχον
484 646 620 732 δηλαδή.

231 748 343 809 ΜΕΝ.
365 742 486 831 Χρόνον
501 745 540 809 όέ
552 764 605 809 σοι
620 739 641 829 ή
659 742 765 829 μήτρα
780 742 952 866 ἠφανίσθη
967 750 1021 814 καὶ
1032 745 1068 813 τό
1087 747 1149 832 μό-

149 864 224 921 ριον
236 836 274 905 τό
278 854 481 964 γυγαικείον
494 837 671 963 ἀπεφράγη
686 844 789 910 καλί
755 867 772 907 ο
774 846 916 927 ίμαστοὶ
929 841 1150 930 ἀπεσπάσθη-

148 958 213 1003 σαν
234 940 288 1003 καὶ
310 963 346 1003 το
336 934 562 1022 άνδρεῖον’
543 942 652 1024 ανέφυ
672 941 726 1008 καὶ
746 939 891 1027 πάγωυα
911 938 1147 1028 ἐξήνεγκας,
1127 968 1147 1027 η

148 1032 266 1101 αύτίκα
279 1037 315 1101 ἔκ
328 1036 488 1119 γυναικός
502 1033 588 1121 ἀνήρ
602 1035 786 1123 α’νεφάνης;

235 1141 344 1201 ΤΕΙΡ.
368 1132 462 1219 Ονχ
449 1161 517 1219 ορω
528 1141 560 1201 τί
569 1154 622 1201 σοι
631 1135 787 1221 βουλεται
800 1162 837 1204 το
827 1134 1020 1223 ἔράτημα·
1042 1141 1148 1214 δοκεῖς

148 1229 180 1296 δ’
200 1225 264 1297 ούν
279 1255 335 1316 μοι
352 1230 502 1299 άπιστεῖν
511 1283 520 1315 ,
537 1238 566 1299 εί
579 1230 677 1299 τοῦθ’
695 1231 800 1312 οὕτως
814 1236 953 1319 ἐγένετο.

232 1337 342 1397 ΜΕΝ.
367 1328 418 1398 Οὐ
431 1328 494 1417 χρή
510 1329 574 1416 γάρ
589 1328 754 1414 άπιστεῖν,
772 1324 799 1399 ά
819 1339 984 1418 Τειρεσία,
1001 1344 1068 1409 τοῖς
1078 1358 1148 1399 τοι·

148 1427 277 1512 ούτοις,
301 1424 384 1495 ἀλλά
401 1429 556 1513 καθάπερ
570 1427 646 1497 τινά
665 1436 772 1516 βλᾶκα
793 1428 837 1516 μή
854 1430 1057 1516 ἐξετάζοντα,
1084 1440 1147 1498 είτε
1166 1444 1213 1502 442

148 1525 275 1592 δυνατά
291 1527 380 1593 ἔστιν
395 1535 458 1593 εἴτε
474 1529 530 1594 καὶ
545 1528 606 1613 μή,
624 1533 887 1614 παρασέχεσθαις

231 1630 262 1691 3.
286 1630 395 1691 ΤΕΙΡ.
418 1621 472 1691 Σύ
487 1617 550 1691 ούν
564 1623 642 1692 οὐδὲ
657 1624 697 1692 τά
714 1625 796 1694 άλλα
811 1628 975 1706 πιστεύεις
989 1626 1076 1695 οὕτω
1090 1651 1148 1712 γε·

148 1724 283 1807 νὲσθαι,
296 1721 423 1791 ὁκόταν
434 1719 579 1811 άκούσης
590 1722 641 1792 ὅτι
653 1723 754 1809 ὄρνεα
765 1728 801 1792 ἔκ
811 1732 983 1809 γυναικῶν
993 1723 1147 1811 ἐγένοντό

147 1847 234 1900 τινες
253 1818 411 1907 ήόένδρα
427 1817 449 1907 ή
468 1828 586 1907 θηρία,
612 1820 675 1908 τήν
693 1820 833 1908 Ἀηδόνα
850 1818 872 1910 ή
889 1821 950 1909 τήν
963 1824 1110 1908 Δάφνην
1126 1817 1147 1908 ή

147 1920 285 2009 τήντοῦ
300 1923 474 2001 Λυκάονος
487 1926 675 2009 θυγατέρας

232 2027 342 2087 ΜΕΝ
360 2019 423 2087 Ἦν
438 2045 505 2087 που
518 2019 685 2100 κάκείναις
700 2021 842 2107 ἐντύχω,
866 2031 995 2107 είσομαι
1011 2019 1030 2087 ὅ
1045 2047 1076 2088 τι
1093 2022 1147 2089 καλ

147 2119 291 2204 λέγουσι.
315 2116 357 2185 σύ
369 2122 422 2203 δέ,
435 2111 461 2185 ά
472 2123 633 2206 βέλτιστε,
648 2119 747 2188 ὁπότε
760 2118 845 2206 γυνή
858 2113 965 2206 ἦσθα,
979 2125 1033 2188 καί
1046 2125 1147 2205 ἔμαν-

147 2218 248 2285 τεύου
264 2217 338 2285 τότε
358 2216 468 2303 ὥσπερ
489 2223 543 2287 καὶ
558 2218 717 2305 ὕστερον,
738 2214 842 2304 ήάμα
857 2215 942 2303 ἀνήρ
961 2220 1017 2285 καὶ
1030 2220 1147 2304 μάντις

148 2323 271 2403 ε’μαθες
285 2314 385 2396 εἶναι;

236 2416 343 2483 ΤΕΙΡ.
360 2413 475 2503 Ὁρᾴςς
498 2412 628 2499 άγνοεϊς
639 2413 678 2483 τά
690 2415 764 2496 περὶ
781 2415 862 2498 ἐμοῦ
874 2410 1019 2498 ἅπαντα,
1037 2409 1080 2491 ὡς
1092 2416 1147 2481 καλ

147 2514 283 2582 διέλυσά
295 2540 368 2581 τινα
379 2519 451 2598 ἔριν
462 2521 530 2579 τῶν
543 2521 652 2599 θεῶν,
671 2514 724 2580 καὶ
734 2509 755 2596 ή
766 2512 827 2596 μὲν
835 2508 921 2596 Ἥρα
935 2509 1086 2597 ἐπήρωσέ
1094 2536 1145 2595 με,

148 2610 166 2680 ὁ
182 2613 218 2679 δὲ
232 2608 316 2689 Ζεύς
330 2611 591 2698 παρεμυθήσατο
607 2619 646 2700 τῇ
664 2616 805 2697 μαντική
819 2607 880 2694 τήν
894 2609 1083 2694 συμφοράν.

231 2716 342 2777 ΜΕΝ.
355 2710 425 2776 ”Ετι
440 2715 512 2797 ἔχη,
528 2701 555 2776 ά
570 2715 736 2793 Τειρεσία,
752 2714 820 2775 τῶν
831 2707 1047 2793 ψευσμάτων;
1064 2703 1144 2775 ἄλλό

147 2805 230 2876 κατὰ
249 2803 329 2885 τούς
347 2808 481 2893 μάντεις
501 2816 599 2875 τοῦτο
621 2821 740 2886 ποιεῖς·
774 2811 853 2884 ἔθος
866 2803 930 2891 γάρ
947 2803 1026 2890 ὑμίν
1043 2807 1147 2890 μηδὲν

147 2903 238 2993 ύγιές
254 2908 372 2992 λέγειν.

543 3021 743 3034 ........---·

621 3092 671 3152 29.

272 3201 495 3259 ιικννοε
519 3203 600 3254 KAI
623 3165 1018 3254 λολκεπαοαοε.
1164 3199 1214 3252 με

231 3309 260 3367 l.
283 3306 423 3367 ΑΓΑΜ.
447 3305 490 3366 Εί
505 3295 548 3364 σύ
562 3306 692 3384 μανείς,
711 3299 735 3364 ολ
750 3297 852 3381 Αἶαν,
867 3295 992 3364 σαντόν
1005 3294 1148 3381 ἔφόνεν-

147 3416 223 3480 σας,
239 3399 416 3482 ἐμέλλησας
430 3396 531 3463 δὲκαὶ
544 3392 804 3480 ήμᾶςάπαντας.
820 3400 854 3462 τί
862 3399 950 3470 αίτιᾷ
959 3390 1018 3460 τόν
1029 3392 1148 3461 Ὀδυσ-
