2550 3825
162 206 225 270 262
517 207 818 268 AOTKIANOP

163 368 300 452 ρεύουσι
320 366 361 436 τά
383 372 525 452 δυσχερῆ
541 364 725 453 ἀναγκαίου
745 381 934 452 προσεῖναι,
960 365 1090 452 ἀπάτην
1110 393 1165 434 και
1268 416 1269 419 ¹

162 470 284 547 ψεῦδος
299 468 353 534 καὶ
364 464 559 552 θρασύτητα
569 468 625 535 καὶ
639 463 724 552 βοὴν
737 469 792 534 καὶ
807 461 978 550 ὠθισμοὺς
992 466 1048 532 καὶ
1062 469 1165 550 μυρία

162 561 262 649 ἀλλα,
277 570 381 632 ταῦτα
397 567 474 650 μέν,
494 562 604 649 ὥσπερ
620 559 708 640 είκὸς
721 555 782 648 ἦν,
797 559 990 648 ἀπέφυγον,
1008 562 1060 628 ἐπὶ
1074 561 1111 627 δὲ
1124 557 1165 626 τά

162 662 222 743 σά,
241 655 268 728 οὸ
285 668 488 748 Φιλοσοφία,
505 658 612 746 [καλά]
624 658 772 746 ὁρμήσας
783 659 899 746 ἠξίουν
911 659 1038 729 ὁπόσον
1051 664 1098 726 ἔτι
1108 683 1166 743 μοι

163 757 284 828 λοιπόν
297 767 358 827 τοῦ
372 767 450 848 βίου
464 759 618 843 καθάπερ
633 761 670 826 ἐκ
684 759 781 844 ζάλης
800 761 856 827 καὶ
869 759 1041 837 κλύδωνος
1057 759 1090 834 ἐς
1108 755 1148 823 εὖ

165 859 240 926 διόν
255 885 331 926 τινα
346 860 462 944 λιμένα
476 856 623 935 σπεύσας
635 853 702 922 ὑπὸ
717 858 770 923 σοὶ
784 857 987 942 σκεπόμενος
1000 860 1167 941 καταβιῶτ
1271 916 1272 929 ,

163 983 229 1026 ναι.
253 962 304 1024 30.
316 953 455 1042 κάπειδὴ
471 956 578 1042 μόνον
589 958 765 1039 παρέκυψα
776 952 858 1033 έςτά
870 952 1029 1040 ὑμέτερα,
1045 954 1082 1020 σέ
1092 953 1164 1037 μέν,

165 1053 276 1139 ὥσπερ
299 1050 482 1138 ἀναγκαίου
503 1044 562 1138 ἦν,
587 1053 643 1120 καὶ
662 1051 782 1119 τούσδε
804 1049 952 1128 ἅπαντας
975 1048 1166 1134 ἐθαύμαζον
1272 1086 1273 1097 1

165 1150 302 1239 ἀρίστου
317 1158 395 1239 βίον
411 1151 597 1237 νομοθέτας
618 1148 717 1228 ὄντας
732 1151 868 1228 καὶτοῖς
887 1147 938 1216 ἐπ’
957 1145 1061 1215 αὐτόν
1076 1149 1167 1214 ἐπει·
1273 1184 1274 1193 ¹

165 1254 318 1336 γομένοις
328 1263 420 1334 χεῖρα
431 1245 624 1334 ὀρέγοντας,
639 1246 679 1315 τά
692 1249 850 1316 κάλλιστα
860 1251 915 1315 καὶ
926 1245 1167 1332 ξυμφοράτατα

97 1361 148 1417 599
167 1354 428 1433 παραινοῦντας,
454 1357 488 1416 εί
507 1373 555 1426 τις
574 1344 618 1432 μὴ
636 1352 836 1433 παραβαίνοι
857 1343 941 1413 αύτά
958 1345 1041 1431 μηδὲ
1062 1347 1169 1410 διολι-

165 1448 301 1533 σθάνοι,
313 1445 384 1515 ἀλλ’
398 1444 510 1526 ἀτενὲς
520 1444 719 1535 ἀποβλέπων
729 1450 761 1526 ἐς
771 1445 850 1526 τούς
859 1447 1005 1523 κανόνας
1013 1443 1072 1523 οὸς
1082 1469 1168 1529 προ-

164 1552 350 1629 τεθείκατε,
378 1541 462 1631 πρός
476 1547 616 1624 τούτους
640 1548 794 1633 ῥυθμίζοι
816 1548 872 1614 καὶ
894 1543 1084 1613 ἀπευθύνοι
1107 1539 1168 1608 τόν

166 1637 287 1709 έαντὸῦ
307 1649 398 1729 βίον,
423 1641 505 1727 όπερ
527 1641 569 1729 νὴ
587 1650 654 1712 Δία
672 1646 725 1711 καὶ
744 1651 812 1712 τῶν
833 1639 914 1711 καθ’
936 1640 1022 1728 ἡμᾶς
1043 1635 1167 1715 αύτούς

165 1742 271 1826 ὀλίγοι
286 1748 451 1809 ποιοῦσιν.
473 1749 523 1811 31.
536 1739 627 1826 ὁρῶν
640 1745 676 1810 δὲ
687 1741 832 1821 πολλούς
846 1741 909 1810 ούκ
920 1749 1016 1828 έρωτι
1027 1748 1166 1825 φιλοσο-

167 1845 244 1924 φίας
259 1841 451 1925 ἐχομένους,
467 1837 551 1906 ἀλλά
567 1839 664 1925 δόξης
673 1839 780 1926 μόνον
793 1848 850 1928 τῆς
861 1838 926 1908 ἀπὸ
938 1846 998 1907 τοῦ
1013 1836 1166 1924 πράγμα-

166 1963 236 2021 τος,
251 1934 292 2003 τά
306 1936 368 2021 μὲν
382 1937 539 2022 πρόχειρα
550 1945 654 2005 ταῦτα
664 1942 719 2006 καὶ
730 1940 872 2027 δημόσια
883 1942 938 2007 καί
952 1936 1058 2006 ὁπόσα
1068 1938 1167 2002 παντί

166 2043 339 2120 μιμεῖσθαι
356 2034 474 2124 ῥᾴδιον
488 2026 528 2101 εύ
541 2035 629 2121 μάλα
645 2037 793 2115 έοικότας
807 2035 948 2123 ἀγαθοῖς
961 2033 1114 2122 ἀνδράσι,
1129 2030 1166 2099 τό

166 2135 297 2218 γένειον
311 2134 395 2218 λέγω
410 2134 464 2199 καὶ
486 2130 524 2199 τό
539 2132 685 2220 βάδισμα
702 2137 757 2204 καὶ
776 2134 838 2222 τὴν
852 2134 1037 2222 ἀναβολήν,
1061 2134 1114 2200 ἐπὶ
1131 2131 1167 2199 δέ

165 2237 226 2298 τοῦ
240 2236 317 2317 βίου
331 2232 464 2299 καὶτῶν
474 2233 677 2319 πραγμάτων
690 2233 1018 2321 ἀντιφθεγγομένους
1031 2240 1076 2324 τῷ
1087 2232 1167 2317 σχή-

165 2355 243 2415 ματι
256 2329 312 2396 καὶ
330 2325 488 2397 τάναντία
506 2328 586 2416 ὑμῖν
604 2331 858 2417 ἐπιτηδεύοντας
877 2335 932 2400 καὶ
948 2335 1168 2415 διαφθείρον-

165 2454 223 2506 τας
233 2425 270 2495 τό
282 2425 407 2514 ἀξίωμα
418 2436 474 2515 τῆς
485 2426 701 2516 ὑποσχέσεως,
710 2428 932 2517 ἠγανάκτουν,
944 2433 999 2498 καὶ
1010 2426 1047 2496 τό
1059 2435 1168 2514 πρᾶγ-

165 2554 210 2613 μα
226 2525 345 2612 ὅμοιον
359 2527 466 2595 ἐδόκει
483 2553 539 2613 μοι
553 2530 707 2611 καθάπερ
728 2526 772 2596 ἀν
787 2540 819 2598 εί
831 2556 880 2609 τις
893 2525 1074 2615 ὑποκριτὴς
1087 2552 1169 2613 τρα·

164 2629 286 2715 γφδίας
305 2624 478 2710 μαλθακός
498 2624 598 2705 αύτὸς
620 2624 669 2695 ἀν
689 2630 743 2695 καὶ
767 2642 954 2713 γυναικεῖος
977 2625 1122 2712 Ἀχιλλέα
1145 2621 1168 2710 ἢ

65 2731 69 2738 “
165 2725 275 2807 Θησέα
290 2717 312 2806 ἦ
327 2725 382 2789 καὶ
395 2720 456 2789 τόν
465 2720 628 2805 Ἡρακλέα
641 2722 854 2808 ὑποκρίνοιτο
866 2722 970 2793 αὐτόν
980 2725 1061 2811 μήτε
1071 2728 1168 2812 βαδί-

164 2826 229 2901 ζων
247 2820 329 2905 μήτε
350 2827 441 2906 βοοῖν
455 2819 619 2910 ἡρωϊκόν,
642 2822 725 2892 ἀλλά
741 2824 975 2911 θρυπτόμενος
991 2821 1058 2892 ὁπὸ
1076 2832 1168 2909 τηλι-

164 2919 274 3009 κούτφ
290 2927 502 3010 προσωπείῳ,
520 2918 561 2989 όν
575 2920 648 2990 οὐδ’
661 2918 705 2991 ἀν
719 2921 863 3009 ἡῈλένη
874 2923 952 2992 ποτὲ
962 2919 984 3009 ἢ
994 2924 1168 3008 Πολυξένη

165 3016 361 3103 ἀνάσχοιντο
381 3022 465 3105 πέρα
485 3028 546 3088 τού
563 3028 699 3106 μετρίου
718 3021 832 3100 αύταίς
848 3021 1085 3109 προσεοικότα,
1108 3019 1167 3107 ούχ

165 3115 255 3195 ὁπως
265 3114 283 3184 ὁ
294 3115 457 3203 Ἡρακλῆς
471 3116 716 3208 ὁΚαλλίνικος,
737 3121 836 3208 ἀλλά,
851 3124 906 3209 μοὶ
921 3126 1027 3207 δοκεῖ,
1041 3117 1165 3206 τάχιστ’

164 3212 209 3283 ἀν
223 3220 389 3302 ἐπιτρίψαι
401 3225 447 3308 τῷ
461 3221 596 3311 ῥοπάλῳ
612 3230 721 3289 παίων
735 3221 796 3291 τόν
815 3230 987 3307 τοιοῦτον,
1009 3219 1114 3288 αύτόν
1133 3246 1168 3287 τε

164 3318 220 3384 καὶ
245 3314 281 3384 τό
306 3334 533 3405 προσωπεῖον,
561 3318 667 3399 οὕτως
691 3320 812 3408 ἀτίμως
835 3320 1168 3406 κατατεθηλυμμένος

164 3413 248 3499 πρὸς
263 3416 375 3484 αὐτοῦ.
407 3423 457 3487 32.
481 3427 616 3488 τοιαῦτα
635 3420 691 3486 καὶ
704 3416 792 3505 ὑμᾶς
806 3417 991 3503 πάσχοντας
1004 3415 1066 3485 ὁπ’
1082 3420 1169 3485 ἐκεί·
