2550 3825
191 173 233 240 76
542 181 849 242 ΛΟΤΚΙΑΝΟΤ

192 335 261 406 εἶτα
276 345 309 405 τί
317 337 521 426 ἀδικήσαντά
536 365 578 425 με
588 336 799 426 άυήρπασας,
819 332 994 427 ῶβασιλεῦ
1005 347 1073 408 τῶν
1088 347 1195 419 θεῶν;

192 435 232 504 τά
246 439 282 504 δὲ
300 438 450 524 πρόβατα
467 447 546 515 ίσως
560 441 595 504 οί
605 435 706 505 λῦκοι
727 437 966 522 διαρπάσονται
985 436 1049 525 ἤδη
1065 437 1197 524 ε’ρήμοις

192 535 413 614 ἐπιπεσόντες.

275 641 401 701 ΖΕΥΣ.
416 632 486 701 Ἕτι
501 631 566 720 γάρ
582 637 675 719 μέλει
688 654 741 702 σοι
759 641 827 702 τῶν
841 633 1020 721 προβάτων
1036 631 1197 722 άθανάτῳ

190 738 400 822 γεγενημένῳ
416 736 471 800 καὶ
485 735 633 800 ἐνταῦθα
649 739 861 824 συνεσομένῳ
878 730 957 819 μεθ’
975 730 1086 818 ήμῶυς

276 838 379 901 ΓΑΝ.
415 839 457 900 Τί
475 835 596 918 λέγεις;
619 830 661 898 οὐ
682 829 746 917 γάρ
764 833 912 911 κατάξεις
931 858 972 918 με
995 831 1059 917 ήδη
1080 833 1113 909 ἐς
1134 827 1197 916 τήν

189 928 282 1016 Ἴδην
298 930 460 1016 τήμερον;
777 979 780 983 -

276 1037 402 1097 ΖΕΥΣ.
428 1027 604 1115 Οὐδαμῶς·
633 1031 703 1097 ἐπεὶ
718 1028 825 1114 μάτην
840 1025 947 1105 αίετὸς
962 1024 1005 1094 άν
1028 1037 1100 1112 είην
1122 1023 1197 1094 άντδ

192 1134 278 1194 θεοῦ
293 1133 521 1214 γεγενημένος.

276 1231 379 1294 ΓΑΝ.
401 1226 537 1295 Οὐκοῦν
548 1225 730 1314 ἐπιζητήσει
741 1253 782 1312 με
793 1225 810 1294 ὁ
823 1225 929 1313 πατήρ
942 1229 996 1294 καὶ
1008 1224 1196 1312 άγανακτή·

193 1343 243 1391 σει
258 1323 302 1411 μὴ
318 1322 499 1410 εὑρίσκων,
523 1328 577 1395 καί
594 1323 722 1411 πληγάς
743 1324 885 1414 ὕστερον
900 1328 1046 1412 λη’ψομαι
1060 1333 1196 1393 καταλι-

192 1447 267 1488 πων
280 1421 318 1489 τὸ
334 1429 500 1510 ποίμνιον.

276 1529 401 1590 ΖΕΥΣ.
426 1530 501 1590 Ποῦ
516 1522 579 1610 γάρ
595 1527 719 1601 ἐκεῖνος
734 1520 852 1602 ὄψεταί
865 1543 919 1603 σες

276 1625 379 1688 ΓΑΝ.
403 1627 591 1709 Μηδαμῶς·
614 1629 712 1690 ποθῶ
722 1618 788 1707 γάρ
798 1620 862 1708 ήδη
878 1618 991 1688 αὐτόν.
1015 1626 1045 1689 εί
1058 1622 1093 1688 δὲ
1107 1617 1197 1687 άπά-
1267 1647 1272 1653 ·

193 1723 258 1797 ξεις
274 1744 332 1804 με,
357 1716 586 1808 ὑπισχνοῦμαί
603 1741 656 1789 σοι
672 1724 727 1788 καλ
747 1719 850 1787 ἄλλον
870 1717 950 1808 παρ’
973 1717 1077 1787 αὐτοῦ
1098 1715 1197 1802 κριὸν

192 1815 403 1901 τυθήσεσθαι
414 1818 519 1903 λύτρα
533 1817 618 1904 ὑπὲρ
630 1822 722 1906 ἐμοῦ.
745 1825 861 1905 ἔχομεν
874 1821 909 1886 δὲ
920 1815 980 1885 τὸν
993 1825 1120 1905 τριετῆ,
1135 1815 1197 1885 τὸν

193 1916 314 2000 μέγαν,
332 1911 368 1992 ὃς
380 1911 507 2001 ήγεῐται
523 1918 606 2000 πρὸς
620 1916 683 2003 τήν
698 1920 814 2004 νομήν.

275 2018 305 2079 3.
329 2021 454 2081 ΖΕΥΣ.
470 2012 528 2094 Ὡς
546 2014 672 2102 άφελής
689 2014 798 2094 ὀπαῖς
814 2020 949 2085 ἐστικαὶ
970 2014 1127 2095 ἁπλοϊκὸς
1141 2018 1198 2084 καὶ
1265 2042 1269 2049 ·

193 2109 274 2179 αὐτὸ
296 2109 336 2198 δή
352 2120 449 2180 τοῦτο
465 2128 541 2193 παῖς
561 2120 616 2181 ἐτι.
632 2154 674 2164 -
696 2113 788 2199 ἄλλ’,
811 2107 1062 2201 ῶΓανάμηδες,
1087 2118 1198 2182 ἐκεῖνα

192 2212 253 2297 μὲν
267 2209 376 2277 πάντα
391 2218 519 2297 χαίρειν
534 2218 571 2281 ἔα
592 2216 647 2281 καί
665 2215 831 2281 ἐπιλάθου
845 2212 972 2298 αὐτῶν,
995 2220 1056 2281 τοῦ
1070 2238 1105 2279 τε
1119 2237 1199 2280 ποι-

191 2316 293 2397 μνίου
307 2313 361 2377 καὶ
375 2317 432 2396 τής
443 2310 540 2397 Ἴδης.
569 2308 612 2377 σδ
630 2310 793 2398 δὲ-ήδη
810 2309 875 2398 γάρ
896 2310 1096 2397 ἐπουράνιος
1112 2310 1143 2378 εἶ
1157 2352 1196 2362 -

191 2407 298 2477 πολλὰ
313 2402 352 2476 εὖ
367 2410 516 2495 ποιήσεις
530 2413 690 2477 ἐντεῦθεν
703 2413 757 2479 καὶ
768 2409 829 2478 τὸν
843 2415 967 2495 πατέρα
977 2414 1031 2479 καὶ
1042 2414 1197 2495 πατρίδα,

190 2512 245 2576 καὶ
260 2507 334 2576 ἀντὶ
351 2510 412 2594 μὲν
426 2515 532 2591 τυροῦ
548 2509 603 2576 καὶ
618 2509 783 2593 γάλακτος
797 2509 982 2597 ἀμβροσίαν
998 2515 1056 2599 ἕδη
1070 2512 1125 2578 καὶ
1140 2512 1199 2577 νέ-

121 2621 171 2675 211
192 2632 275 2688 κταρ
292 2612 364 2694 πίη·
387 2614 485 2673 τοῦτο
501 2610 614 2692 μέντοι
629 2610 761 2686 καὶτοῖς
776 2607 887 2687 άλλοις
900 2604 981 2694 ήμῑν
995 2605 1095 2687 αὐτὸς
1109 2633 1198 2692 παρ-

192 2711 272 2785 έξεις
292 2706 429 2792 ἐγχέων·
457 2702 494 2771 τὸ
516 2707 552 2773 δὲ
571 2710 743 2792 μέγιστον,
768 2704 879 2774 οῦκέτι
898 2705 1097 2792 ἅνθρωπος,
1119 2703 1197 2774 ἄλλ’

191 2802 361 2881 άθάνατος
369 2801 504 2891 γενήση,
517 2807 570 2871 καὶ
580 2802 701 2892 άστέρα
712 2825 775 2873 σου
785 2812 966 2891 φαίνεσθαι
975 2803 1103 2891 ποιήσω
1114 2804 1200 2872 κάλ-

191 2910 322 2988 λιστον,
338 2902 392 2969 καί
408 2898 494 2979 ὅλως
510 2900 678 2990 εὐδαίμων
694 2911 760 2992 ἐση.

275 3006 377 3069 ΓΑΝ.
394 2995 458 3067 Ἢν
480 3002 516 3068 δὲ
537 3010 662 3085 παίζειν
678 3004 889 3090 ἐπιθυμήσω,
913 3009 961 3079 τίς
981 3005 1201 3087 συμπαίξεταί

190 3125 264 3186 μοις
288 3102 325 3166 ἐν
339 3097 403 3185 γάρ
419 3106 459 3185 τῇ
466 3097 539 3188 Ἴδη
553 3104 670 3169 πολλοὶ
685 3098 854 3188 ἡλικιῶται
867 3093 960 3186 ήμεν.

274 3205 400 3266 ΖΕΥΣ.
429 3196 534 3283 Ἔχεις
560 3198 736 3267 κάνταῦθα
763 3200 824 3268 τδν
848 3198 1119 3287 συμπαιξόμενόν
1143 3218 1201 3267 σοι

189 3300 322 3365 τουτονί
333 3294 528 3384 τδνἝρωτα
539 3303 593 3367 καὶ
604 3298 833 3384 ἀστραγάλους
844 3299 932 3383 μάλα
942 3297 1095 3375 πολλοῦς.
1107 3297 1200 3378 θάρ-

189 3423 241 3484 ρει
252 3398 360 3485 μάνον
372 3398 426 3465 καὶ
436 3396 578 3485 φαιδρὸς
589 3408 662 3467 ίσθι
675 3401 729 3465 καί
738 3400 844 3483 μηδὲν
854 3396 1006 3464 ἐπιπόθει
1017 3402 1086 3462 τῶν
1097 3396 1190 3462 κάτω
