2550 3825
158 173 221 236 380
510 146 814 235 ΛονΚιΑΝον

158 329 309 419 ὑπαχθὲν
319 342 359 422 τῇ
371 331 582 421 ἀποδεικτικῇ
592 332 696 420 ταύτῃ
710 336 806 420 τέχνη
819 332 875 400 καὶ
885 329 922 399 τό
936 337 1057 413 ψεῦδος
1068 333 1169 413 ἐλεγ-

158 432 330 517 χθήσεται,
353 429 465 501 καὶσὺ
480 438 621 518 βεβαίως
640 430 797 516 ἑλόμενος
816 433 871 498 καὶ
890 437 1006 515 κρίνας
1022 435 1169 514 φιλοσο-

162 527 277 612 φήσεις
310 532 364 597 καὶ
391 529 453 615 τήν
481 529 685 613 τριπόθητον
713 525 931 613 εὐδαιμονίαν
958 527 1168 613 κτησάμενος

161 624 265 713 βιώση
280 625 351 710 μετ’
367 625 469 712 αὐτῆς
483 625 613 692 ἅπαντα
629 625 821 710 συλλήβδην
838 631 922 710 έχων
936 622 1077 710 τάγαθά.
1249 628 1250 647 ἦ

154 739 156 743 ’
244 731 347 792 ΕΡΜ.
365 719 418 793 Εὖ
427 751 476 810 γε,
495 718 522 791 ώ
533 732 672 793 Λυκῖνε·
691 721 780 807 παρά
790 720 878 789 πολύ
887 720 951 809 γάρ
962 719 1055 789 ταῦτ’
1068 719 1168 806 άμεί·
1249 752 1250 787 ι

161 847 209 887 νω
226 822 281 888 καὶ
295 823 425 899 ἐλπίδος
445 819 486 888 ού
503 828 622 907 μικρᾶς
638 821 777 906 ἐχόμενα
791 821 913 905 λέγεις,
934 821 990 888 καὶ
1004 819 1166 904 ζητητέος,

162 915 205 994 ὡς
220 922 344 1002 ἔοικεν,
359 916 439 1004 ἡμῖν
449 917 535 1005 άνήρ
547 925 774 1002 τιςτοιοῦτος,
790 917 1049 1003 διαγνωστικούς
1062 941 1099 982 τε
1110 916 1168 982 καὶ

161 1017 385 1101 διακριτικοὺς
399 1019 548 1105 ποιήσων
562 1017 717 1105 ἡμᾶςκαὶ
733 1014 769 1085 τό
788 1021 959 1103 μέγιστον,
976 1015 1160 1084 άτιοδεικτι

160 1117 257 1195 κούς·
292 1113 335 1193 ὡς
355 1117 395 1184 τά
416 1144 453 1203 γε
467 1116 547 1204 μετά
569 1126 672 1186 ταῦτα
693 1117 791 1206 ῥηίδια
804 1115 868 1202 ήδη
889 1119 944 1184 καί
966 1115 1166 1202 ἀπράγμονα
1249 1176 1250 1181 ,

161 1218 215 1284 καὶ
232 1213 273 1281 οὐ
291 1222 414 1300 πολλῆς
430 1220 598 1303 διατριβῆς
620 1215 770 1300 δεόμενα.
800 1217 855 1281 καί
873 1219 975 1300 ἔγωγε
989 1212 1053 1298 ήδη
1067 1213 1164 1299 χάριν

161 1311 235 1380 οἶδά
250 1332 303 1378 σοι
324 1314 491 1397 ἐξευρόντι
507 1313 675 1398 σύντομόν
690 1339 765 1380 τινα
786 1313 913 1399 ταύτην
926 1310 1007 1399 ἡμῖν
1022 1313 1078 1378 καί
1090 1308 1166 1394 άρί-

162 1432 243 1496 στην
260 1406 351 1476 ὁδόν.

244 1514 346 1576 ΛΤΚ.
361 1511 426 1575 Καὶ
437 1504 504 1594 μήν
516 1507 647 1575 οὐδέπω
657 1508 756 1595 χάριν
766 1508 810 1576 άν
821 1535 876 1594 μοι
889 1510 1006 1592 εἰδείης
1017 1506 1167 1583 εἰκότως·
1249 1494 1250 1563 ἰ

163 1601 263 1672 οὐδὲν
277 1605 341 1691 γάρ
356 1626 410 1672 σοι
430 1603 613 1692 ἐξευρηκώς
628 1610 750 1691 ἔδειξα,
772 1603 817 1683 ὡς
831 1608 994 1691 ἐγγυτέρω
1014 1624 1052 1670 σε
1067 1603 1166 1688 ποιή-

163 1723 235 1768 σειν
257 1709 314 1788 τής
330 1705 476 1786 ἐλπίδος,
504 1701 542 1770 τό
558 1704 594 1771 δέ
615 1701 702 1771 πολι)
723 1707 922 1790 πορρωτέρω
938 1701 1126 1788 γεγόναμεν
1144 1694 1166 1783 ή
1249 1710 1250 1761 ἶ

95 1815 146 1868 812
163 1800 327 1882 πρότερον
341 1793 426 1884 ἦμεν
447 1802 501 1868 καί
516 1798 599 1869 κατὰ
613 1799 691 1878 τούς
706 1805 1022 1888 παροιμιαζομένους
1036 1795 1166 1884 ,πολλοὶ

164 1895 390 1982 μοχθήσαντες
406 1895 526 1982 ὁμοίως
541 1901 673 1983 ἐσμέν.“

246 2000 350 2061 ΕΡΜ.
378 2001 458 2073 Πῶς
475 2002 573 2062 τοῦτο
595 1997 676 2082 φής;
697 1998 788 2064 πάνυ
808 1997 872 2083 γάρ
890 1995 1042 2081 λυπηρόν
1062 2021 1094 2060 τι
1112 1993 1169 2058 καὶ

165 2094 304 2161 δύσελπι
319 2094 405 2177 ἐρεῖν
419 2098 537 2171 ἔοικας.
564 2128 566 2132 ⁴

249 2194 298 2259 70.
320 2198 421 2260 AYK.
436 2190 523 2276 Ὅτι,
546 2186 573 2259 ώ
589 2196 711 2277 ἑταῖρε,
736 2188 801 2259 κάν
818 2190 968 2278 εὕρωμεν
983 2186 1166 2273 ὑπισχνού-

164 2289 269 2375 μενόν
285 2315 359 2357 τινα
373 2292 494 2357 εἰδέναι
510 2318 545 2358 τε
562 2289 733 2370 άπόδειξιν
747 2293 801 2358 καὶ
811 2289 914 2358 άλλον
926 2287 1087 2371 διδάξειν,
1104 2284 1169 2353 οὐκ

165 2385 299 2472 αὐτίκα,
315 2385 421 2473 οἶμαι,
440 2389 659 2476 πιστεύσομεν
674 2388 764 2478 αὐτῷ
772 2442 781 2471 ,
798 2386 882 2456 άλλά
897 2414 971 2454 τινα
987 2386 1168 2471 ζητήσομεν

165 2482 225 2552 τόν
239 2498 351 2570 κρῖναι
364 2485 571 2571 δυνάμενον,
590 2493 620 2555 εἰ
632 2485 742 2574 άληθή
757 2485 774 2552 ὁ
787 2484 872 2572 άνήρ
888 2488 988 2570 λέγει·
1011 2479 1076 2552 κάν
1086 2484 1168 2551 τού-

165 2610 227 2651 του
242 2581 496 2672 εύκορήσωμεν,
518 2585 645 2673 άδηλον
658 2593 705 2654 ἐτι
718 2584 798 2672 ήμῖν
812 2591 843 2654 εἰ
857 2582 875 2652 ὁ
893 2584 1091 2670 ἐπιγνώμων
1104 2574 1168 2649 οὗ·

165 2708 220 2757 τος
236 2678 305 2748 οἶδε
327 2684 581 2769 διαγιγνώσκειν
598 2684 658 2753 τὸν
671 2684 783 2770 όρθώς
798 2679 1013 2769 κρινοῦνταή
1029 2683 1090 2769 μή,
1113 2685 1169 2749 καὶ

166 2775 217 2847 ἐπ’
238 2776 342 2845 αὐτόν
360 2773 461 2860 αὖθις
475 2790 596 2850 τοῦτον
610 2782 714 2851 άλλου
729 2782 971 2869 ἐπιγνώμονος,
987 2780 1093 2866 οἶμαι,
1109 2784 1168 2846 δεῖ.

166 2875 258 2963 ἡμεῖς
271 2875 336 2962 γάρ
348 2879 457 2945 πόθεν
468 2875 512 2946 άν
524 2885 687 2967 εἰδείημεν
699 2885 882 2965 διακρίνειν
896 2878 955 2946 τόν
966 2878 1084 2963 άριστα
1094 2892 1165 2960 κρῖ-

167 3003 223 3043 ναι
234 2974 440 3060 δυνάμενον;
464 2975 544 3068 ὁρᾷς
555 2976 632 3047 ὅποι
642 2987 740 3048 τοῦτο
752 2978 956 3047 ἀποτείνεται
967 2982 1022 3047 καὶ
1032 2977 1076 3057 ὡς
1086 2975 1169 3046 άπε-

167 3100 291 3162 ραντον
303 3080 466 3164 γίγνεται,
481 3084 600 3162 στῆναί
610 3102 689 3146 ποτε
707 3082 761 3146 καὶ
777 3084 1033 3162 καταληφθῆναι
1046 3074 1091 3162 μή
1106 3080 1167 3141 δυ·

165 3174 328 3261 νάμενονς
343 3176 420 3241 ἐπεὶ
434 3178 486 3242 καὶ
502 3173 560 3253 τὰς
574 3174 755 3255 ἀποδείξεις
769 3174 887 3261 αύτάς,
904 3173 1031 3253 ὁπόσας
1045 3170 1119 3242 οἷόν
1131 3198 1169 3240 τε

167 3270 349 3358 εὑρίσκειν,
364 3270 677 3360 ἀμφισβητουμένας
688 3274 762 3356 ὅψει
779 3278 833 3341 καὶ
844 3275 948 3360 μηδὲν
963 3274 1101 3361 ἐχούσας
1111 3279 1170 3360 βε.

165 3377 279 3467 βαιον·
301 3375 337 3438 αἰ
348 3378 433 3456 γοῦν
452 3381 599 3440 πλεῖσται
616 3372 727 3439 αὐτῶν
749 3371 793 3437 δι’
813 3370 925 3438 άλλων
938 3370 1167 3459 άμφισβητον·
