2550 3825
177 167 299 224 ΠΕΡΙ
320 166 419 226 ΤΩΝ
440 168 531 225 Em
548 167 718 226 ΜΙΣΘΩ
738 168 1025 227 ΣΥΝΟΝΤΩΝ.
1057 159 1119 227 307

115 322 243 410 ματηρά
260 328 315 393 καὶ
332 322 492 412 ἀφόρητα.
524 323 662 392 Ούκοῦν
679 325 843 411 ἄκουσον,
867 319 893 392 ἀ
908 341 1057 412 γενναῖε,
1074 321 1118 411 μή

115 427 145 490 εί
154 424 297 509 κύματος
308 429 435 492 ἔνεστιν
447 427 483 491 ἐν
494 431 539 513 τῷ
552 425 719 509 πράγματι
731 424 838 508 μόνον
851 424 1019 516 έξετύζφν,
1036 420 1119 490 ἀλλά

114 524 169 589 καὶ
191 521 228 588 τό
251 520 389 607 αἰσχρόν
410 523 464 588 καὶ
479 519 636 587 ταπεινόν
656 523 710 587 καλ
725 520 877 598 συνόλως
894 520 1119 604 δουλοπρεπὲς

115 617 177 688 οὐκ
191 623 228 687 έν
242 621 396 709 παρέργφ
410 626 467 705 τῆς
483 616 673 704 ἀκροάσεως
687 621 871 704 τιθέμενος.
892 624 941 686 23.
956 619 1012 686 καὶ
1026 623 1119 702 πρῶ-

115 718 173 786 τόν
188 744 226 804 γε
247 719 394 802 μέμνησο
415 718 530 803 μηκέτι
551 717 734 802 ἐλεύθερον
754 716 791 784 τό
811 713 870 784 ἀπ’
891 720 1022 785 ἐκείνου
1035 715 1119 802 μηδὲ

115 814 316 900 εὐπατρίδην
336 811 478 881 σεαυτόν
493 824 640 882 οἴεσθαι·
662 816 771 883 πάντα
791 813 854 900 γὰρ
871 822 992 901 ταῦτα,
1009 812 1046 882 τό
1063 817 1119 898 γέ-

115 938 187 997 νος,
202 910 264 996 τήν
278 914 491 997 ἐλευθερίαν,
511 909 591 990 τούς
604 913 795 998 προγόνους
811 917 870 993 ἔξω
885 921 946 980 τοῦ
961 911 1043 980 ὀδοῦ
1057 938 1118 978 κα-

114 1015 279 1088 ταλείψων
297 1018 386 1094 ίσθι,
412 1007 548 1076 έπειδάυ
568 1013 620 1077 ἐπὶ
638 1010 797 1096 τοιαύτην
818 1008 943 1078 σαυτόν
965 1016 1118 1095 λατρείαν

115 1105 348 1193 ἀπεμπολήσας
370 1114 487 1195 είσίης·
513 1105 555 1174 ού
569 1105 633 1192 γάρ
650 1109 802 1194 ἐθελήσει
823 1128 876 1176 σοι
891 1105 912 1193 ῆ
927 1107 1118 1190 Ἐλευθερία

115 1211 341 1288 ξυνεισελθεῖυ
362 1203 416 1293 ἐφ’
436 1203 541 1283 οὕτως
559 1203 684 1291 ἀγεννῆ
706 1206 881 1291 πράγματα
902 1209 957 1274 καὶ
978 1201 1118 1273 ταπεινά
1179 1213 1189 1226 ”

116 1306 260 1374 εἰσιόντι.
294 1310 413 1382 δοῦλος
436 1297 516 1390 οὖν,
539 1310 570 1370 εί
583 1305 638 1372 καὶ
658 1304 749 1370 πάνυ
763 1301 889 1392 ἀχθέση
909 1311 954 1394 τῷ
968 1301 1117 1388 ὀνόματι,

115 1407 168 1472 καὶ
183 1401 243 1489 οὐχ
263 1404 353 1488 ἑνός,
375 1399 459 1470 ἀλλά
481 1408 614 1470 πολλῶν
637 1407 756 1480 δοῦλος
777 1399 963 1485 ἀναγκαίως
984 1406 1042 1489 έση
1062 1403 1116 1468 καὶ

115 1500 289 1588 θητεύσεις
308 1500 397 1568 κάτω
417 1497 584 1577 νενευκός
597 1502 707 1566 ἕωθεν
723 1504 768 1578 είς
785 1501 927 1583 ἑσπέραν
942 1497 1117 1589 ,,ἀεικελίφ

117 1601 167 1672 ἐπὶ
181 1605 292 1686 μισθῷ
302 1605 332 1640 ·“
350 1599 404 1665 καλ
425 1596 483 1664 ἅτε
504 1595 544 1682 δή
559 1595 603 1683 μή
619 1601 656 1665 έκ
676 1601 805 1664 παίδων
825 1604 865 1684 τῆ
885 1600 1020 1685 δουλεία
1036 1600 1115 1676 ξνν·

119 1705 264 1783 τραφείς,
280 1693 492 1782 ὀψιμαθήσας
507 1698 608 1764 δὲκαὶ
619 1695 735 1781 πόρρω
747 1721 814 1762 που
825 1704 881 1782 τῆς
894 1692 1022 1781 ήλικίας
1038 1718 1114 1760 παι-

116 1795 294 1881 δευόμενος
308 1792 390 1880 πρός
407 1793 507 1881 αύτῆς
523 1794 564 1861 ού
578 1795 671 1861 πάυυ
681 1792 856 1879 εὐδόκιμος
870 1800 928 1882 έση
942 1790 1022 1861 οὐδὲ
1033 1799 1114 1859 πολ-

115 1901 176 1963 λοῦ
191 1892 280 1975 ἀξιος
296 1900 341 1979 τῷ
358 1895 516 1983 δεσπότη·
544 1897 734 1981 διαφθείρει
752 1892 816 1980 γάρ
837 1917 875 1961 σε
895 1890 916 1979 ή
931 1891 1043 1980 μνήμη
1058 1901 1113 1979 τῆς
1131 1910 1183 1967 679

115 1995 306 2074 ἐλευθερίας
320 1987 463 2058 ὑπιοῦσα
485 1994 539 2058 καλ
555 1990 760 2077 ἀποσκιρτᾶν
775 1994 879 2059 ένίοτε
895 2006 986 2059 ποιεῖ
997 1994 1051 2059 καὶ
1068 1989 1112 2057 δι’

115 2085 195 2154 αύτό
217 2090 252 2153 ἐν
270 2094 310 2173 τῆ
330 2092 463 2177 δουλείᾳ
482 2096 636 2173 πονηρῶς
654 2089 889 2173 ἀπαλλάττειν,
910 2090 998 2174 πλήν
1019 2095 1049 2155 εί
1070 2085 1114 2173 μή

116 2184 263 2270 ἀποχρῆν
279 2204 332 2250 σοι
352 2184 435 2269 πρός
450 2190 646 2271 ἐλευθερίαν
661 2191 818 2270 νομίζεις,
842 2185 878 2252 τό
900 2186 944 2272 μή
960 2191 1115 2271 Πυρρίου

115 2282 197 2367 μηδὲ
211 2289 432 2365 Ζωπυρίωνος
452 2282 529 2351 υίόν
550 2282 649 2368 εἶναι,
674 2282 757 2368 μηδὲ
772 2280 882 2367 ὥσπερ
901 2309 950 2359 τις
965 2280 1115 2359 Βιθυνός

116 2377 181 2447 ὑπὸ
199 2382 425 2472 μεγαλοφώνῳ
442 2390 486 2471 τῷ
507 2383 628 2469 κήρυκι
645 2380 912 2466 ἀπημπολῆσθαι.
935 2378 1006 2449 ἀλλ’
1033 2379 1115 2447 ὁπό-

118 2506 192 2561 ταν,
209 2472 235 2545 ἀ
246 2481 407 2565 βέλτιστε,
420 2488 476 2567 τῆς
486 2486 669 2568 νουμηνίας
679 2479 854 2563 έπιστάσης
864 2476 1058 2565 ἀναμιχθεὶς
1068 2485 1114 2567 τῷ

118 2585 248 2666 Πυρρίᾳ
263 2581 316 2646 καὶ
336 2586 381 2669 τῷ
395 2587 594 2663 Ζωπυρίωνι
614 2584 788 2665 προτείνης
807 2576 869 2664 τήν
883 2592 974 2664 χείρα
994 2576 1116 2664 ὁμοίως
1224 2612 1228 2618 ·

115 2692 182 2755 τοῖς
201 2676 314 2755 ἀλλοις
335 2680 474 2755 οἰκέταις
493 2680 548 2745 καλ
565 2678 670 2765 λα’βης
689 2679 794 2744 ἐκεῖνο
816 2676 988 2763 ὁτιδήποτε
1008 2670 1053 2763 ῆν
1076 2673 1113 2745 τό

115 2776 329 2861 γιγνόμενον,
344 2783 441 2843 τοῦτο
455 2774 476 2862 ῆ
492 2782 610 2861 πρᾶσίς
625 2777 710 2842 ἐστι·
733 2776 877 2861 κήρυκος
892 2773 956 2860 γὰρ
974 2772 1036 2842 ούκ
1048 2778 1114 2844 ἔδει

115 2872 166 2943 ἐπ’
187 2873 293 2959 ἀνδρα
308 2873 427 2941 ἑαυτὸν
441 2872 695 2961 ἀποκηρύξαντα
710 2876 765 2941 καὶ
778 2880 892 2963 μακρῷ
902 2874 1012 2962 χρόνῳ
1028 2898 1115 2959 μνη-

116 2974 341 3058 στευσόμενον
357 2973 461 3061 ἑαυτῷ
477 2970 537 3041 τδν
551 2973 724 3060 δεσπότην.
747 2978 797 3041 24.
811 2972 885 3058 εἶτ’,
902 2966 929 3040 ἀ
944 2971 1113 3058 κάθαρμα,

116 3078 219 3158 φαίην
236 3070 295 3156 ἀν,
317 3072 372 3139 καὶ
385 3071 525 3156 μάλιστα
541 3070 624 3156 πρὸς
644 3070 704 3139 τόν
717 3081 915 3159 φιλοσοφεῖν
930 3072 1114 3157 φάσκοντα,

116 3177 146 3238 εί
159 3172 220 3256 μέν
235 3172 274 3237 σέ
286 3195 335 3247 τις
353 3164 374 3255 ή
390 3172 532 3237 πλέοντα
552 3169 810 3257 καταποντιστὴς
827 3166 1037 3255 συλλαβωνῆ
1054 3178 1114 3257 λη-

116 3267 193 3353 στής
209 3265 399 3350 ἀπεδίδοτο,
415 3265 565 3357 ᾤκτειρες
576 3264 619 3336 ἀν
634 3266 776 3337 σεαυτόν
787 3266 831 3347 ὡς
843 3265 932 3353 παρά
947 3266 1008 3354 τήν
1020 3267 1115 3349 ἀξίαν

116 3371 360 3453 δυστυχοῦντα,
379 3363 400 3454 ή
418 3377 451 3436 εί
463 3375 510 3448 τίς
532 3389 594 3436 σου
610 3369 795 3456 λαβόμενος
813 3362 874 3455 ῆγε
892 3374 1015 3521 δχιχλῆον
1030 3368 1114 3436 εἶναι
