2550 3825
363 186 583 243 ENAAIOI
612 187 868 244 ΔΙΑΛΟΓΟΙ.
1053 180 1111 243 131

114 343 288 408 θάλατταν.
322 341 576 430 ὑποπίμπλαμαι
603 337 705 421 αὖθις
730 342 808 421 τοῦς
831 341 1029 430 όφθαλμοὺς
1051 348 1111 411 δαψ
1128 354 1181 408 32⁰

112 437 224 520 κρόων
239 441 497 526 μνημονεύουσα
514 438 634 508 αὐτῶν.

193 547 296 608 ΔΩΡ.
314 538 408 628 Κᾶμέ
419 546 582 626 δακρῦσαι
595 543 756 625 ἐποίησας.
775 537 848 608 ἀλλ’
861 538 926 625 ἤδη
936 546 1111 611 τεθνᾶσιν;

195 645 291 705 MT.
317 637 495 725 Οὐδαμῶς·
526 637 659 724 νήχεται
679 634 743 722 γὰρ
766 643 813 704 ἔτι
835 633 852 721 ἡ
874 633 1013 722 κιβωτός
1027 632 1112 720 ἀμφὶ

112 731 171 820 τὴν
188 739 340 821 Σέριφον
356 741 477 815 ζῶντας
491 731 613 811 αότοὺς
629 734 852 818 φυλάττουσα.

194 842 295 902 ΛΩΡ.
321 842 364 901 Τί
374 827 437 901 οῦν
447 831 518 917 οὑχὶ
534 831 679 916 σώζομεν
690 828 797 917 αὑτὴν
811 846 879 910 τοῖς
894 830 1022 899 ἁλιεῦσι
1032 830 1113 897 τοῦ-

114 957 178 1010 τοις
196 935 397 1018 ἐμβαλοῦσαι
414 934 446 1010 ές
460 929 499 998 τὰ
515 935 631 997 δίκτυα
645 943 713 1006 τοῖς
727 936 917 1015 Σεριφίοιςς
940 934 973 996 οί
983 931 1018 996 δέ
1030 926 1112 994 ἄνα-

113 1029 298 1107 σπόσαντες
313 1029 458 1096 σώσουσι
474 1032 575 1113 δῆλον
594 1025 653 1094 ὅτι.

195 1135 292 1194 MT.
315 1120 366 1194 1ῦῦ
380 1129 500 1213 λέγεις,
518 1124 605 1192 οὕτω
616 1131 781 1211 ποιεῦμεν·
803 1123 847 1212 μὴ
859 1125 923 1212 γὰρ
936 1124 1112 1193 ἀπολέσθω

113 1225 192 1311 μήτε
207 1223 289 1311 αὑτὴ
306 1225 387 1313 μήτε
401 1224 437 1293 τό
456 1227 590 1292 παιδίον
605 1221 711 1302 οὑτως
727 1221 768 1292 όν
786 1225 899 1292 καλόν.

590 1482 638 1543 13.

262 1586 960 1641 ΕΝΙΠΕκΣκλτΠοΣΕιΔκΝοΣ

197 1725 224 1788 l.
248 1729 370 1788 ENIH.
396 1717 448 1788 οῦ
465 1719 549 1788 καλὰ
565 1728 684 1802 ταῦτα,
706 1712 927 1786 ώΠόσειδον·
951 1720 1113 1805 εἰρήσεται

113 1816 176 1903 γὰρ
187 1816 346 1904 τάληθές·
362 1816 523 1886 ὑπελθών
533 1843 599 1904 μου
610 1815 673 1902 τὴν
684 1819 854 1902 ἐρωμένην
867 1819 1031 1894 εἰκασθείς
1043 1819 1113 1903 ἐμοὶ

113 1917 326 2002 διεκόρευσας
340 1916 401 2004 τὴν
424 1923 538 1985 παῖδα·
570 1915 590 2003 ἡ
607 1918 643 1983 δὲ
660 1915 741 2006 ᾤετο
763 1911 821 1983 ὑπ’
839 1919 921 2001 ἐμοῦ
937 1923 1038 1983 ταῦτα
1054 1940 1113 1981 πε-

112 2016 277 2082 πονθέναι
291 2016 346 2084 καὶ
361 2013 415 2082 διὰ
429 2022 527 2083 τοῦτο
543 2028 697 2099 παρεῖχεν
713 2014 843 2099 ἑαυτήν.

196 2121 301 2182 ΠΟΣ.
323 2113 377 2182 Σὺ
397 2115 480 2200 γάρ,
504 2107 697 2197 ώἙνιπεῦ,
719 2108 940 2196 ὑπεροπτικὸς
954 2104 1044 2194 ἦσθα
1061 2112 1115 2175 καὶ

112 2211 256 2301 βραδύς,
277 2210 313 2290 ὃς
326 2211 428 2300 κόρης
448 2211 537 2280 οὑτω
551 2218 653 2297 καλῆς
668 2210 833 2295 φοιτώσης
852 2207 1009 2294 ὁσημέραι
1024 2203 1114 2291 παρὰ

113 2315 166 2396 σέ,
179 2309 409 2397 ἀπολλυμένης
420 2308 485 2379 ὑπό
497 2318 558 2378 τοῦ
570 2318 705 2393 ἔρωτος,
717 2306 909 2389 ὑπερεώρας
924 2308 978 2372 καὶ
990 2310 1115 2389 ἔχαιρες

112 2416 232 2477 λυπών
245 2408 360 2496 αὑτήν,
375 2408 395 2496 ἡ
409 2412 445 2478 δέ
456 2412 530 2495 περὶ
541 2406 598 2486 τός
609 2406 713 2493 ὄχθας
724 2404 875 2472 ἁλύουσα
889 2406 943 2471 καὶ
959 2406 1115 2489 ἐπεμβαί-

113 2530 220 2575 νουσα
240 2511 295 2575 καλ
314 2513 478 2593 λουομένη
500 2509 604 2574 ἐνίοτε
621 2503 740 2591 ηὑχετό
761 2524 813 2570 σοι
833 2506 997 2588 ἐντυχεῖν,
1018 2498 1060 2567 σὺ
1079 2499 1115 2569 δέ
1130 2512 1182 2567 321

115 2605 287 2690 ἐθρύπτου
300 2604 383 2690 πρὸς
398 2605 512 2692 αὑτήν.

198 2712 227 2773 2.
251 2713 373 2773 ENIH.
401 2712 442 2773 Τί
454 2699 533 2786 οὖας
556 2702 609 2771 διέι
626 2711 726 2769 τοῦτο
742 2704 840 2785 ἐχρῆν
852 2720 888 2767 σε
904 2699 1116 2784 προαρπάσαι

113 2802 173 2873 τόν
194 2810 299 2889 ἔρωτα
314 2806 368 2871 καὶ
385 2809 702 2887 καθυποκρίνασθαι
714 2798 842 2866 Ἐνιπέα
860 2796 932 2865 ἄντί
946 2802 1117 2864 Ποσειδώ-

113 2928 172 2981 νος
194 2899 278 2967 εἶναι
299 2902 352 2967 καί
375 2906 664 2984 κατασοφίσασθαι
687 2896 749 2983 τὴν
768 2895 864 2983 Τυρώ
889 2894 994 2982 ἀφελῆ
1012 2895 1116 2981 κόρην

114 2992 238 3067 οὑστνι

133 3138 142 3155 ·
198 3103 303 3163 ΠΟΣ.
324 3094 399 3175 ’0υέ
416 3101 618 3180 ζηλοτυπεῖς,
636 3086 662 3160 ώ
672 3092 818 3176 Ἐνιπεῦ,
835 3090 1023 3177 ὑπερόπτης
1034 3090 1117 3174 πρό-

114 3220 214 3278 τερον
231 3192 297 3260 ών·
326 3191 347 3279 ἡ
368 3191 466 3276 Τυρώ
488 3194 523 3258 δὲ
543 3189 643 3257 οὐδέν
662 3188 774 3257 δεινόν
795 3194 966 3255 πέπονθεν
984 3190 1118 3273 οἰομένη

113 3289 181 3358 ὑπό
200 3298 262 3358 σοῦ
280 3295 567 3376 διακεκορεῦσθαι.

200 3397 323 3458 ΕΝΙΠ.
349 3387 401 3456 Οῦ
414 3391 476 3475 μὲν
491 3383 569 3454 οὑν·
594 3396 727 3475 ἔφησθα
738 3384 801 3473 χὺρ
814 3383 922 3452 όπιών
932 3383 986 3529 ἔτη
998 3392 1116 3451 Ποσει-
