2550 3825
529 191 749 249 ΑΛΚΥΩΝ.
1097 189 1139 251 59

139 344 182 424 ός
199 346 293 434 ἡδεῖα
309 365 379 429 ταῖς
400 342 522 428 ἀκοαῖς.
551 355 585 416 τί
601 346 674 415 ποτ’
694 346 750 434 ἀρ’
767 351 834 417 ἐστὶ
848 349 885 416 τό
901 353 1139 438 φθεγγόμενον

139 451 236 535 ζῷονς
256 446 376 531 ἀφωνα
389 446 453 533 γάρ
466 445 505 533 δὴ
520 446 561 512 τά
576 472 614 530 γε
629 444 710 513 καθ’
727 445 848 525 ύδατος
864 449 1073 533 διαιτάμενα.
1159 463 1206 518 177

221 550 295 611 m.
313 551 475 611 Θαλαττία
488 570 548 628 τις,
564 537 792 629 ύΧαιρεφῶν,
807 543 900 628 ὅρνις
910 542 1046 612 άλκυών
1060 541 1140 610 όνοὲ

138 644 318 727 μαξομένη,
334 644 548 727 πολύθρηνος
562 644 616 707 καὶ
630 642 859 728 πολύδακρυς,
877 644 951 727 περὶ
965 634 1006 728 ἧς
1020 639 1061 728 δη
1074 666 1140 708 πα·

138 734 229 815 λαιδς
246 734 440 825 ἀνθρώποις
454 738 663 823 μεμύθευται
673 737 788 821 λόγοςῦ
810 742 891 823 φασὶ
905 738 1049 824 γυναῖκά
1059 762 1139 806 ποτε

139 828 246 901 οὖσαν
260 837 386 903 Αἰόλον
406 842 467 927 τοῦ
478 833 636 921 Ἕλληνος
651 840 822 921 θυγατέρα
842 841 1015 923 κουρίδιον
1032 836 1139 922 ἀνδρα
1159 852 1207 906 178

139 930 198 999 τόν
213 929 314 1019 αὐτῆς
333 940 500 1001 τεθνεῶτα
520 942 662 1020 θρηνεῖν
678 935 777 1023 πόθῳ
797 941 925 1019 φιλίας,
947 936 1066 1021 Κήῦκα
1079 932 1139 1000 τόν

143 1036 320 1116 Τραχίνιον
329 1028 587 1117 τὸνἙωσφόρου
598 1038 659 1099 τού
670 1029 816 1117 ἀστέρος,
828 1039 933 1100 καλοῦ
944 1029 1068 1115 πατρός
1077 1058 1138 1099 κα-

140 1123 201 1194 λόν
214 1126 306 1195 υίόν·
330 1126 397 1195 εἶτα
413 1126 452 1215 δη
468 1138 697 1213 πτερωθείσαυ
712 1127 767 1196 διά
779 1155 854 1195 τινα
867 1133 1044 1213 δαιμονίαν
1055 1130 1138 1214 βού-

140 1231 236 1308 λησιν
253 1230 298 1303 είς
319 1222 458 1310 ὄρνιθος
478 1226 604 1311 τρόπον
622 1229 857 1311 περιπέτεσθαι
877 1224 917 1292 τά
937 1226 1063 1311 πελάγη
1083 1231 1139 1309 ζη-

139 1326 263 1386 τοῦσαν
280 1323 425 1406 ἐκεῖνον,
448 1319 560 1407 ἐπειδὴ
575 1324 761 1406 πλαζομὲνη
782 1329 845 1407 γῆν
865 1324 940 1407 περὶ
952 1328 1064 1388 πᾶσαν
1079 1318 1139 1405 ούχ

141 1414 237 1482 εἵατ’
254 1409 297 1503 ἦν
312 1416 431 1500 εὑρεῖν.

224 1518 252 1581 2.
274 1522 391 1583 ΧΑΙΡ.
410 1513 560 1583 Ἀλκυάν
577 1512 667 1581 τοῦτ’
685 1520 791 1598 ἔστιν,
813 1511 889 1581 δσύ
906 1515 989 1601 φης·;
1012 1512 1053 1581 ού
1067 1515 1140 1581 πύ-

140 1637 219 1679 ιιοτε
229 1613 382 1697 πρόσθεν
393 1610 550 1700 ἠκηκόειν
564 1620 621 1699 της
637 1618 768 1698 φωνῆς,
783 1609 867 1680 ἀλλά
880 1638 936 1698 μοι
947 1614 1023 1697 ξένη
1034 1638 1083 1690 τις
1093 1611 1138 1703 τῷ

140 1708 420 1795 όντιπροσίπεσε·
441 1713 553 1797 γοάδη
563 1717 649 1796 γοῦν
661 1709 705 1788 ὡς
716 1707 850 1794 άληθῶς
860 1708 920 1777 τόν
929 1702 1013 1796 ἦχον
1021 1707 1138 1794 ἀφίησι

142 1804 177 1873 τό
194 1812 285 1895 ζῷον.
307 1814 448 1893 πηλίκον
461 1810 501 1874 δέ
509 1834 540 1874 τι
554 1809 608 1874 καὶ
624 1812 732 1891 ἔστιν,
749 1797 981 1892 ύΣύκρατεςς

225 1912 300 1973 Σίλ.
325 1902 377 1974 Ού
389 1906 487 1992 μέγα·
509 1906 658 1992 μεγάλην
667 1908 780 1990 μέντοι
796 1903 851 1973 διά
861 1902 923 1991 τὴν
938 1907 1139 1991 φιλανδρίαν

141 2011 255 2089 είληφε
268 2000 359 2088 παρὰ
373 2010 465 2070 θεῶν
475 2004 589 2088 τιμήν·
612 2005 663 2070 ἐπὶ
675 2002 739 2088 γάρ
753 2010 794 2090 τῇ
803 2003 933 2070 τούτων
943 2008 1072 2090 νεοττία
1083 2002 1139 2068 καὶ

139 2097 198 2177 τὰς
213 2098 411 2178 ἀλκυονίδας
421 2101 753 2184 προσαγορευομένας
763 2096 885 2186 ἡμέρας
900 2098 1051 2185 ὁκόσμος
1064 2096 1138 2182 ἀγει

139 2195 222 2264 τιατά
236 2203 380 2283 χειμῶνα
396 2201 497 2283 με’σον
517 2197 740 2284 διαφερούσας
756 2212 826 2276 ταῖς
844 2195 983 2279 εύδίαις,
1005 2189 1054 2263 ὦν
1069 2197 1137 2263 ἐστι
1153 2206 1202 2258 179

140 2297 194 2362 καὶ
216 2291 236 2380 ἡ
254 2294 398 2381 τήμερον
411 2290 536 2372 παντὸς
550 2302 686 2381 μᾶλλον.
716 2293 776 2380 όύχ
792 2292 873 2382 ὁρᾷς
889 2291 934 2371 ὡς
947 2303 1064 2379 αίθρια
1077 2290 1139 2376 μὲν

141 2385 182 2456 τά
195 2389 346 2478 ἀνωθεν,
368 2389 561 2478 ἀκύμαντον
576 2394 612 2460 δὲ
631 2396 686 2460 καὶ
700 2391 860 2479 γαλήνιον
873 2389 964 2457 άπαν
979 2387 1016 2456 τό
1037 2392 1139 2456 πίλα-

141 2513 218 2576 γος,
230 2487 346 2574 ὅμοιον
360 2487 404 2569 ὡς
418 2497 522 2559 εἰπεῖν
536 2491 726 2580 κατόπτροις

225 2595 339 2657 XAIP.
363 2591 477 2674 Λίγεις
492 2587 619 2676 ὀρθῶς·
642 2595 795 2675 φαίνεται
807 2584 872 2674 γάρ
883 2582 1139 2671 ἀλκυονὶςὴτή-

137 2712 243 2771 -μερον
258 2683 420 2773 ὑπάρχειν
434 2684 554 2774 ἡμέρα,
573 2691 626 2756 καὶ
636 2688 716 2772 χθὲς
727 2684 763 2754 δὲ
776 2685 912 2770 τοιαύτη
922 2712 971 2764 τις
981 2678 1031 2771 ἦν.
1055 2679 1139 2752 ἀλλὰ

139 2785 223 2871 πρός
239 2791 347 2870 θεῶν,
369 2794 438 2864 παῖς
458 2811 538 2854 ποτε
557 2783 619 2872 χρη
641 2791 821 2871 πεισθῆναι
835 2798 902 2862 τοῖς
921 2786 954 2863 ἐξ
971 2781 1087 2869 ἀρχῆς,
1111 2773 1138 2846 ⁰3

140 2885 332 2965 Σώκρατες,
351 2880 394 2960 ὡς
409 2886 442 2963 ἐξ
456 2881 606 2969 ὀρνίθων
620 2885 776 2969 γυναῖκές
789 2907 869 2949 ποτε
879 2875 1065 2967 ἐγένοντοῆ
1079 2877 1139 2964 ὅρ-

139 2988 235 3056 ννθες
249 2980 285 3045 ἐκ
301 2988 490 3064 γυναικῶνς
512 2978 636 3059 παντὸς
649 2978 714 3067 γάρ
731 2987 859 3066 μᾶλλον
874 2976 1042 3046 ἀδύνατον
1059 2983 1139 3062 φαί-

140 3102 232 3144 νεται
249 3083 316 3142 πᾶν
330 3077 366 3145 τὸ
382 3086 543 3146 τοιοῦτον.

225 3183 254 3244 3.
277 3183 352 3244 ΣΩ.
371 3171 411 3244 Ὦ
426 3184 502 3262 φίλε
518 3185 715 3263 Χαιρεφῶν,
731 3179 884 3262 ἐοίκαμεν
897 3188 990 3261 ημετς
1000 3180 1067 3241 τῶν
1078 3176 1139 3238 δυ·

140 3275 252 3341 ναταλν
271 3299 306 3340 τε
322 3277 374 3342 καί
397 3271 574 3342 ἀδυνάτων
597 3273 795 3363 ἀμβλυωποί
811 3298 898 3351 τινες
926 3271 1010 3340 εἶναι
1032 3281 1140 3353 κριταί

140 3378 325 3450 παντελῶς·
350 3372 568 3459 δοκιμάζομεν
581 3370 646 3461 γάρ
659 3369 699 3459 δὴ
714 3369 797 3439 κατά
809 3369 954 3456 δύναμιν
965 3366 1140 3450 ἀνθρωπί-
