2550 3825
449 194 701 255 ΝΙΓΡΙΝΟΣ.
1032 184 1073 249 21

86 356 303 445 ὁμολογούσης
324 356 428 441 μηδὲν
450 348 561 419 αύτων
585 348 669 417 εἶναι
687 352 840 436 βέβαιον,
861 348 950 435 ὅμως
971 339 1073 415 ταῦθ’

86 455 236 541 ὁσημέραι
253 457 430 541 βλέποντες
451 450 623 538 ὀρέγονται
647 454 701 518 καὶ
722 449 871 517 πλούτου
893 449 948 516 καλ
968 452 1073 514 δυνα-

85 561 185 631 στείας
201 555 256 621 καὶ
271 555 384 638 μεστοί
397 559 543 639 περιίασι
558 552 681 631 πάντες
702 549 744 619 ού
757 552 967 637 γιγνομένων
983 552 1075 617 ε’λπί-

86 658 156 721 δων.
179 658 229 721 21.
245 649 265 719 δ
279 651 315 721 δέ
330 648 370 738 δὴ
386 658 483 737 έφην,
501 649 554 719 ὅτι
564 653 619 719 καὶ
628 660 730 735 γελᾶν
742 654 779 718 ἐν
789 664 857 729 τοῖς
866 651 1076 736 γιγνομένοις
1093 659 1129 716 59

85 759 185 820 ἔνεστι
200 752 255 819 καὶ
271 759 556 836 ψυχαγωγεῖσθαι,
577 757 676 817 τοῦτο
698 749 761 836 ἤδη
781 768 834 817 σοι
854 746 982 835 φράσω.
1004 752 1074 823 πῶς

85 848 144 936 γάρ
158 847 200 917 ού
215 857 338 935 γελοῖοι
359 849 422 934 μέν
445 852 479 917 οἱ
490 858 714 928 πλουτοῦντες
734 846 829 917 αύτοὶ
848 844 975 925 καὶτὰς
990 870 1074 930 πορ-

85 952 223 1033 φυρίδας
233 955 477 1033 προφαίνοντες
487 950 542 1016 καλ
553 946 632 1027 τούς
644 948 829 1025 δακτύλους
844 951 1074 1032 προτείνοντες

85 1049 135 1115 καλ
150 1044 277 1133 πολλὴν
291 1053 554 1133 κατηγοροῦντες
569 1045 824 1128 άπειροκαλίαν;
847 1043 884 1113 τό
904 1044 941 1111 δὲ
955 1042 1075 1111 καινό-

19 1134 26 1153 ’
85 1173 189 1232 τατον,
205 1144 283 1223 τούς
294 1147 555 1233 ἐντυγχάνοντας
566 1142 722 1235 άλλοτρίμ
735 1152 832 1231 φωνῇ
845 1161 1075 1227 προσαγορευ-

84 1273 184 1332 οντες,
192 1243 511 1331 άγαπάνάξιοῦντες,
522 1242 688 1330 ὅτιμόνον
697 1240 1074 1327 αύτούςπροσέβλευανς

87 1350 120 1412 οί
139 1348 175 1411 δὲ
192 1343 386 1429 σεμνότεροι
405 1350 460 1411 καλ
481 1352 746 1429 προσκυνεῖσθαι
766 1343 1010 1426 περιμένοντες,
1033 1334 1074 1403 ού

85 1442 259 1529 πόρρωθεν
271 1439 345 1510 οὐδ’
359 1438 551 1528 ὡςΠίρσαις
563 1440 677 1528 νόμος,
688 1438 770 1508 άλλά
785 1445 838 1508 δεῖ
844 1437 1075 1522 προσελθόντα

84 1544 136 1608 καί
151 1537 374 1620 ὑποκύψαντα
394 1542 449 1608 καὶ
470 1540 672 1626 [πόρρωθεν]
693 1536 755 1624 τὴν
777 1536 888 1624 ψυχὴν
910 1535 1075 1605 ταπεινό-

85 1659 188 1705 σαντα
205 1638 260 1703 καί
276 1636 313 1703 τό
325 1638 435 1717 πάθος
446 1636 548 1723 αύτῆς
564 1642 791 1724 ἐμφανίσαντα
807 1644 914 1727 τῇτοῦ
925 1636 1076 1722 σώματος

86 1736 254 1823 ὁμοιότητι
271 1734 445 1821 τὸστῆθος
461 1733 483 1822 ἢ
498 1736 560 1823 την
576 1736 690 1818 δεξιάν
703 1748 914 1825 καταφιλεῖν,
931 1733 1076 1822 ζηλωτόν

83 1838 135 1905 καὶ
158 1842 378 1922 περίβλεπτον
398 1848 467 1914 τοῖς
485 1836 568 1923 μηδὲ
589 1838 713 1906 τούτου
733 1838 973 1926 τυγχάνουσιν·
1002 1834 1021 1904 ὁ
1042 1831 1073 1902 δ’

82 1938 198 2022 ἕστηκε
209 1937 361 2021 παρέχων
376 1933 495 2002 ἑαυτὸν
506 1941 551 2013 είς
565 1944 667 2005 πλείω
680 1937 804 2024 χρόνον
815 1935 1075 2022 ἐξαπατώμενον.

82 2039 206 2103 ἐπαινῶ
224 2034 262 2101 δέ
274 2060 312 2119 γε
327 2032 448 2119 ταύτης
460 2031 582 2113 αύτούς
594 2043 651 2122 της
662 2034 913 2122 α’πανθρωπίας,
931 2035 982 2103 ὅτι
993 2033 1075 2120 μηδὲ
1096 2042 1131 2096 6⁰

19 2215 21 2228 y
81 2149 148 2213 τοῖς
169 2133 332 2219 στόμασιν
356 2130 442 2219 ἡμᾶς
462 2140 662 2215 προσίενται.
707 2141 758 2202 22.
777 2134 865 2204 πολύ
886 2135 922 2202 δὲ
946 2134 1076 2202 τούτων

81 2238 113 2299 οἱ
128 2231 326 2315 προσιόντες
337 2228 432 2300 αὐτοὶ
446 2235 500 2301 καλ
516 2233 763 2318 θεραπεύοντες
776 2235 992 2319 γελοιότεροι,
1013 2259 1077 2300 νυ-

80 2328 157 2409 κτὸς
172 2328 235 2415 μὲν
247 2331 494 2415 ἐξανιστάμενοι
508 2333 619 2418 μέσης,
634 2333 847 2417 περιθέοντες
861 2334 898 2398 δέ
913 2333 950 2398 ἐν
963 2330 1076 2421 κύκλῳ

80 2427 142 2515 τὴν
156 2429 257 2497 πόλιν
278 2430 331 2496 καλ
345 2427 427 2514 πρδς
441 2436 510 2498 των
526 2436 664 2498 οίκεταῖν
689 2428 959 2516 ἀποκλειόμενοι,
978 2429 1077 2506 κύνες

79 2531 134 2596 καὶ
149 2528 289 2606 κόλακες
303 2529 358 2595 καὶ
372 2526 411 2595 τά
426 2535 563 2596 τοιαῦτα
578 2524 715 2593 άκούειν
729 2524 960 2613 ὑπομένοντες.
978 2532 1077 2614 γέρας

80 2628 113 2694 δέ
125 2635 186 2711 τῆς
198 2632 316 2709 πικρᾶς
327 2626 448 2713 ταύτης
459 2625 571 2704 αύτολς
582 2622 741 2709 περιόδου
751 2621 787 2693 τδ
800 2624 962 2711 φορτικόν
970 2631 1077 2695 έκεῖνο

79 2731 221 2794 δεῖπνον
241 2727 296 2790 καὶ
316 2732 450 2792 πολλῶν
472 2735 578 2792 αίτιον
596 2729 798 2809 συμφορῶν,
823 2729 860 2791 ἐν
874 2717 901 2815 ᾦ
915 2725 1002 2794 πόσα
1016 2728 1078 2812 μὲν

79 2822 300 2910 ἐμφαγόντες,
319 2824 406 2889 πόσα
421 2824 457 2891 δὲ
473 2820 562 2908 παρά
577 2822 718 2910 γνύμην
732 2824 915 2910 ἐμπιόντες,
938 2825 1026 2893 πόσα
1042 2825 1078 2893 δέ

78 2917 126 2992 όν
153 2919 219 2989 ούκ
243 2924 342 3006 ἐχρῆν
361 2918 630 3008 ἀπολαλήσαντες
650 2916 673 3007 ἦ
689 2920 898 3007 μεμφόμενοι
910 2920 947 2990 τὸ
963 2931 1078 2991 τελευ-

77 3036 176 3089 ταῖον
198 3015 485 3105 η’δνσφοροῦντες
507 3019 644 3088 άπίασιν
666 3015 937 3107 ἢδιαβάλλοντες
953 3020 990 3090 τό
1010 3027 1078 3090 δεῖ·
1108 3101 1112 3108 ¹

76 3145 170 3189 πνον
185 3113 211 3204 ἦ
225 3116 327 3205 ὕβριν
342 3121 396 3186 καλ
410 3127 627 3206 μικρολογίαν
641 3122 868 3206 ἐγκαλοῦντες.
891 3121 1027 3208 πλήρεις
1042 3123 1079 3190 δὲ

23 3303 25 3308 ,
74 3218 195 3288 αὐτῶν
212 3216 384 3302 ἐμούντων
401 3221 436 3284 οί
447 3221 609 3287 στενωποὶ
622 3216 772 3304 καὶπρὸς
784 3232 853 3297 τοίς
865 3227 1079 3304 χαμαιτυπεί·

23 3317 26 3430 χ
74 3343 122 3398 οις
149 3319 368 3405 μαχομένων·
398 3318 454 3384 καὶ
482 3315 560 3402 μεθ’
583 3315 710 3404 ἡμέραν
738 3321 772 3384 οί
796 3325 945 3396 πλείονες
965 3316 1076 3387 αὐτῶν
1096 3336 1128 3390 61

25 3431 26 3434 ’
73 3416 340 3492 κατακλιθέντες
361 3420 485 3498 ίατροῑς
504 3420 707 3500 παρέχουσιν
721 3413 875 3503 άφορμάς
895 3417 1078 3496 περιόδων·
