<?xml version="1.0" encoding="UTF-8"?>
<!DOCTYPE html PUBLIC "-//W3C//DTD XHTML 1.0 Transitional//EN"
    "http://www.w3.org/TR/xhtml1/DTD/xhtml1-transitional.dtd">
<html xmlns="http://www.w3.org/1999/xhtml" xml:lang="en" lang="en">
 <head>
  <title>
</title>
<meta http-equiv="Content-Type" content="text/html;charset=utf-8" />
  <meta name='ocr-system' content='tesseract 3.04.00' />
  <meta name='ocr-capabilities' content='ocr_page ocr_carea ocr_par ocr_line ocrx_word'/>
</head>
<body>
  <div class='ocr_page' id='page_1' title='image "./lucianisamosate03jacogoog/lucianisamosate03jacogoog_0434.png"; bbox 0 0 2550 3825; ppageno 0'>
   <div class='ocr_carea' id='block_1_1' title="bbox 495 191 1083 260">
    <p class='ocr_par' dir='ltr' id='par_1_1' title="bbox 495 191 1083 260">
     <span class='ocr_line' id='line_1_1' title="bbox 495 191 1083 260; baseline 0 -6"><span class='ocrx_word' id='word_1_1' title='bbox 495 192 678 260; x_wconf 63' lang='grc' dir='ltr'><em>ΖΕἜΞΙΣ.</em></span> <span class='ocrx_word' id='word_1_2' title='bbox 1021 191 1083 255; x_wconf 85' lang='grc'><strong><em>395</em></strong></span> 
     </span>
    </p>
   </div>
   <div class='ocr_carea' id='block_1_2' title="bbox 76 346 1199 3477">
    <p class='ocr_par' dir='ltr' id='par_1_2' title="bbox 82 346 1199 830">
     <span class='ocr_line' id='line_1_2' title="bbox 84 346 1083 442; baseline 0.004 -24"><span class='ocrx_word' id='word_1_3' title='bbox 84 350 288 437; x_wconf 74' lang='grc' dir='ltr'><em>γραμμάτων</em></span> <span class='ocrx_word' id='word_1_4' title='bbox 301 356 398 440; x_wconf 81' lang='grc' dir='ltr'><strong><em>ξένην</em></strong></span> <span class='ocrx_word' id='word_1_5' title='bbox 413 346 520 421; x_wconf 86' lang='grc' dir='ltr'><strong><em>οὖσαν</em></strong></span> <span class='ocrx_word' id='word_1_6' title='bbox 536 353 590 420; x_wconf 84' lang='grc' dir='ltr'><strong><em>καλ</em></strong></span> <span class='ocrx_word' id='word_1_7' title='bbox 608 351 717 420; x_wconf 80' lang='grc' dir='ltr'><strong><em>πολύν</em></strong></span> <span class='ocrx_word' id='word_1_8' title='bbox 733 357 770 421; x_wconf 88' lang='grc' dir='ltr'><strong><em>έν</em></strong></span> <span class='ocrx_word' id='word_1_9' title='bbox 791 352 876 442; x_wconf 78' lang='grc' dir='ltr'><strong><em>αὐτῇ</em></strong></span> <span class='ocrx_word' id='word_1_10' title='bbox 888 351 948 422; x_wconf 87' lang='grc' dir='ltr'><strong><em>τόν</em></strong></span> <span class='ocrx_word' id='word_1_11' title='bbox 963 378 1083 422; x_wconf 83' lang='grc' dir='ltr'><strong><em>νεωτε·</em></strong></span> 
     </span>
     <span class='ocr_line' id='line_1_3' title="bbox 84 449 1199 537; baseline -0.002 -19"><span class='ocrx_word' id='word_1_12' title='bbox 84 451 215 536; x_wconf 86' lang='grc' dir='ltr'><strong><em>ρισμόν.</em></strong></span> <span class='ocrx_word' id='word_1_13' title='bbox 249 459 376 537; x_wconf 83' lang='grc' dir='ltr'><strong><em>μᾶλλον</em></strong></span> <span class='ocrx_word' id='word_1_14' title='bbox 397 452 435 519; x_wconf 74' lang='grc' dir='ltr'><strong><em>δὲ</em></strong></span> <span class='ocrx_word' id='word_1_15' title='bbox 454 449 538 518; x_wconf 85' lang='grc' dir='ltr'><strong><em>αύτά</em></strong></span> <span class='ocrx_word' id='word_1_16' title='bbox 560 457 665 519; x_wconf 76' lang='grc' dir='ltr'><strong><em>εἰπεῖν</em></strong></span> <span class='ocrx_word' id='word_1_17' title='bbox 684 450 837 536; x_wconf 85' lang='grc' dir='ltr'><strong><em>ἀμεινον,</em></strong></span> <span class='ocrx_word' id='word_1_18' title='bbox 863 450 948 535; x_wconf 83' lang='grc' dir='ltr'><strong><em>ἀπερ</em></strong></span> <span class='ocrx_word' id='word_1_19' title='bbox 962 453 1082 517; x_wconf 87' lang='grc' dir='ltr'><strong><em>ἐκεῖνοι</em></strong></span> <span class='ocrx_word' id='word_1_20' title='bbox 1196 497 1199 502; x_wconf 95' lang='grc'>-</span> 
     </span>
     <span class='ocr_line' id='line_1_4' title="bbox 83 543 1082 642; baseline 0 -29"><span class='ocrx_word' id='word_1_21' title='bbox 83 544 355 642; x_wconf 80' lang='grc' dir='ltr'><strong><em>ἀπεφθέγγοντο·</em></strong></span> <span class='ocrx_word' id='word_1_22' title='bbox 375 543 433 634; x_wconf 55' lang='grc' dir='ltr'><strong><em>,Ὦ</em></strong></span> <span class='ocrx_word' id='word_1_23' title='bbox 446 555 504 635; x_wconf 83' lang='grc' dir='ltr'><strong><em>τῆς</em></strong></span> <span class='ocrx_word' id='word_1_24' title='bbox 518 547 718 633; x_wconf 78' lang='grc' dir='ltr'><strong><em>καινότητος.</em></strong></span> <span class='ocrx_word' id='word_1_25' title='bbox 742 545 927 633; x_wconf 78' lang='grc' dir='ltr'><strong><em>Ἡράκλεις,</em></strong></span> <span class='ocrx_word' id='word_1_26' title='bbox 947 555 1004 634; x_wconf 79' lang='grc' dir='ltr'><strong><em>τῆς</em></strong></span> <span class='ocrx_word' id='word_1_27' title='bbox 1017 571 1082 613; x_wconf 89' lang='grc' dir='ltr'><strong><em>πα-</em></strong></span> 
     </span>
     <span class='ocr_line' id='line_1_5' title="bbox 84 643 1082 731; baseline -0.001 -21"><span class='ocrx_word' id='word_1_28' title='bbox 84 643 325 731; x_wconf 72' lang='grc' dir='ltr'><strong><em>ραδοξολογίας.</em></strong></span> <span class='ocrx_word' id='word_1_29' title='bbox 350 643 533 731; x_wconf 81' lang='grc' dir='ltr'><strong><em>εὐμήχανος</em></strong></span> <span class='ocrx_word' id='word_1_30' title='bbox 547 644 735 727; x_wconf 87' lang='grc' dir='ltr'><strong><em>ἀνθρωπος.</em></strong></span> <span class='ocrx_word' id='word_1_31' title='bbox 759 643 859 713; x_wconf 77' lang='grc' dir='ltr'><strong><em>οὐδὲν</em></strong></span> <span class='ocrx_word' id='word_1_32' title='bbox 872 645 916 712; x_wconf 85' lang='grc' dir='ltr'><strong><em>ἀν</em></strong></span> <span class='ocrx_word' id='word_1_33' title='bbox 929 671 979 722; x_wconf 93' lang='grc' dir='ltr'><strong><em>τις</em></strong></span> <span class='ocrx_word' id='word_1_34' title='bbox 996 653 1082 712; x_wconf 82' lang='grc' dir='ltr'><strong><em>είποι</em></strong></span> 
     </span>
     <span class='ocr_line' id='line_1_6' title="bbox 82 740 1080 830; baseline -0.004 -20"><span class='ocrx_word' id='word_1_35' title='bbox 82 750 141 829; x_wconf 81' lang='grc' dir='ltr'><strong><em>τῆς</em></strong></span> <span class='ocrx_word' id='word_1_36' title='bbox 154 746 300 823; x_wconf 74' lang='grc' dir='ltr'><strong><em>ἐπινοίας</em></strong></span> <span class='ocrx_word' id='word_1_37' title='bbox 311 746 551 830; x_wconf 79' lang='grc' dir='ltr'><strong><em>νεαρωτερον.“</em></strong></span> <span class='ocrx_word' id='word_1_38' title='bbox 572 749 606 811; x_wconf 89' lang='grc' dir='ltr'><strong><em>οί</em></strong></span> <span class='ocrx_word' id='word_1_39' title='bbox 617 745 679 829; x_wconf 78' lang='grc' dir='ltr'><strong><em>μὲν</em></strong></span> <span class='ocrx_word' id='word_1_40' title='bbox 688 751 824 812; x_wconf 87' lang='grc' dir='ltr'><strong><em>τοιαῦτα</em></strong></span> <span class='ocrx_word' id='word_1_41' title='bbox 835 740 1080 825; x_wconf 76' lang='grc' dir='ltr'><strong><em>πολλάέλεγον,</em></strong></span> 
     </span>
    </p>

    <p class='ocr_par' dir='ltr' id='par_1_3' title="bbox 85 837 1080 929">
     <span class='ocr_line' id='line_1_7' title="bbox 85 837 1080 929; baseline -0.002 -21"><span class='ocrx_word' id='word_1_42' title='bbox 85 841 130 920; x_wconf 78' lang='grc' dir='ltr'><strong><em>ὡς</em></strong></span> <span class='ocrx_word' id='word_1_43' title='bbox 146 840 343 928; x_wconf 73' lang='grc' dir='ltr'><strong><em>ἐκεκήληντο</em></strong></span> <span class='ocrx_word' id='word_1_44' title='bbox 359 839 488 928; x_wconf 73' lang='grc' dir='ltr'><strong><em>δηλαδή,</em></strong></span> <span class='ocrx_word' id='word_1_45' title='bbox 499 839 564 910; x_wconf 81' lang='grc' dir='ltr'><strong><em>ὑπό</em></strong></span> <span class='ocrx_word' id='word_1_46' title='bbox 586 849 643 928; x_wconf 82' lang='grc' dir='ltr'><strong><em>της</em></strong></span> <span class='ocrx_word' id='word_1_47' title='bbox 659 841 856 927; x_wconf 79' lang='grc' dir='ltr'><strong><em>ἀκροάσεως.</em></strong></span> <span class='ocrx_word' id='word_1_48' title='bbox 889 838 911 929; x_wconf 82' lang='grc' dir='ltr'><strong><em>ή</em></strong></span> <span class='ocrx_word' id='word_1_49' title='bbox 928 848 1002 908; x_wconf 90' lang='grc' dir='ltr'><strong><em>τίνα</em></strong></span> <span class='ocrx_word' id='word_1_50' title='bbox 1016 837 1080 925; x_wconf 85' lang='grc' dir='ltr'><strong><em>γάρ</em></strong></span> 
     </span>
    </p>

    <p class='ocr_par' dir='ltr' id='par_1_4' title="bbox 83 933 1082 1123">
     <span class='ocr_line' id='line_1_8' title="bbox 83 933 1082 1024; baseline 0 -21"><span class='ocrx_word' id='word_1_51' title='bbox 83 933 128 1004; x_wconf 84' lang='grc' dir='ltr'><strong><em>ἀν</em></strong></span> <span class='ocrx_word' id='word_1_52' title='bbox 142 943 249 1004; x_wconf 82' lang='grc' dir='ltr'><strong><em>αἰτίαν</em></strong></span> <span class='ocrx_word' id='word_1_53' title='bbox 261 935 348 1024; x_wconf 79' lang='grc' dir='ltr'><strong><em>εἶχον</em></strong></span> <span class='ocrx_word' id='word_1_54' title='bbox 362 940 547 1019; x_wconf 76' lang='grc' dir='ltr'><strong><em>ψεύδεσθαι</em></strong></span> <span class='ocrx_word' id='word_1_55' title='bbox 561 942 616 1007; x_wconf 82' lang='grc' dir='ltr'><strong><em>καὶ</em></strong></span> <span class='ocrx_word' id='word_1_56' title='bbox 625 937 871 1007; x_wconf 88' lang='grc' dir='ltr'><strong><em>κολακεύειν·τά</em></strong></span> <span class='ocrx_word' id='word_1_57' title='bbox 882 945 1018 1006; x_wconf 80' lang='grc' dir='ltr'><strong><em>τοιαῦτα</em></strong></span> <span class='ocrx_word' id='word_1_58' title='bbox 1030 939 1082 1016; x_wconf 89' lang='grc' dir='ltr'><strong><em>ξέ-</em></strong></span> 
     </span>
     <span class='ocr_line' id='line_1_9' title="bbox 83 1033 1081 1123; baseline 0 -23"><span class='ocrx_word' id='word_1_59' title='bbox 83 1059 147 1100; x_wconf 94' lang='grc' dir='ltr'><strong><em>νον</em></strong></span> <span class='ocrx_word' id='word_1_60' title='bbox 160 1033 361 1121; x_wconf 82' lang='grc' dir='ltr'><strong><em>ἀνθρωπον,</em></strong></span> <span class='ocrx_word' id='word_1_61' title='bbox 377 1033 418 1103; x_wconf 84' lang='grc' dir='ltr'><strong><em>ού</em></strong></span> <span class='ocrx_word' id='word_1_62' title='bbox 432 1036 523 1103; x_wconf 77' lang='grc' dir='ltr'><strong><em>πάνυ</em></strong></span> <span class='ocrx_word' id='word_1_63' title='bbox 536 1043 659 1123; x_wconf 83' lang='grc' dir='ltr'><strong><em>πολλῆς</em></strong></span> <span class='ocrx_word' id='word_1_64' title='bbox 672 1034 783 1116; x_wconf 78' lang='grc' dir='ltr'><strong><em>αὐτοῖς</em></strong></span> <span class='ocrx_word' id='word_1_65' title='bbox 797 1041 974 1123; x_wconf 76' lang='grc' dir='ltr'><strong><em>φροντίδος</em></strong></span> <span class='ocrx_word' id='word_1_66' title='bbox 987 1035 1081 1113; x_wconf 79' lang='grc' dir='ltr'><strong><em>ἀξιον</em></strong></span> 
     </span>
    </p>

    <p class='ocr_par' dir='ltr' id='par_1_5' title="bbox 81 1131 1155 1612">
     <span class='ocr_line' id='line_1_10' title="bbox 81 1131 1082 1220; baseline 0.009 -21"><span class='ocrx_word' id='word_1_67' title='bbox 81 1131 123 1214; x_wconf 81' lang='grc' dir='ltr'><strong><em>τὰ</em></strong></span> <span class='ocrx_word' id='word_1_68' title='bbox 139 1132 238 1215; x_wconf 84' lang='grc' dir='ltr'><strong><em>ἀλλα;</em></strong></span> <span class='ocrx_word' id='word_1_69' title='bbox 261 1139 290 1201; x_wconf 78' lang='lat'><strong><em>2.</em></strong></span> <span class='ocrx_word' id='word_1_70' title='bbox 305 1132 392 1220; x_wconf 84' lang='grc' dir='ltr'><strong><em>πλήν</em></strong></span> <span class='ocrx_word' id='word_1_71' title='bbox 407 1136 465 1219; x_wconf 85' lang='grc' dir='ltr'><strong><em>ἐμέ</em></strong></span> <span class='ocrx_word' id='word_1_72' title='bbox 475 1161 514 1220; x_wconf 90' lang='grc' dir='ltr'><strong><em>γε</em></strong></span> <span class='ocrx_word' id='word_1_73' title='bbox 524 1174 567 1186; x_wconf 89' lang='grc'><strong>-</strong></span> <span class='ocrx_word' id='word_1_74' title='bbox 578 1135 740 1220; x_wconf 86' lang='grc' dir='ltr'><strong><em>είρήσεται</em></strong></span> <span class='ocrx_word' id='word_1_75' title='bbox 756 1135 820 1219; x_wconf 81' lang='grc' dir='ltr'><strong><em>γάρ</em></strong></span> <span class='ocrx_word' id='word_1_76' title='bbox 832 1175 872 1186; x_wconf 84' lang='lat'><strong><em>-—</em></strong></span> <span class='ocrx_word' id='word_1_77' title='bbox 888 1133 929 1201; x_wconf 88' lang='grc' dir='ltr'><strong><em>ού</em></strong></span> <span class='ocrx_word' id='word_1_78' title='bbox 944 1139 1082 1220; x_wconf 70' lang='grc' dir='ltr'><strong><em>μετρίως</em></strong></span> 
     </span>
     <span class='ocr_line' id='line_1_11' title="bbox 82 1227 1079 1324; baseline 0 -29"><span class='ocrx_word' id='word_1_79' title='bbox 82 1227 189 1315; x_wconf 83' lang='grc' dir='ltr'><strong><em>ήνίαὸ</em></strong></span> <span class='ocrx_word' id='word_1_80' title='bbox 205 1236 339 1308; x_wconf 80' lang='grc' dir='ltr'><strong><em>ἔπαινος</em></strong></span> <span class='ocrx_word' id='word_1_81' title='bbox 350 1229 476 1316; x_wconf 74' lang='grc' dir='ltr'><strong><em>αὐτῶν,</em></strong></span> <span class='ocrx_word' id='word_1_82' title='bbox 494 1235 549 1300; x_wconf 84' lang='grc' dir='ltr'><strong><em>καὶ</em></strong></span> <span class='ocrx_word' id='word_1_83' title='bbox 560 1232 673 1324; x_wconf 81' lang='grc' dir='ltr'><strong><em>ἐπειδή</em></strong></span> <span class='ocrx_word' id='word_1_84' title='bbox 684 1257 763 1298; x_wconf 86' lang='grc' dir='ltr'><strong><em>ποτε</em></strong></span> <span class='ocrx_word' id='word_1_85' title='bbox 776 1230 996 1300; x_wconf 80' lang='grc' dir='ltr'><strong><em>’ἀπελθόντων</em></strong></span> <span class='ocrx_word' id='word_1_86' title='bbox 1006 1229 1079 1298; x_wconf 92' lang='grc' dir='ltr'><strong><em>κατ’</em></strong></span> 
     </span>
     <span class='ocr_line' id='line_1_12' title="bbox 83 1321 1149 1416; baseline 0.003 -21"><span class='ocrx_word' id='word_1_87' title='bbox 83 1328 227 1414; x_wconf 84' lang='grc' dir='ltr'><strong><em>ἐμαυτόν</em></strong></span> <span class='ocrx_word' id='word_1_88' title='bbox 244 1321 421 1416; x_wconf 79' lang='grc' dir='ltr'><strong><em>ἐγενόμην,</em></strong></span> <span class='ocrx_word' id='word_1_89' title='bbox 442 1333 551 1397; x_wconf 88' lang='grc' dir='ltr'><strong><em>ἐκεῖνα</em></strong></span> <span class='ocrx_word' id='word_1_90' title='bbox 566 1330 741 1398; x_wconf 86' lang='grc' dir='ltr'><strong><em>ε’νενόονν·</em></strong></span> <span class='ocrx_word' id='word_1_91' title='bbox 763 1328 889 1396; x_wconf 83' lang='grc' dir='ltr'><strong><em>οὐκοῦν</em></strong></span> <span class='ocrx_word' id='word_1_92' title='bbox 903 1336 1001 1395; x_wconf 76' lang='grc' dir='ltr'><strong><em>τοῦτο</em></strong></span> <span class='ocrx_word' id='word_1_93' title='bbox 1016 1326 1080 1412; x_wconf 90' lang='grc' dir='ltr'><strong><em>μό-</em></strong></span> <span class='ocrx_word' id='word_1_94' title='bbox 1097 1343 1149 1398; x_wconf 75' lang='lat'><strong><em>840</em></strong></span> 
     </span>
     <span class='ocr_line' id='line_1_13' title="bbox 81 1420 1155 1513; baseline -0.003 -20"><span class='ocrx_word' id='word_1_95' title='bbox 81 1452 145 1493; x_wconf 89' lang='grc' dir='ltr'><strong><em>νον</em></strong></span> <span class='ocrx_word' id='word_1_96' title='bbox 160 1427 276 1512; x_wconf 79' lang='grc' dir='ltr'><strong><em>χάριεν</em></strong></span> <span class='ocrx_word' id='word_1_97' title='bbox 289 1441 357 1504; x_wconf 86' lang='grc' dir='ltr'><strong><em>τοῖς</em></strong></span> <span class='ocrx_word' id='word_1_98' title='bbox 370 1425 459 1513; x_wconf 80' lang='grc' dir='ltr'><strong><em>ἐμοῖς</em></strong></span> <span class='ocrx_word' id='word_1_99' title='bbox 472 1433 615 1512; x_wconf 81' lang='grc' dir='ltr'><strong><em>ἔνεστιν,</em></strong></span> <span class='ocrx_word' id='word_1_100' title='bbox 634 1424 685 1495; x_wconf 82' lang='grc' dir='ltr'><strong><em>ὅτι</em></strong></span> <span class='ocrx_word' id='word_1_101' title='bbox 698 1424 742 1513; x_wconf 78' lang='grc' dir='ltr'><strong><em>μή</em></strong></span> <span class='ocrx_word' id='word_1_102' title='bbox 757 1427 889 1512; x_wconf 89' lang='grc' dir='ltr'><strong><em>συνήθη</em></strong></span> <span class='ocrx_word' id='word_1_103' title='bbox 904 1427 985 1511; x_wconf 75' lang='grc' dir='ltr'><strong><em>μηδὲ</em></strong></span> <span class='ocrx_word' id='word_1_104' title='bbox 996 1420 1079 1492; x_wconf 88' lang='grc' dir='ltr'><strong><em>κατά</em></strong></span> <span class='ocrx_word' id='word_1_105' title='bbox 1152 1493 1155 1499; x_wconf 70' lang='grc'><strong><em>,</em></strong></span> 
     </span>
     <span class='ocr_line' id='line_1_14' title="bbox 83 1521 1079 1612; baseline -0.005 -20"><span class='ocrx_word' id='word_1_106' title='bbox 83 1523 253 1594; x_wconf 80' lang='grc' dir='ltr'><strong><em>τὸκοινόν</em></strong></span> <span class='ocrx_word' id='word_1_107' title='bbox 267 1530 389 1612; x_wconf 72' lang='grc' dir='ltr'><strong><em>βαύιζει</em></strong></span> <span class='ocrx_word' id='word_1_108' title='bbox 409 1540 476 1605; x_wconf 91' lang='grc' dir='ltr'><strong><em>τοῖς</em></strong></span> <span class='ocrx_word' id='word_1_109' title='bbox 491 1524 618 1611; x_wconf 85' lang='grc' dir='ltr'><strong><em>ἀλλοις,</em></strong></span> <span class='ocrx_word' id='word_1_110' title='bbox 640 1523 813 1611; x_wconf 84' lang='grc' dir='ltr'><strong><em>όνομύτων</em></strong></span> <span class='ocrx_word' id='word_1_111' title='bbox 833 1525 870 1591; x_wconf 75' lang='grc' dir='ltr'><strong><em>δὲ</em></strong></span> <span class='ocrx_word' id='word_1_112' title='bbox 890 1521 954 1609; x_wconf 88' lang='grc' dir='ltr'><strong><em>ἀρα</em></strong></span> <span class='ocrx_word' id='word_1_113' title='bbox 967 1528 1079 1590; x_wconf 81' lang='grc' dir='ltr'><strong><em>καλῶν</em></strong></span> 
     </span>
    </p>

    <p class='ocr_par' dir='ltr' id='par_1_6' title="bbox 82 1620 1080 2013">
     <span class='ocr_line' id='line_1_15' title="bbox 82 1620 1080 1714; baseline -0.003 -22"><span class='ocrx_word' id='word_1_114' title='bbox 82 1627 120 1692; x_wconf 86' lang='grc' dir='ltr'><strong><em>ἐν</em></strong></span> <span class='ocrx_word' id='word_1_115' title='bbox 137 1622 248 1702; x_wconf 82' lang='grc' dir='ltr'><strong><em>αὐτοῖς</em></strong></span> <span class='ocrx_word' id='word_1_116' title='bbox 264 1623 418 1714; x_wconf 78' lang='grc' dir='ltr'><strong><em>καὶπρὸς</em></strong></span> <span class='ocrx_word' id='word_1_117' title='bbox 433 1624 493 1694; x_wconf 89' lang='grc' dir='ltr'><strong><em>τόν</em></strong></span> <span class='ocrx_word' id='word_1_118' title='bbox 513 1626 651 1712; x_wconf 85' lang='grc' dir='ltr'><strong><em>ἀρχαῖον</em></strong></span> <span class='ocrx_word' id='word_1_119' title='bbox 670 1625 798 1692; x_wconf 90' lang='grc' dir='ltr'><strong><em>κανόνα</em></strong></span> <span class='ocrx_word' id='word_1_120' title='bbox 818 1625 1044 1710; x_wconf 89' lang='grc' dir='ltr'><strong><em>συγκειμένων</em></strong></span> <span class='ocrx_word' id='word_1_121' title='bbox 1058 1620 1080 1707; x_wconf 83' lang='grc' dir='ltr'><strong><em>ή</em></strong></span> 
     </span>
     <span class='ocr_line' id='line_1_16' title="bbox 82 1716 1079 1809; baseline 0 -23"><span class='ocrx_word' id='word_1_122' title='bbox 82 1727 146 1786; x_wconf 80' lang='grc' dir='ltr'><strong><em>νοῦ</em></strong></span> <span class='ocrx_word' id='word_1_123' title='bbox 161 1718 251 1800; x_wconf 81' lang='grc' dir='ltr'><strong><em>ὀξέος</em></strong></span> <span class='ocrx_word' id='word_1_124' title='bbox 265 1716 287 1807; x_wconf 83' lang='grc' dir='ltr'><strong><em>ή</em></strong></span> <span class='ocrx_word' id='word_1_125' title='bbox 301 1731 468 1807; x_wconf 80' lang='grc' dir='ltr'><strong><em>περινοίας</em></strong></span> <span class='ocrx_word' id='word_1_126' title='bbox 482 1722 573 1802; x_wconf 84' lang='grc' dir='ltr'><strong><em>τινός</em></strong></span> <span class='ocrx_word' id='word_1_127' title='bbox 583 1719 617 1809; x_wconf 82' lang='grc' dir='ltr'><strong><em>ή</em></strong></span> <span class='ocrx_word' id='word_1_128' title='bbox 629 1723 761 1808; x_wconf 84' lang='grc' dir='ltr'><strong><em>χάριτος</em></strong></span> <span class='ocrx_word' id='word_1_129' title='bbox 778 1720 921 1807; x_wconf 78' lang='grc' dir='ltr'><strong><em>Ἀττικῆς</em></strong></span> <span class='ocrx_word' id='word_1_130' title='bbox 935 1720 958 1807; x_wconf 83' lang='grc' dir='ltr'><strong><em>ή</em></strong></span> <span class='ocrx_word' id='word_1_131' title='bbox 973 1717 1079 1806; x_wconf 79' lang='grc' dir='ltr'><strong><em>ἁρμο-</em></strong></span> 
     </span>
     <span class='ocr_line' id='line_1_17' title="bbox 83 1814 1079 1908; baseline 0 -24"><span class='ocrx_word' id='word_1_132' title='bbox 83 1824 156 1897; x_wconf 85' lang='grc' dir='ltr'><strong><em>νίας</em></strong></span> <span class='ocrx_word' id='word_1_133' title='bbox 169 1814 314 1905; x_wconf 83' lang='grc' dir='ltr'><strong><em>ήτέχνης</em></strong></span> <span class='ocrx_word' id='word_1_134' title='bbox 328 1828 385 1907; x_wconf 79' lang='grc' dir='ltr'><strong><em>τῆς</em></strong></span> <span class='ocrx_word' id='word_1_135' title='bbox 395 1819 447 1907; x_wconf 82' lang='grc' dir='ltr'><strong><em>ἐφ’</em></strong></span> <span class='ocrx_word' id='word_1_136' title='bbox 461 1821 579 1908; x_wconf 77' lang='grc' dir='ltr'><strong><em>ἅπασι,</em></strong></span> <span class='ocrx_word' id='word_1_137' title='bbox 596 1821 726 1890; x_wconf 88' lang='grc' dir='ltr'><strong><em>τούτων</em></strong></span> <span class='ocrx_word' id='word_1_138' title='bbox 736 1820 773 1889; x_wconf 75' lang='grc' dir='ltr'><strong><em>δέ</em></strong></span> <span class='ocrx_word' id='word_1_139' title='bbox 783 1820 899 1906; x_wconf 88' lang='grc' dir='ltr'><strong><em>πόρρω</em></strong></span> <span class='ocrx_word' id='word_1_140' title='bbox 912 1829 989 1898; x_wconf 77' lang='grc' dir='ltr'><strong><em>ἴσως</em></strong></span> <span class='ocrx_word' id='word_1_141' title='bbox 999 1816 1079 1885; x_wconf 87' lang='grc' dir='ltr'><strong><em>τού-</em></strong></span> 
     </span>
     <span class='ocr_line' id='line_1_18' title="bbox 82 1915 1079 2013; baseline 0 -30"><span class='ocrx_word' id='word_1_142' title='bbox 82 1916 163 2003; x_wconf 90' lang='grc' dir='ltr'><strong><em>μόν·</em></strong></span> <span class='ocrx_word' id='word_1_143' title='bbox 192 1915 232 1983; x_wconf 87' lang='grc' dir='ltr'><strong><em>ού</em></strong></span> <span class='ocrx_word' id='word_1_144' title='bbox 247 1916 312 2004; x_wconf 88' lang='grc' dir='ltr'><strong><em>γάρ</em></strong></span> <span class='ocrx_word' id='word_1_145' title='bbox 327 1916 369 1986; x_wconf 84' lang='grc' dir='ltr'><strong><em>ἀν</em></strong></span> <span class='ocrx_word' id='word_1_146' title='bbox 383 1923 539 2003; x_wconf 82' lang='grc' dir='ltr'><strong><em>παρέντες</em></strong></span> <span class='ocrx_word' id='word_1_147' title='bbox 561 1918 646 1988; x_wconf 82' lang='grc' dir='ltr'><strong><em>αὐτὰ</em></strong></span> <span class='ocrx_word' id='word_1_148' title='bbox 666 1924 790 2004; x_wconf 81' lang='grc' dir='ltr'><strong><em>ἐκεῖνα,</em></strong></span> <span class='ocrx_word' id='word_1_149' title='bbox 812 1919 959 2007; x_wconf 78' lang='grc' dir='ltr'><strong><em>ἐπῄνουν</em></strong></span> <span class='ocrx_word' id='word_1_150' title='bbox 973 1918 1079 2013; x_wconf 86' lang='grc' dir='ltr'><strong><em>μόνον</em></strong></span> 
     </span>
    </p>

    <p class='ocr_par' dir='ltr' id='par_1_7' title="bbox 76 2011 1157 3477">
     <span class='ocr_line' id='line_1_19' title="bbox 81 2011 1080 2102; baseline -0.001 -20"><span class='ocrx_word' id='word_1_151' title='bbox 81 2011 118 2082; x_wconf 84' lang='grc' dir='ltr'><strong><em>τό</em></strong></span> <span class='ocrx_word' id='word_1_152' title='bbox 134 2011 254 2080; x_wconf 88' lang='grc' dir='ltr'><strong><em>καινόν</em></strong></span> <span class='ocrx_word' id='word_1_153' title='bbox 266 2022 323 2098; x_wconf 79' lang='grc' dir='ltr'><strong><em>τῆς</em></strong></span> <span class='ocrx_word' id='word_1_154' title='bbox 333 2022 554 2100; x_wconf 84' lang='grc' dir='ltr'><strong><em>προαιρέσεως</em></strong></span> <span class='ocrx_word' id='word_1_155' title='bbox 567 2020 622 2084; x_wconf 84' lang='grc' dir='ltr'><strong><em>καὶ</em></strong></span> <span class='ocrx_word' id='word_1_156' title='bbox 633 2023 767 2098; x_wconf 80' lang='grc' dir='ltr'><strong><em>ξενίζον.</em></strong></span> <span class='ocrx_word' id='word_1_157' title='bbox 789 2014 853 2102; x_wconf 77' lang='grc' dir='ltr'><strong><em>ἐγω</em></strong></span> <span class='ocrx_word' id='word_1_158' title='bbox 865 2017 902 2083; x_wconf 74' lang='grc' dir='ltr'><strong><em>δὲ</em></strong></span> <span class='ocrx_word' id='word_1_159' title='bbox 914 2014 931 2082; x_wconf 87' lang='grc' dir='ltr'>ὁ</span> <span class='ocrx_word' id='word_1_160' title='bbox 943 2015 1080 2101; x_wconf 90' lang='grc' dir='ltr'><strong><em>μα’ταιος</em></strong></span> 
     </span>
     <span class='ocr_line' id='line_1_20' title="bbox 81 2106 1080 2200; baseline 0.002 -25"><span class='ocrx_word' id='word_1_161' title='bbox 81 2110 193 2200; x_wconf 74' lang='grc' dir='ltr'><strong><em>ᾤμην,</em></strong></span> <span class='ocrx_word' id='word_1_162' title='bbox 214 2106 313 2177; x_wconf 89' lang='grc' dir='ltr'><strong><em>ὁπότε</em></strong></span> <span class='ocrx_word' id='word_1_163' title='bbox 331 2110 564 2198; x_wconf 74' lang='grc' dir='ltr'><strong><em>ἀναπηδῶντες</em></strong></span> <span class='ocrx_word' id='word_1_164' title='bbox 587 2115 769 2196; x_wconf 83' lang='grc' dir='ltr'><strong><em>ἐπαινοῖεν,</em></strong></span> <span class='ocrx_word' id='word_1_165' title='bbox 794 2114 875 2197; x_wconf 82' lang='grc' dir='ltr'><strong><em>τύχα</em></strong></span> <span class='ocrx_word' id='word_1_166' title='bbox 895 2115 956 2196; x_wconf 86' lang='grc' dir='ltr'><strong><em>μέν</em></strong></span> <span class='ocrx_word' id='word_1_167' title='bbox 972 2138 1004 2178; x_wconf 94' lang='grc' dir='ltr'><strong><em>τι</em></strong></span> <span class='ocrx_word' id='word_1_168' title='bbox 1024 2113 1080 2177; x_wconf 79' lang='grc' dir='ltr'><strong><em>καὶ</em></strong></span> 
     </span>
     <span class='ocr_line' id='line_1_21' title="bbox 82 2205 1130 2296; baseline -0.003 -21"><span class='ocrx_word' id='word_1_169' title='bbox 82 2205 163 2275; x_wconf 86' lang='grc' dir='ltr'><strong><em>αύτό</em></strong></span> <span class='ocrx_word' id='word_1_170' title='bbox 178 2215 275 2275; x_wconf 83' lang='grc' dir='ltr'><strong><em>τούτο</em></strong></span> <span class='ocrx_word' id='word_1_171' title='bbox 299 2211 527 2296; x_wconf 75' lang='grc' dir='ltr'><strong><em>προσάγεσθαι</em></strong></span> <span class='ocrx_word' id='word_1_172' title='bbox 547 2208 687 2289; x_wconf 80' lang='grc' dir='ltr'><strong><em>αὐτούς·</em></strong></span> <span class='ocrx_word' id='word_1_173' title='bbox 714 2209 838 2295; x_wconf 75' lang='grc' dir='ltr'><strong><em>ἀληθὲς</em></strong></span> <span class='ocrx_word' id='word_1_174' title='bbox 856 2206 920 2295; x_wconf 79' lang='grc' dir='ltr'><strong><em>γὰρ</em></strong></span> <span class='ocrx_word' id='word_1_175' title='bbox 938 2206 1022 2273; x_wconf 78' lang='grc' dir='ltr'><strong><em>εἶναι</em></strong></span> <span class='ocrx_word' id='word_1_176' title='bbox 1040 2205 1077 2273; x_wconf 88' lang='grc' dir='ltr'><strong><em>τό</em></strong></span> <span class='ocrx_word' id='word_1_177' title='bbox 1127 2282 1130 2287; x_wconf 40' lang='grc'><strong><em>,</em></strong></span> 
     </span>
     <span class='ocr_line' id='line_1_22' title="bbox 81 2302 1079 2398; baseline -0.002 -25"><span class='ocrx_word' id='word_1_178' title='bbox 81 2312 143 2373; x_wconf 81' lang='grc' dir='ltr'><strong><em>τού</em></strong></span> <span class='ocrx_word' id='word_1_179' title='bbox 152 2302 314 2392; x_wconf 86' lang='grc' dir='ltr'><strong><em>Ὁμήρου,</em></strong></span> <span class='ocrx_word' id='word_1_180' title='bbox 333 2308 386 2376; x_wconf 85' lang='grc' dir='ltr'><strong><em>καλ</em></strong></span> <span class='ocrx_word' id='word_1_181' title='bbox 400 2306 461 2393; x_wconf 80' lang='grc' dir='ltr'><strong><em>τήν</em></strong></span> <span class='ocrx_word' id='word_1_182' title='bbox 473 2309 552 2374; x_wconf 88' lang='grc' dir='ltr'><strong><em>νέαν</em></strong></span> <span class='ocrx_word' id='word_1_183' title='bbox 564 2305 654 2398; x_wconf 76' lang='grc' dir='ltr'><strong><em>ᾠδήν</em></strong></span> <span class='ocrx_word' id='word_1_184' title='bbox 665 2311 903 2395; x_wconf 81' lang='grc' dir='ltr'><strong><em>κεχαρισμένην</em></strong></span> <span class='ocrx_word' id='word_1_185' title='bbox 917 2303 1079 2390; x_wconf 80' lang='grc' dir='ltr'><strong><em>ὑπάρχειν</em></strong></span> 
     </span>
     <span class='ocr_line' id='line_1_23' title="bbox 82 2402 1078 2493; baseline -0.001 -22"><span class='ocrx_word' id='word_1_186' title='bbox 82 2417 149 2481; x_wconf 86' lang='grc' dir='ltr'><strong><em>τοῖς</em></strong></span> <span class='ocrx_word' id='word_1_187' title='bbox 162 2402 361 2474; x_wconf 88' lang='grc' dir='ltr'><strong><em>ἀκούουσιν·</em></strong></span> <span class='ocrx_word' id='word_1_188' title='bbox 391 2405 432 2473; x_wconf 86' lang='grc' dir='ltr'><strong><em>ού</em></strong></span> <span class='ocrx_word' id='word_1_189' title='bbox 446 2404 513 2493; x_wconf 82' lang='grc' dir='ltr'><strong><em>μήν</em></strong></span> <span class='ocrx_word' id='word_1_190' title='bbox 525 2408 687 2475; x_wconf 84' lang='grc' dir='ltr'><strong><em>τοσοῦτόν</em></strong></span> <span class='ocrx_word' id='word_1_191' title='bbox 707 2433 744 2493; x_wconf 91' lang='grc' dir='ltr'><strong><em>γε</em></strong></span> <span class='ocrx_word' id='word_1_192' title='bbox 761 2404 839 2473; x_wconf 74' lang='grc' dir='ltr'><strong><em>οὐδὲ</em></strong></span> <span class='ocrx_word' id='word_1_193' title='bbox 853 2402 935 2472; x_wconf 78' lang='grc' dir='ltr'><strong><em>ὅλον</em></strong></span> <span class='ocrx_word' id='word_1_194' title='bbox 947 2412 988 2493; x_wconf 76' lang='grc' dir='ltr'><strong><em>τῇ</em></strong></span> <span class='ocrx_word' id='word_1_195' title='bbox 1003 2430 1078 2470; x_wconf 89' lang='grc' dir='ltr'><strong><em>και-</em></strong></span> 
     </span>
     <span class='ocr_line' id='line_1_24' title="bbox 81 2501 1078 2592; baseline 0 -25"><span class='ocrx_word' id='word_1_196' title='bbox 81 2501 194 2587; x_wconf 88' lang='grc' dir='ltr'><strong><em>νότητι</em></strong></span> <span class='ocrx_word' id='word_1_197' title='bbox 207 2503 320 2588; x_wconf 81' lang='grc' dir='ltr'><strong><em>νέμειν</em></strong></span> <span class='ocrx_word' id='word_1_198' title='bbox 336 2502 467 2591; x_wconf 79' lang='grc' dir='ltr'><strong><em>ἠξίουν,</em></strong></span> <span class='ocrx_word' id='word_1_199' title='bbox 493 2502 575 2573; x_wconf 88' lang='grc' dir='ltr'><strong><em>ἀλλά</em></strong></span> <span class='ocrx_word' id='word_1_200' title='bbox 590 2502 653 2592; x_wconf 86' lang='grc' dir='ltr'><strong><em>τήν</em></strong></span> <span class='ocrx_word' id='word_1_201' title='bbox 667 2507 728 2591; x_wconf 73' lang='grc' dir='ltr'><strong><em>μὲν</em></strong></span> <span class='ocrx_word' id='word_1_202' title='bbox 749 2501 859 2588; x_wconf 74' lang='grc' dir='ltr'><strong><em>ὥσπερ</em></strong></span> <span class='ocrx_word' id='word_1_203' title='bbox 876 2504 912 2569; x_wconf 84' lang='grc' dir='ltr'><strong><em>ἐν</em></strong></span> <span class='ocrx_word' id='word_1_204' title='bbox 926 2501 1078 2586; x_wconf 87' lang='grc' dir='ltr'><strong><em>προσθή-</em></strong></span> 
     </span>
     <span class='ocr_line' id='line_1_25' title="bbox 80 2598 1157 2690; baseline -0.002 -23"><span class='ocrx_word' id='word_1_205' title='bbox 80 2626 139 2685; x_wconf 87' lang='grc' dir='ltr'><strong><em>κης</em></strong></span> <span class='ocrx_word' id='word_1_206' title='bbox 153 2605 252 2689; x_wconf 78' lang='grc' dir='ltr'><strong><em>μοίρᾳ</em></strong></span> <span class='ocrx_word' id='word_1_207' title='bbox 269 2618 524 2690; x_wconf 75' lang='grc' dir='ltr'><strong><em>συνεπικοσμεῖν</em></strong></span> <span class='ocrx_word' id='word_1_208' title='bbox 540 2630 571 2671; x_wconf 94' lang='grc' dir='ltr'><strong><em>τι</em></strong></span> <span class='ocrx_word' id='word_1_209' title='bbox 586 2606 641 2671; x_wconf 83' lang='grc' dir='ltr'><strong><em>καλ</em></strong></span> <span class='ocrx_word' id='word_1_210' title='bbox 660 2600 744 2688; x_wconf 85' lang='grc' dir='ltr'><strong><em>πρός</em></strong></span> <span class='ocrx_word' id='word_1_211' title='bbox 762 2598 822 2669; x_wconf 86' lang='grc' dir='ltr'><strong><em>τόν</em></strong></span> <span class='ocrx_word' id='word_1_212' title='bbox 837 2608 975 2669; x_wconf 81' lang='grc' dir='ltr'><strong><em>ἔπαινον</em></strong></span> <span class='ocrx_word' id='word_1_213' title='bbox 996 2620 1098 2666; x_wconf 89' lang='grc' dir='ltr'><strong><em>συν--</em></strong></span> <span class='ocrx_word' id='word_1_214' title='bbox 1152 2606 1157 2614; x_wconf 84' lang='grc'><strong>’</strong></span> 
     </span>
     <span class='ocr_line' id='line_1_26' title="bbox 80 2695 1079 2791; baseline -0.001 -26"><span class='ocrx_word' id='word_1_215' title='bbox 80 2708 186 2766; x_wconf 84' lang='grc' dir='ltr'><strong><em>τελεῖν</em></strong></span> <span class='ocrx_word' id='word_1_216' title='bbox 197 2702 251 2767; x_wconf 82' lang='grc' dir='ltr'><strong><em>καλ</em></strong></span> <span class='ocrx_word' id='word_1_217' title='bbox 261 2698 382 2787; x_wconf 88' lang='grc' dir='ltr'><strong><em>αύτήν,</em></strong></span> <span class='ocrx_word' id='word_1_218' title='bbox 397 2700 437 2769; x_wconf 88' lang='grc' dir='ltr'><strong><em>τά</em></strong></span> <span class='ocrx_word' id='word_1_219' title='bbox 450 2702 486 2769; x_wconf 71' lang='grc' dir='ltr'><strong><em>δὲ</em></strong></span> <span class='ocrx_word' id='word_1_220' title='bbox 496 2709 542 2791; x_wconf 77' lang='grc' dir='ltr'><strong><em>τῷ</em></strong></span> <span class='ocrx_word' id='word_1_221' title='bbox 552 2700 623 2771; x_wconf 82' lang='grc' dir='ltr'><strong><em>όντι</em></strong></span> <span class='ocrx_word' id='word_1_222' title='bbox 634 2700 857 2787; x_wconf 87' lang='grc' dir='ltr'><strong><em>ἐπαινούμενα</em></strong></span> <span class='ocrx_word' id='word_1_223' title='bbox 871 2702 925 2767; x_wconf 83' lang='grc' dir='ltr'><strong><em>καὶ</em></strong></span> <span class='ocrx_word' id='word_1_224' title='bbox 936 2695 1001 2782; x_wconf 79' lang='grc' dir='ltr'><strong><em>ὑπό</em></strong></span> <span class='ocrx_word' id='word_1_225' title='bbox 1011 2705 1079 2764; x_wconf 78' lang='grc' dir='ltr'><strong><em>τῶν</em></strong></span> 
     </span>
     <span class='ocr_line' id='line_1_27' title="bbox 81 2796 1079 2889; baseline 0.002 -26"><span class='ocrx_word' id='word_1_226' title='bbox 81 2796 276 2866; x_wconf 78' lang='grc' dir='ltr'><strong><em>ἀκουόντων</em></strong></span> <span class='ocrx_word' id='word_1_227' title='bbox 292 2798 528 2889; x_wconf 81' lang='grc' dir='ltr'><strong><em>εὐφημούμενα</em></strong></span> <span class='ocrx_word' id='word_1_228' title='bbox 542 2805 651 2870; x_wconf 84' lang='grc' dir='ltr'><strong><em>ἐκεῖνα</em></strong></span> <span class='ocrx_word' id='word_1_229' title='bbox 667 2799 760 2868; x_wconf 79' lang='grc' dir='ltr'><strong><em>εἶναι.</em></strong></span> <span class='ocrx_word' id='word_1_230' title='bbox 785 2798 869 2867; x_wconf 71' lang='grc' dir='ltr'><strong><em>ὥστε</em></strong></span> <span class='ocrx_word' id='word_1_231' title='bbox 884 2797 926 2867; x_wconf 84' lang='grc' dir='ltr'><strong><em>ού</em></strong></span> <span class='ocrx_word' id='word_1_232' title='bbox 941 2804 1079 2885; x_wconf 87' lang='grc' dir='ltr'><strong><em>μετρίως</em></strong></span> 
     </span>
     <span class='ocr_line' id='line_1_28' title="bbox 80 2895 1079 2983; baseline 0.003 -21"><span class='ocrx_word' id='word_1_233' title='bbox 80 2895 231 2982; x_wconf 80' lang='grc' dir='ltr'><strong><em>ἐπήρμην</em></strong></span> <span class='ocrx_word' id='word_1_234' title='bbox 251 2901 305 2966; x_wconf 78' lang='grc' dir='ltr'><strong><em>καί</em></strong></span> <span class='ocrx_word' id='word_1_235' title='bbox 322 2901 537 2968; x_wconf 76' lang='grc' dir='ltr'><strong><em>ἐκινδύνευον</em></strong></span> <span class='ocrx_word' id='word_1_236' title='bbox 554 2898 722 2967; x_wconf 87' lang='grc' dir='ltr'><strong><em>πιστεύειν</em></strong></span> <span class='ocrx_word' id='word_1_237' title='bbox 740 2897 851 2978; x_wconf 82' lang='grc' dir='ltr'><strong><em>αὐτοῖς</em></strong></span> <span class='ocrx_word' id='word_1_238' title='bbox 865 2902 924 2967; x_wconf 79' lang='grc' dir='ltr'><strong><em>ἕνα</em></strong></span> <span class='ocrx_word' id='word_1_239' title='bbox 945 2900 1001 2967; x_wconf 80' lang='grc' dir='ltr'><strong><em>καὶ</em></strong></span> <span class='ocrx_word' id='word_1_240' title='bbox 1015 2898 1079 2983; x_wconf 91' lang='grc' dir='ltr'><strong><em>μό-</em></strong></span> 
     </span>
     <span class='ocr_line' id='line_1_29' title="bbox 79 2991 1078 3084; baseline 0.003 -25"><span class='ocrx_word' id='word_1_241' title='bbox 79 3020 141 3060; x_wconf 90' lang='grc' dir='ltr'><strong><em>νον</em></strong></span> <span class='ocrx_word' id='word_1_242' title='bbox 156 2991 192 3061; x_wconf 87' lang='grc' dir='ltr'><strong><em>ἐν</em></strong></span> <span class='ocrx_word' id='word_1_243' title='bbox 205 3009 273 3073; x_wconf 89' lang='grc' dir='ltr'><strong><em>τοῖς</em></strong></span> <span class='ocrx_word' id='word_1_244' title='bbox 279 2995 434 3084; x_wconf 82' lang='grc' dir='ltr'><strong><em>Ἕλλησιν</em></strong></span> <span class='ocrx_word' id='word_1_245' title='bbox 448 2998 532 3067; x_wconf 79' lang='grc' dir='ltr'><strong><em>εἶναι</em></strong></span> <span class='ocrx_word' id='word_1_246' title='bbox 545 3002 680 3084; x_wconf 90' lang='grc' dir='ltr'><strong><em>λέγουσι</em></strong></span> <span class='ocrx_word' id='word_1_247' title='bbox 692 2999 747 3065; x_wconf 85' lang='grc' dir='ltr'><strong><em>καὶ</em></strong></span> <span class='ocrx_word' id='word_1_248' title='bbox 761 2996 801 3064; x_wconf 88' lang='grc' dir='ltr'><strong><em>τά</em></strong></span> <span class='ocrx_word' id='word_1_249' title='bbox 815 3005 959 3065; x_wconf 86' lang='grc' dir='ltr'><strong><em>τοιαῦτα.</em></strong></span> <span class='ocrx_word' id='word_1_250' title='bbox 987 2994 1023 3063; x_wconf 84' lang='grc' dir='ltr'><strong><em>τό</em></strong></span> <span class='ocrx_word' id='word_1_251' title='bbox 1042 2997 1078 3063; x_wconf 77' lang='grc' dir='ltr'><strong><em>δὲ</em></strong></span> 
     </span>
     <span class='ocr_line' id='line_1_30' title="bbox 78 3087 1077 3182; baseline -0.002 -21"><span class='ocrx_word' id='word_1_252' title='bbox 78 3091 162 3161; x_wconf 87' lang='grc' dir='ltr'><strong><em>κατά</em></strong></span> <span class='ocrx_word' id='word_1_253' title='bbox 176 3092 238 3180; x_wconf 82' lang='grc' dir='ltr'><strong><em>τὴν</em></strong></span> <span class='ocrx_word' id='word_1_254' title='bbox 254 3104 451 3182; x_wconf 89' lang='grc' dir='ltr'><strong><em>παροιμίαν,</em></strong></span> <span class='ocrx_word' id='word_1_255' title='bbox 469 3095 637 3180; x_wconf 86' lang='grc' dir='ltr'><strong><em>ἀνθρακες</em></strong></span> <span class='ocrx_word' id='word_1_256' title='bbox 650 3093 747 3182; x_wconf 79' lang='grc' dir='ltr'><strong><em>ἡμῶν</em></strong></span> <span class='ocrx_word' id='word_1_257' title='bbox 760 3092 778 3162; x_wconf 86' lang='grc' dir='ltr'>ὁ</span> <span class='ocrx_word' id='word_1_258' title='bbox 793 3092 966 3181; x_wconf 86' lang='grc' dir='ltr'><strong><em>θησαυρός</em></strong></span> <span class='ocrx_word' id='word_1_259' title='bbox 979 3087 1077 3181; x_wconf 80' lang='grc' dir='ltr'><strong><em>ἦσαν,</em></strong></span> 
     </span>
     <span class='ocr_line' id='line_1_31' title="bbox 78 3187 1082 3280; baseline -0.001 -23"><span class='ocrx_word' id='word_1_260' title='bbox 78 3193 134 3257; x_wconf 85' lang='grc' dir='ltr'><strong><em>καὶ</em></strong></span> <span class='ocrx_word' id='word_1_261' title='bbox 148 3187 263 3278; x_wconf 85' lang='grc' dir='ltr'><strong><em>ὀλίγον</em></strong></span> <span class='ocrx_word' id='word_1_262' title='bbox 275 3188 339 3261; x_wconf 76' lang='grc' dir='ltr'><strong><em>δέω</em></strong></span> <span class='ocrx_word' id='word_1_263' title='bbox 353 3201 607 3280; x_wconf 74' lang='grc' dir='ltr'><strong><em>θαυματοποιοῦ</em></strong></span> <span class='ocrx_word' id='word_1_264' title='bbox 618 3218 708 3270; x_wconf 88' lang='grc' dir='ltr'><strong><em>τινος</em></strong></span> <span class='ocrx_word' id='word_1_265' title='bbox 719 3198 856 3261; x_wconf 76' lang='grc' dir='ltr'><strong><em>ἔπαινον</em></strong></span> <span class='ocrx_word' id='word_1_266' title='bbox 870 3195 1082 3258; x_wconf 82' lang='grc' dir='ltr'><strong><em>ἐπαινεῖσθαι</em></strong></span> 
     </span>
     <span class='ocr_line' id='line_1_32' title="bbox 76 3286 1079 3378; baseline -0.001 -21"><span class='ocrx_word' id='word_1_267' title='bbox 76 3286 163 3373; x_wconf 88' lang='grc' dir='ltr'><strong><em>πρός</em></strong></span> <span class='ocrx_word' id='word_1_268' title='bbox 182 3290 302 3361; x_wconf 76' lang='grc' dir='ltr'><strong><em>αὐτῶν.</em></strong></span> <span class='ocrx_word' id='word_1_269' title='bbox 335 3298 364 3359; x_wconf 89' lang='lat'><strong><em>3.</em></strong></span> <span class='ocrx_word' id='word_1_270' title='bbox 384 3294 489 3359; x_wconf 84' lang='grc' dir='ltr'><strong><em>ἐθέλω</em></strong></span> <span class='ocrx_word' id='word_1_271' title='bbox 505 3299 591 3377; x_wconf 85' lang='grc' dir='ltr'><strong><em>γοῦν</em></strong></span> <span class='ocrx_word' id='word_1_272' title='bbox 610 3289 691 3378; x_wconf 83' lang='grc' dir='ltr'><strong><em>ὑμῖν</em></strong></span> <span class='ocrx_word' id='word_1_273' title='bbox 712 3292 766 3357; x_wconf 84' lang='grc' dir='ltr'><strong><em>καὶ</em></strong></span> <span class='ocrx_word' id='word_1_274' title='bbox 785 3288 822 3371; x_wconf 83' lang='grc' dir='ltr'><strong><em>τό</em></strong></span> <span class='ocrx_word' id='word_1_275' title='bbox 844 3296 905 3356; x_wconf 85' lang='grc' dir='ltr'><strong><em>τοῦ</em></strong></span> <span class='ocrx_word' id='word_1_276' title='bbox 924 3289 1079 3376; x_wconf 77' lang='grc' dir='ltr'><strong><em>γραφέως</em></strong></span> 
     </span>
     <span class='ocr_line' id='line_1_33' title="bbox 77 3387 1078 3477; baseline 0.001 -23"><span class='ocrx_word' id='word_1_277' title='bbox 77 3387 316 3473; x_wconf 75' lang='grc' dir='ltr'><strong><em>διηγήσασθαι·</em></strong></span> <span class='ocrx_word' id='word_1_278' title='bbox 335 3387 478 3470; x_wconf 84' lang='grc' dir='ltr'><strong><em>ὁΖεύξις</em></strong></span> <span class='ocrx_word' id='word_1_279' title='bbox 491 3394 614 3469; x_wconf 85' lang='grc' dir='ltr'><strong><em>ἐκεῖνος</em></strong></span> <span class='ocrx_word' id='word_1_280' title='bbox 626 3389 759 3476; x_wconf 82' lang='grc' dir='ltr'><strong><em>ἀριστος</em></strong></span> <span class='ocrx_word' id='word_1_281' title='bbox 770 3391 926 3475; x_wconf 88' lang='grc' dir='ltr'><strong><em>γραφέων</em></strong></span> <span class='ocrx_word' id='word_1_282' title='bbox 937 3388 1078 3477; x_wconf 88' lang='grc' dir='ltr'><strong><em>γενόμε-</em></strong></span> 
     </span>
    </p>
   </div>
   <div class='ocr_carea' id='block_1_3' title="bbox 0 0 1280 3825">
    <p class='ocr_par' dir='ltr' id='par_1_8' title="bbox 0 0 1280 3825">
     <span class='ocr_line' id='line_1_34' title="bbox 0 0 1280 3825; baseline 0 2"><span class='ocrx_word' id='word_1_283' title='bbox 0 0 1280 3825; x_wconf 95' lang='lat' dir='ltr'><strong><em> </em></strong></span> 
     </span>
    </p>
   </div>
  </div>
 </body>
</html>
