2550 3825
175 173 239 236 294
536 181 832 239 AOYKIANOY

176 361 235 419 νης
263 338 524 422 ἐπικρύπτεσθαι
547 341 602 407 καί
628 339 759 418 ἑκόντες
785 338 869 407 εἶναι
892 338 1180 408 ἐπιλανθάνεσθαι
1254 322 1258 333 ¹

107 449 159 508 654
178 430 305 501 αὐτῶν·
327 431 402 503 ἀλλ’
419 441 523 523 ἔγωγε
538 435 675 505 κάκεῖνα
691 440 745 506 καὶ
766 447 799 505 ελ
809 434 873 505 τιν’
893 436 977 505 ἀλλα
994 438 1030 504 ἐκ
1044 441 1106 502 τοῦ
1120 433 1180 502 λό-

174 557 239 617 γου
259 535 424 612 ξυντιθεὶς
446 532 589 621 εὑρίσκω
605 535 774 618 προσόντα
790 550 860 613 ταῖς
873 535 1041 613 τοιαύταις
1054 537 1180 613 ξυνου-

175 636 277 716 σίαις,
293 628 354 697 οῦκ
366 628 498 718 ὀκνήσω
510 652 563 700 σοι
573 634 698 718 πάντα,
715 625 743 699 ά
755 632 835 700 καλὲ
849 633 1038 718 Τιμόκλεις,
1053 632 1179 708 διεξελ-

174 738 268 796 θεῖν·
296 731 384 794 δοκῶ
398 728 462 815 γάρ
483 754 539 815 μοι
563 733 599 798 ἐκ
615 736 741 798 πολλοῦ
761 728 825 815 ήδη
846 728 1124 813 κατανενοηκέναι
1141 743 1178 789 σε

175 825 282 916 τούτῳ
302 833 348 916 τῷ
362 833 424 916 βίηι
441 829 711 914 ἐπιβουλεύοντα.
740 833 770 895 3.
794 829 849 895 καὶ
863 825 998 910 πρῶτόν
1014 851 1068 910 γε,
1093 820 1179 906 ὁπη-

175 932 253 993 νίκα
264 929 339 1010 περὶ
352 934 420 992 τοῖν
435 928 598 996 τοιούτων
613 927 630 996 ὁ
647 928 745 1014 λόγος
761 930 933 1011 ἐνέπεσεν,
958 925 1026 993 εἶτα
1040 924 1181 1012 ἐπήνεσέ
1268 950 1269 959 ’

175 1048 224 1098 τις
238 1029 306 1089 των
320 1023 498 1108 παρόντων
512 1023 574 1112 τήν
586 1025 746 1112 τοιαύτην
762 1021 979 1110 μισθοφοράν
989 1022 1179 1105 τρισευδαί-

176 1145 280 1206 μονας
297 1118 381 1189 εἶναι
395 1125 502 1209 λέγων
523 1119 571 1202 οἷς
592 1120 672 1210 μετὰ
690 1130 750 1190 τοῦ
770 1119 849 1200 τοῦς
863 1127 982 1207 φίλους
997 1125 1082 1204 ἐχειν
1099 1113 1178 1193 τοῦς

176 1214 331 1298 ἀρίστους
353 1217 521 1305 Ῥωμαίων
542 1224 597 1289 καὶ
622 1225 770 1288 δειπνεῖν
791 1224 908 1288 δεῖπνα
931 1223 1095 1300 πολυτελῆ
1123 1216 1177 1280 καὶ

176 1314 348 1404 ἀσύμβολα
364 1321 418 1386 καὶ
433 1325 536 1386 οἰκεῖν
550 1322 588 1388 ἐν
602 1328 694 1409 καλῷ
708 1322 764 1387 καὶ
777 1316 961 1404 ἀποδημεῖν
974 1312 1055 1403 μετά
1070 1314 1177 1400 πάσης

175 1413 346 1501 ῥᾳστώνης
376 1419 431 1485 καὶ
454 1414 577 1505 ἡδονῆς
604 1421 656 1486 ἐπὶ
682 1424 806 1485 λευκοῦ
831 1416 986 1501 ζεύγους,
1020 1419 1051 1482 εί
1073 1411 1177 1497 τύχοι,

177 1514 441 1602 ἐξυπτιάζοντας,
460 1521 594 1602 προσέτι
613 1520 668 1586 καί
680 1515 806 1604 μισθόν
817 1525 875 1604 τῆς
888 1522 1000 1602 φιλίας
1013 1504 1127 1580 καλόν
1140 1507 1178 1577 εὖ

176 1612 339 1697 πάσχουσι
353 1613 483 1682 τούτων
499 1615 682 1704 λαμβάνειν
698 1614 761 1684 οῦκ
776 1613 891 1702 ὀλίγον
905 1617 1008 1682 ἐστίν·
1023 1651 1066 1661 -
1084 1607 1177 1693 ἀτεγ-

177 1716 244 1788 νῦς
263 1707 328 1796 γάρ
351 1709 481 1794 ἀσπορα
501 1717 555 1781 καὶ
577 1712 723 1801 ἀνήροτα
738 1730 805 1793 τοῖς
824 1713 987 1790 τοιούτοις
1005 1707 1046 1778 τά
1069 1709 1177 1774 πάντα

178 1807 327 1892 φύεσθαι
341 1848 377 1858 -
391 1806 490 1876 ὁπότε
504 1804 567 1877 οῦν
580 1819 683 1878 ταῦτα
698 1814 753 1880 καλ
763 1810 803 1879 τά
817 1816 953 1878 τοιαῦτα
963 1808 1098 1895 ήκουες,
1115 1804 1177 1871 ἑά-

107 1924 159 1979 655
178 1930 249 1992 ρων
264 1900 355 1984 ὅπως
373 1906 535 1993 ἐκεχήνεις
550 1905 633 1995 πρός
652 1906 736 1976 αῦτά
757 1910 812 1978 καὶ
830 1909 921 1977 πάνυ
938 1906 1070 1993 σφόδρα
1095 1898 1180 1988 πρὸς

176 1998 213 2069 τό
231 2003 346 2088 δέλεαρ
362 2000 636 2093 ἀναπεπταμένον
652 2020 803 2094 παρεῖχες
812 2004 849 2074 τὸ
866 2006 979 2091 στόμα.
1003 1999 1047 2080 ὡς
1062 1994 1126 2069 ούν
1140 1999 1177 2067 τό

175 2126 213 2185 γε
228 2097 388 2186 ἡμέτερον
410 2108 560 2183 εἰσαῦθίς
575 2130 655 2173 ποτε
669 2102 819 2174 ἀναίτιον
833 2098 855 2193 η’
875 2104 958 2190 μηδὲ
976 2107 1049 2188 ἔχης
1068 2100 1177 2183 λέγειν

177 2194 221 2275 ὡς
234 2194 376 2284 ὁρῶντές
387 2220 424 2267 σε
434 2210 608 2289 τηλικοῦτο
620 2198 700 2288 μετά
711 2209 769 2288 τῆς
780 2207 914 2288 καρίδος
927 2199 1107 2285 ἀγκιστρον
1117 2222 1177 2263 κα-

175 2304 357 2365 ταπίνοντα
371 2297 433 2367 οῦκ
449 2302 680 2388 ἐπελαβόμεθα
695 2298 774 2369 οῦδὲ
787 2302 867 2387 πρὶν
879 2303 1032 2387 ἐμπεσεῖν
1047 2302 1093 2387 τῷ
1104 2304 1179 2363 λαι-

175 2402 226 2485 μςό
242 2397 509 2484 περιεσπάσαμεν
523 2395 602 2466 οῦδὲ
615 2400 909 2486 προεδηλώσαμεν,
931 2395 1014 2466 ἀλλά
1029 2400 1181 2481 περιμεί-

176 2520 293 2572 ναντες
308 2496 523 2581 ἐξελκομένου
539 2498 593 2565 καὶ
605 2499 830 2584 ἐμπεπηγότος
840 2495 905 2585 ήδη
920 2495 1110 2583 συρόμενον
1123 2496 1180 2559 καὶ

175 2599 259 2674 πρὸς
270 2589 422 2677 ἀνάγκην
433 2591 600 2681 ἀγόμενον
614 2592 714 2681 ὁρᾶν,
735 2594 784 2664 ὅτ’
798 2594 898 2664 οῦδὲν
910 2592 1031 2680 ὄφελος
1043 2596 1180 2669 ἑστῶτες

176 2690 441 2775 ἐπεδακρύομεν·
465 2690 555 2769 ὅπως
565 2690 609 2779 μή
622 2703 727 2763 ταῦτα
741 2699 838 2783 λέγης
848 2694 927 2763 ποτέ
941 2693 1032 2761 πάνυ
1045 2691 1179 2777 εῦλογα,

175 2784 219 2873 ήν
229 2791 379 2874 λέγηται,
397 2792 451 2856 καὶ
462 2787 594 2875 ἀφυκτα
605 2788 703 2879 ἡμῖν,
717 2791 761 2873 ὡς
772 2791 835 2862 οῦκ
845 2791 1027 2877 ἀδικοῦμεν
1037 2788 1082 2876 μή
1093 2814 1181 2872 προ-

175 2884 400 2971 μηνύσαντες,
422 2886 569 2955 άκουσον
583 2894 615 2969 ἐξ
630 2888 732 2978 ἀρχῆς
746 2890 905 2960 ἁπάντων
917 2888 1023 2960 καὶτὸ
1040 2889 1181 2957 δίκτυόν

175 3011 210 3051 τε
225 2982 306 3051 αῦτδ
324 2987 459 3053 καὶτῶν
473 2988 606 3074 κύρτων
622 2989 660 3056 τὸ
675 2988 847 3071 ἀδιέξοδον
862 2998 1023 3059 ἔκτοσθεν
1034 2992 1086 3057 ἐπὶ
1100 3008 1180 3073 σχο-

174 3090 247 3169 λῆς,
271 3082 355 3153 ἀλλά
377 3083 421 3172 μή
445 3092 588 3156 ἔνδοθεν
611 3091 647 3155 ἐκ
668 3098 729 3155 τοῦ
748 3097 857 3176 μυχοῦ
873 3086 1178 3177 προεπισκόπησον,

174 3186 228 3250 καὶ
243 3190 303 3251 τοῦ
319 3180 500 3270 ἀγκίστρου
515 3185 551 3253 δὲ
565 3182 601 3253 τὸ
620 3183 769 3272 ἀγκύλον
788 3191 843 3257 καὶ
858 3188 920 3276 τήν
935 3193 968 3269 ἐς
982 3186 1019 3257 τὸ
1036 3193 1180 3274 ἔμπαλιν

173 3289 234 3348 τοῦ
248 3284 411 3363 σκόλοπος
425 3282 641 3370 ἀναστροφήν
655 3288 710 3353 καὶ
723 3293 781 3371 τῆς
793 3295 943 3374 τριαίνης
956 3285 1014 3365 τάς
1028 3283 1135 3372 ἀκμάς
1146 3286 1181 3363 ε’ς

106 3394 156 3448 656
176 3377 233 3457 τάς
258 3395 367 3466 χεῖρας
388 3382 501 3467 λαβύν
523 3386 575 3451 καὶ
599 3380 681 3466 πρὸς
700 3381 762 3470 τήν
781 3385 914 3470 γνάθον
938 3388 1181 3473 πεφυσημένην
