<?xml version="1.0" encoding="UTF-8"?>
<!DOCTYPE html PUBLIC "-//W3C//DTD XHTML 1.0 Transitional//EN"
    "http://www.w3.org/TR/xhtml1/DTD/xhtml1-transitional.dtd">
<html xmlns="http://www.w3.org/1999/xhtml" xml:lang="en" lang="en">
 <head>
  <title>
</title>
<meta http-equiv="Content-Type" content="text/html;charset=utf-8" />
  <meta name='ocr-system' content='tesseract 3.04.00' />
  <meta name='ocr-capabilities' content='ocr_page ocr_carea ocr_par ocr_line ocrx_word'/>
</head>
<body>
  <div class='ocr_page' id='page_1' title='image "./lucianisamosate03jacogoog/lucianisamosate03jacogoog_0101.png"; bbox 0 0 2550 3825; ppageno 0'>
   <div class='ocr_carea' id='block_1_1' title="bbox 180 179 834 242">
    <p class='ocr_par' dir='ltr' id='par_1_1' title="bbox 180 179 834 242">
     <span class='ocr_line' id='line_1_1' title="bbox 180 179 834 242; baseline 0.002 -4"><span class='ocrx_word' id='word_1_1' title='bbox 180 179 222 238; x_wconf 73' lang='lat'><em>82</em></span> <span class='ocrx_word' id='word_1_2' title='bbox 531 181 834 242; x_wconf 77' lang='lat' dir='ltr'><em>AOYKIANOP</em></span> 
     </span>
    </p>
   </div>
   <div class='ocr_carea' id='block_1_2' title="bbox 111 335 1257 2895">
    <p class='ocr_par' dir='ltr' id='par_1_2' title="bbox 180 335 1183 622">
     <span class='ocr_line' id='line_1_2' title="bbox 180 335 1182 430; baseline 0.005 -24"><span class='ocrx_word' id='word_1_3' title='bbox 180 335 404 422; x_wconf 79' lang='grc' dir='ltr'><em>τού’1ξίουος;</em></span> <span class='ocrx_word' id='word_1_4' title='bbox 426 339 576 420; x_wconf 74' lang='grc' dir='ltr'><em>κολάζειν</em></span> <span class='ocrx_word' id='word_1_5' title='bbox 596 339 658 425; x_wconf 77' lang='grc' dir='ltr'><em>μὲν</em></span> <span class='ocrx_word' id='word_1_6' title='bbox 681 343 839 426; x_wconf 78' lang='grc' dir='ltr'><strong><em>μηδαμῶς</em></strong></span> <span class='ocrx_word' id='word_1_7' title='bbox 859 339 964 410; x_wconf 86' lang='grc' dir='ltr'><em>αύτόν</em></span> <span class='ocrx_word' id='word_1_8' title='bbox 985 346 1067 430; x_wconf 71' lang='grc' dir='ltr'><em>μηδὲ</em></span> <span class='ocrx_word' id='word_1_9' title='bbox 1089 341 1182 411; x_wconf 88' lang='grc' dir='ltr'><em>ἀπω-</em></span> 
     </span>
     <span class='ocr_line' id='line_1_3' title="bbox 182 436 1183 531; baseline 0.009 -29"><span class='ocrx_word' id='word_1_10' title='bbox 182 445 259 504; x_wconf 77' lang='grc' dir='ltr'><em>θεῖν</em></span> <span class='ocrx_word' id='word_1_11' title='bbox 275 442 335 502; x_wconf 85' lang='grc' dir='ltr'><em>τοῦ</em></span> <span class='ocrx_word' id='word_1_12' title='bbox 356 444 558 522; x_wconf 86' lang='grc' dir='ltr'><strong><em>συμποσίου·</em></strong></span> <span class='ocrx_word' id='word_1_13' title='bbox 592 436 712 504; x_wconf 89' lang='grc' dir='ltr'><em>σκαιόν</em></span> <span class='ocrx_word' id='word_1_14' title='bbox 731 438 812 524; x_wconf 75' lang='grc' dir='ltr'><em>γάρ·</em></span> <span class='ocrx_word' id='word_1_15' title='bbox 845 441 913 509; x_wconf 81' lang='grc' dir='ltr'><em>ἐπεὶ</em></span> <span class='ocrx_word' id='word_1_16' title='bbox 937 441 973 509; x_wconf 74' lang='grc' dir='ltr'><em>δὲ</em></span> <span class='ocrx_word' id='word_1_17' title='bbox 987 445 1045 531; x_wconf 81' lang='grc' dir='ltr'><em>ἐρᾷ</em></span> <span class='ocrx_word' id='word_1_18' title='bbox 1066 446 1121 510; x_wconf 79' lang='grc' dir='ltr'><em>καὶ</em></span> <span class='ocrx_word' id='word_1_19' title='bbox 1139 439 1183 522; x_wconf 79' lang='grc' dir='ltr'><em>ὡς</em></span> 
     </span>
     <span class='ocr_line' id='line_1_4' title="bbox 180 531 825 622; baseline 0.003 -21"><span class='ocrx_word' id='word_1_20' title='bbox 180 531 247 620; x_wconf 78' lang='grc' dir='ltr'><em>φὴς</em></span> <span class='ocrx_word' id='word_1_21' title='bbox 262 535 400 619; x_wconf 90' lang='grc' dir='ltr'><em>δακρύει</em></span> <span class='ocrx_word' id='word_1_22' title='bbox 414 538 468 603; x_wconf 80' lang='grc' dir='ltr'><em>καὶ</em></span> <span class='ocrx_word' id='word_1_23' title='bbox 483 534 635 622; x_wconf 78' lang='grc' dir='ltr'><em>ἀφόρητα</em></span> <span class='ocrx_word' id='word_1_24' title='bbox 651 537 825 621; x_wconf 88' lang='grc' dir='ltr'><em>πάσχει-</em></span> 
     </span>
    </p>

    <p class='ocr_par' dir='ltr' id='par_1_3' title="bbox 181 625 1257 917">
     <span class='ocr_line' id='line_1_5' title="bbox 263 625 1183 724; baseline 0.007 -24"><span class='ocrx_word' id='word_1_25' title='bbox 263 640 364 700; x_wconf 91' lang='grc' dir='ltr'><em>ΗΡΑ.</em></span> <span class='ocrx_word' id='word_1_26' title='bbox 393 641 447 718; x_wconf 88' lang='grc' dir='ltr'><em>Τί,</em></span> <span class='ocrx_word' id='word_1_27' title='bbox 464 625 489 700; x_wconf 82' lang='grc' dir='ltr'><em>ά</em></span> <span class='ocrx_word' id='word_1_28' title='bbox 504 640 586 712; x_wconf 77' lang='grc' dir='ltr'><em>Ζεύς</em></span> <span class='ocrx_word' id='word_1_29' title='bbox 607 636 699 701; x_wconf 90' lang='grc' dir='ltr'><em>δέδια</em></span> <span class='ocrx_word' id='word_1_30' title='bbox 714 635 797 720; x_wconf 78' lang='grc' dir='ltr'><em>γάρ,</em></span> <span class='ocrx_word' id='word_1_31' title='bbox 811 635 858 723; x_wconf 85' lang='grc' dir='ltr'><em>μη’</em></span> <span class='ocrx_word' id='word_1_32' title='bbox 869 663 899 704; x_wconf 93' lang='grc' dir='ltr'><em>τι</em></span> <span class='ocrx_word' id='word_1_33' title='bbox 916 635 1112 724; x_wconf 80' lang='grc' dir='ltr'><em>ὑβριστικὸν</em></span> <span class='ocrx_word' id='word_1_34' title='bbox 1127 641 1183 706; x_wconf 80' lang='grc' dir='ltr'><em>καὶ</em></span> 
     </span>
     <span class='ocr_line' id='line_1_6' title="bbox 181 733 1257 821; baseline 0.001 -22"><span class='ocrx_word' id='word_1_35' title='bbox 181 733 222 800; x_wconf 83' lang='grc' dir='ltr'><em>σύ</em></span> <span class='ocrx_word' id='word_1_36' title='bbox 239 743 340 821; x_wconf 90' lang='grc' dir='ltr'><em>είπης.</em></span> <span class='ocrx_word' id='word_1_37' title='bbox 1254 780 1257 784; x_wconf 91' lang='grc'>-</span> 
     </span>
     <span class='ocr_line' id='line_1_7' title="bbox 264 828 1183 917; baseline 0 -17"><span class='ocrx_word' id='word_1_38' title='bbox 264 839 391 903; x_wconf 74' lang='grc' dir='ltr'><strong><em>ΖΕΤΣ.</em></strong></span> <span class='ocrx_word' id='word_1_39' title='bbox 416 828 593 917; x_wconf 77' lang='grc' dir='ltr'><em>Οὐδαμῶς·</em></span> <span class='ocrx_word' id='word_1_40' title='bbox 614 829 688 899; x_wconf 90' lang='grc' dir='ltr'><em>ἀλλ’</em></span> <span class='ocrx_word' id='word_1_41' title='bbox 703 837 842 900; x_wconf 86' lang='grc' dir='ltr'><em>είδωλον</em></span> <span class='ocrx_word' id='word_1_42' title='bbox 854 834 889 900; x_wconf 77' lang='grc' dir='ltr'><em>ἐκ</em></span> <span class='ocrx_word' id='word_1_43' title='bbox 900 835 1041 917; x_wconf 77' lang='grc' dir='ltr'><em>νεφέλης</em></span> <span class='ocrx_word' id='word_1_44' title='bbox 1052 834 1183 900; x_wconf 87' lang='grc' dir='ltr'><em>πλασά-</em></span> 
     </span>
    </p>

    <p class='ocr_par' dir='ltr' id='par_1_4' title="bbox 111 926 1183 1019">
     <span class='ocr_line' id='line_1_8' title="bbox 111 926 1183 1019; baseline 0 -19"><span class='ocrx_word' id='word_1_45' title='bbox 111 947 163 1002; x_wconf 74' lang='lat'><em>219</em></span> <span class='ocrx_word' id='word_1_46' title='bbox 181 955 276 1018; x_wconf 91' lang='grc' dir='ltr'><em>μενοι</em></span> <span class='ocrx_word' id='word_1_47' title='bbox 292 926 376 1018; x_wconf 81' lang='grc' dir='ltr'><em>αὐτῇ</em></span> <span class='ocrx_word' id='word_1_48' title='bbox 391 948 444 996; x_wconf 91' lang='grc' dir='ltr'><em>σοι</em></span> <span class='ocrx_word' id='word_1_49' title='bbox 463 927 597 1013; x_wconf 86' lang='grc' dir='ltr'><em>ὅμοιον,</em></span> <span class='ocrx_word' id='word_1_50' title='bbox 612 929 748 998; x_wconf 82' lang='grc' dir='ltr'><em>ἐπειδάν</em></span> <span class='ocrx_word' id='word_1_51' title='bbox 764 939 853 1019; x_wconf 80' lang='grc' dir='ltr'><em>λυθῇ</em></span> <span class='ocrx_word' id='word_1_52' title='bbox 866 929 904 999; x_wconf 87' lang='grc' dir='ltr'>τὸ</span> <span class='ocrx_word' id='word_1_53' title='bbox 918 931 1106 1017; x_wconf 90' lang='grc' dir='ltr'><em>συμπόσιον</em></span> <span class='ocrx_word' id='word_1_54' title='bbox 1120 931 1183 1000; x_wconf 88' lang='grc' dir='ltr'><em>κά-</em></span> 
     </span>
    </p>

    <p class='ocr_par' dir='ltr' id='par_1_5' title="bbox 181 1023 1182 1117">
     <span class='ocr_line' id='line_1_9' title="bbox 181 1023 1182 1117; baseline 0 -19"><span class='ocrx_word' id='word_1_55' title='bbox 181 1044 290 1108; x_wconf 82' lang='grc' dir='ltr'><em>κείνως</em></span> <span class='ocrx_word' id='word_1_56' title='bbox 306 1028 477 1116; x_wconf 78' lang='grc' dir='ltr'><em>ἀγρυπνῇ,</em></span> <span class='ocrx_word' id='word_1_57' title='bbox 501 1023 543 1105; x_wconf 78' lang='grc' dir='ltr'><em>ὡς</em></span> <span class='ocrx_word' id='word_1_58' title='bbox 559 1024 595 1094; x_wconf 84' lang='grc' dir='ltr'><strong><em>τό</em></strong></span> <span class='ocrx_word' id='word_1_59' title='bbox 616 1028 719 1114; x_wconf 87' lang='grc' dir='ltr'><em>είκύς,</em></span> <span class='ocrx_word' id='word_1_60' title='bbox 746 1026 812 1097; x_wconf 80' lang='grc' dir='ltr'><em>ὑπὸ</em></span> <span class='ocrx_word' id='word_1_61' title='bbox 834 1036 894 1097; x_wconf 86' lang='grc' dir='ltr'><em>τοῦ</em></span> <span class='ocrx_word' id='word_1_62' title='bbox 915 1036 1052 1117; x_wconf 80' lang='grc' dir='ltr'><em>ἔρωτος,</em></span> <span class='ocrx_word' id='word_1_63' title='bbox 1073 1055 1182 1116; x_wconf 78' lang='grc' dir='ltr'><em>παρα-</em></span> 
     </span>
    </p>

    <p class='ocr_par' dir='ltr' id='par_1_6' title="bbox 141 1122 1242 1313">
     <span class='ocr_line' id='line_1_10' title="bbox 141 1122 1181 1216; baseline -0.001 -19"><span class='ocrx_word' id='word_1_64' title='bbox 141 1184 143 1188; x_wconf 88' lang='grc'>.</span> <span class='ocrx_word' id='word_1_65' title='bbox 181 1135 430 1213; x_wconf 65' lang='grc' dir='ltr'><em>κατακαίνωμεν</em></span> <span class='ocrx_word' id='word_1_66' title='bbox 450 1122 541 1216; x_wconf 77' lang='grc' dir='ltr'><em>αύτῷ</em></span> <span class='ocrx_word' id='word_1_67' title='bbox 561 1128 735 1213; x_wconf 89' lang='grc' dir='ltr'><em>φέροντες·</em></span> <span class='ocrx_word' id='word_1_68' title='bbox 765 1125 853 1194; x_wconf 80' lang='grc' dir='ltr'><em>οὕτω</em></span> <span class='ocrx_word' id='word_1_69' title='bbox 868 1125 933 1213; x_wconf 76' lang='grc' dir='ltr'><em>γάρ</em></span> <span class='ocrx_word' id='word_1_70' title='bbox 953 1125 997 1195; x_wconf 86' lang='grc' dir='ltr'><em>ἀν</em></span> <span class='ocrx_word' id='word_1_71' title='bbox 1017 1131 1181 1198; x_wconf 88' lang='grc' dir='ltr'><em>παύσαιτο</em></span> 
     </span>
     <span class='ocr_line' id='line_1_11' title="bbox 180 1227 1242 1313; baseline -0.005 -17"><span class='ocrx_word' id='word_1_72' title='bbox 180 1227 365 1313; x_wconf 75' lang='grc' dir='ltr'><em>ἀνιώμενος</em></span> <span class='ocrx_word' id='word_1_73' title='bbox 381 1227 507 1312; x_wconf 73' lang='grc' dir='ltr'><em>οἰηθεὶς</em></span> <span class='ocrx_word' id='word_1_74' title='bbox 522 1229 733 1311; x_wconf 79' lang='grc' dir='ltr'><em>τετυχηκέναι</em></span> <span class='ocrx_word' id='word_1_75' title='bbox 747 1233 803 1313; x_wconf 84' lang='grc' dir='ltr'><em>τῆς</em></span> <span class='ocrx_word' id='word_1_76' title='bbox 819 1230 1006 1312; x_wconf 83' lang='grc' dir='ltr'><em>ἐπιθυμίας.</em></span> <span class='ocrx_word' id='word_1_77' title='bbox 1239 1235 1242 1239; x_wconf 83' lang='grc'>’</span> 
     </span>
    </p>

    <p class='ocr_par' dir='ltr' id='par_1_7' title="bbox 180 1321 1181 1511">
     <span class='ocr_line' id='line_1_12' title="bbox 265 1321 1181 1411; baseline -0.002 -17"><span class='ocrx_word' id='word_1_78' title='bbox 265 1333 364 1394; x_wconf 85' lang='grc' dir='ltr'><em>ΗΡΑ.</em></span> <span class='ocrx_word' id='word_1_79' title='bbox 385 1321 526 1411; x_wconf 83' lang='grc' dir='ltr'><em>Ἀπαμε,</em></span> <span class='ocrx_word' id='word_1_80' title='bbox 551 1323 595 1410; x_wconf 76' lang='grc' dir='ltr'><em>μὴ</em></span> <span class='ocrx_word' id='word_1_81' title='bbox 615 1322 742 1409; x_wconf 78' lang='grc' dir='ltr'><em>άρασιν</em></span> <span class='ocrx_word' id='word_1_82' title='bbox 758 1327 863 1392; x_wconf 86' lang='grc' dir='ltr'><em>ἵκοιτο</em></span> <span class='ocrx_word' id='word_1_83' title='bbox 885 1331 952 1392; x_wconf 80' lang='grc' dir='ltr'><em>τῶν</em></span> <span class='ocrx_word' id='word_1_84' title='bbox 974 1322 1057 1411; x_wconf 75' lang='grc' dir='ltr'><em>ὑπὲρ</em></span> <span class='ocrx_word' id='word_1_85' title='bbox 1076 1322 1181 1392; x_wconf 89' lang='grc' dir='ltr'><em>αύτον</em></span> 
     </span>
     <span class='ocr_line' id='line_1_13' title="bbox 180 1431 364 1511; baseline -0.033 -15"><span class='ocrx_word' id='word_1_86' title='bbox 180 1431 364 1511; x_wconf 57' lang='grc' dir='ltr'><em>ἐπιθυμῶν.</em></span> 
     </span>
    </p>

    <p class='ocr_par' dir='ltr' id='par_1_8' title="bbox 181 1513 1183 1799">
     <span class='ocr_line' id='line_1_14' title="bbox 264 1513 1183 1608; baseline -0.005 -15"><span class='ocrx_word' id='word_1_87' title='bbox 264 1530 390 1593; x_wconf 68' lang='grc' dir='ltr'><em>ΖΕΥΣ.</em></span> <span class='ocrx_word' id='word_1_88' title='bbox 406 1519 515 1607; x_wconf 69' lang='grc' dir='ltr'><em>’Όμως</em></span> <span class='ocrx_word' id='word_1_89' title='bbox 536 1517 735 1607; x_wconf 81' lang='grc' dir='ltr'><em>ὑπόμεινον,</em></span> <span class='ocrx_word' id='word_1_90' title='bbox 753 1513 884 1606; x_wconf 78' lang='grc' dir='ltr'><em>ἀἭρα.</em></span> <span class='ocrx_word' id='word_1_91' title='bbox 905 1518 928 1608; x_wconf 74' lang='grc' dir='ltr'><em>ἢ</em></span> <span class='ocrx_word' id='word_1_92' title='bbox 944 1529 979 1590; x_wconf 91' lang='grc' dir='ltr'><em>τί</em></span> <span class='ocrx_word' id='word_1_93' title='bbox 988 1520 1052 1608; x_wconf 77' lang='grc' dir='ltr'><em>γάρ</em></span> <span class='ocrx_word' id='word_1_94' title='bbox 1067 1517 1111 1589; x_wconf 88' lang='grc' dir='ltr'><em>άν</em></span> <span class='ocrx_word' id='word_1_95' title='bbox 1126 1523 1183 1588; x_wconf 79' lang='grc' dir='ltr'><em>καὶ</em></span> 
     </span>
     <span class='ocr_line' id='line_1_15' title="bbox 181 1616 1182 1709; baseline -0.005 -18"><span class='ocrx_word' id='word_1_96' title='bbox 181 1625 304 1701; x_wconf 77' lang='grc' dir='ltr'><em>πάθοις</em></span> <span class='ocrx_word' id='word_1_97' title='bbox 324 1616 437 1688; x_wconf 81' lang='grc' dir='ltr'><em>δεινὸν</em></span> <span class='ocrx_word' id='word_1_98' title='bbox 458 1616 522 1686; x_wconf 86' lang='grc' dir='ltr'><em>ἀπδ</em></span> <span class='ocrx_word' id='word_1_99' title='bbox 545 1624 605 1685; x_wconf 86' lang='grc' dir='ltr'><em>τοῦ</em></span> <span class='ocrx_word' id='word_1_100' title='bbox 627 1619 834 1707; x_wconf 78' lang='grc' dir='ltr'><em>πλάσματος,</em></span> <span class='ocrx_word' id='word_1_101' title='bbox 861 1626 890 1689; x_wconf 85' lang='grc' dir='ltr'><em>εί</em></span> <span class='ocrx_word' id='word_1_102' title='bbox 904 1623 1027 1709; x_wconf 81' lang='grc' dir='ltr'><em>νεφέλη</em></span> <span class='ocrx_word' id='word_1_103' title='bbox 1048 1617 1182 1700; x_wconf 83' lang='grc' dir='ltr'><em>δἸξίων</em></span> 
     </span>
     <span class='ocr_line' id='line_1_16' title="bbox 181 1724 352 1799; baseline -0.029 -8"><span class='ocrx_word' id='word_1_104' title='bbox 181 1724 352 1799; x_wconf 80' lang='grc' dir='ltr'><em>συνέσται;</em></span> 
     </span>
    </p>

    <p class='ocr_par' dir='ltr' id='par_1_9' title="bbox 181 1812 1183 2006">
     <span class='ocr_line' id='line_1_17' title="bbox 266 1812 1183 1903; baseline -0.002 -15"><span class='ocrx_word' id='word_1_105' title='bbox 266 1825 294 1888; x_wconf 88' lang='lat'><em>5.</em></span> <span class='ocrx_word' id='word_1_106' title='bbox 317 1825 417 1886; x_wconf 86' lang='lat' dir='ltr'><em>HPA.</em></span> <span class='ocrx_word' id='word_1_107' title='bbox 439 1812 534 1883; x_wconf 83' lang='grc' dir='ltr'><em>Ἀλλά</em></span> <span class='ocrx_word' id='word_1_108' title='bbox 550 1813 570 1900; x_wconf 78' lang='grc' dir='ltr'><em>ἡ</em></span> <span class='ocrx_word' id='word_1_109' title='bbox 582 1818 705 1903; x_wconf 87' lang='grc' dir='ltr'><em>νεφέλη</em></span> <span class='ocrx_word' id='word_1_110' title='bbox 717 1815 781 1903; x_wconf 74' lang='grc' dir='ltr'><em>ἐγώ</em></span> <span class='ocrx_word' id='word_1_111' title='bbox 794 1816 877 1886; x_wconf 76' lang='grc' dir='ltr'><em>εἶναι</em></span> <span class='ocrx_word' id='word_1_112' title='bbox 896 1818 996 1903; x_wconf 81' lang='grc' dir='ltr'><em>δόξω,</em></span> <span class='ocrx_word' id='word_1_113' title='bbox 1012 1819 1066 1886; x_wconf 77' lang='grc' dir='ltr'><em>καὶ</em></span> <span class='ocrx_word' id='word_1_114' title='bbox 1080 1814 1116 1884; x_wconf 87' lang='grc' dir='ltr'><em>τδ</em></span> <span class='ocrx_word' id='word_1_115' title='bbox 1129 1823 1183 1886; x_wconf 89' lang='grc' dir='ltr'><em>αί-</em></span> 
     </span>
     <span class='ocr_line' id='line_1_18' title="bbox 181 1912 923 2006; baseline -0.004 -18"><span class='ocrx_word' id='word_1_116' title='bbox 181 1917 284 2006; x_wconf 87' lang='grc' dir='ltr'><em>σχρὸν</em></span> <span class='ocrx_word' id='word_1_117' title='bbox 301 1915 353 1986; x_wconf 81' lang='grc' dir='ltr'><em>ἐπ’</em></span> <span class='ocrx_word' id='word_1_118' title='bbox 370 1917 425 2003; x_wconf 77' lang='grc' dir='ltr'><em>ἐμὲ</em></span> <span class='ocrx_word' id='word_1_119' title='bbox 439 1916 570 2001; x_wconf 81' lang='grc' dir='ltr'><em>ποιησει</em></span> <span class='ocrx_word' id='word_1_120' title='bbox 585 1912 640 1983; x_wconf 87' lang='grc' dir='ltr'><em>διά</em></span> <span class='ocrx_word' id='word_1_121' title='bbox 657 1914 719 2002; x_wconf 82' lang='grc' dir='ltr'><em>τὴν</em></span> <span class='ocrx_word' id='word_1_122' title='bbox 736 1914 923 2005; x_wconf 86' lang='grc' dir='ltr'><em>ὁμοιότητα.</em></span> 
     </span>
    </p>

    <p class='ocr_par' dir='ltr' id='par_1_10' title="bbox 180 2010 1181 2303">
     <span class='ocr_line' id='line_1_19' title="bbox 264 2010 1181 2103; baseline -0.004 -17"><span class='ocrx_word' id='word_1_123' title='bbox 264 2024 389 2091; x_wconf 67' lang='grc' dir='ltr'><strong>ΖΕΥΣ.</strong></span> <span class='ocrx_word' id='word_1_124' title='bbox 414 2010 522 2083; x_wconf 77' lang='grc' dir='ltr'><em>Οὐδὲν</em></span> <span class='ocrx_word' id='word_1_125' title='bbox 536 2022 633 2081; x_wconf 85' lang='grc' dir='ltr'><em>τοῦτο</em></span> <span class='ocrx_word' id='word_1_126' title='bbox 653 2014 733 2102; x_wconf 81' lang='grc' dir='ltr'><em>φής·</em></span> <span class='ocrx_word' id='word_1_127' title='bbox 757 2013 833 2083; x_wconf 81' lang='grc' dir='ltr'><em>οὔτε</em></span> <span class='ocrx_word' id='word_1_128' title='bbox 846 2013 945 2103; x_wconf 74' lang='grc' dir='ltr'><em>γάρὴ</em></span> <span class='ocrx_word' id='word_1_129' title='bbox 964 2017 1086 2102; x_wconf 84' lang='grc' dir='ltr'><em>νεφέλη</em></span> <span class='ocrx_word' id='word_1_130' title='bbox 1101 2016 1181 2083; x_wconf 80' lang='grc' dir='ltr'><em>ποτὲ</em></span> 
     </span>
     <span class='ocr_line' id='line_1_20' title="bbox 180 2107 1180 2204; baseline -0.005 -18"><span class='ocrx_word' id='word_1_131' title='bbox 180 2116 267 2204; x_wconf 86' lang='grc' dir='ltr'><em>Ἥρα</em></span> <span class='ocrx_word' id='word_1_132' title='bbox 282 2111 403 2202; x_wconf 81' lang='grc' dir='ltr'><em>γένοιτ’</em></span> <span class='ocrx_word' id='word_1_133' title='bbox 417 2107 461 2180; x_wconf 88' lang='grc' dir='ltr'><em>ἀν</em></span> <span class='ocrx_word' id='word_1_134' title='bbox 478 2112 555 2180; x_wconf 86' lang='grc' dir='ltr'><em>ούτε</em></span> <span class='ocrx_word' id='word_1_135' title='bbox 570 2111 612 2179; x_wconf 86' lang='grc' dir='ltr'><em>σύ</em></span> <span class='ocrx_word' id='word_1_136' title='bbox 624 2116 763 2199; x_wconf 88' lang='grc' dir='ltr'><em>νεφέλη·</em></span> <span class='ocrx_word' id='word_1_137' title='bbox 787 2110 805 2182; x_wconf 86' lang='grc' dir='ltr'>ὁ</span> <span class='ocrx_word' id='word_1_138' title='bbox 823 2111 855 2181; x_wconf 85' lang='grc' dir='ltr'><em>δ’</em></span> <span class='ocrx_word' id='word_1_139' title='bbox 868 2113 969 2195; x_wconf 79' lang='grc' dir='ltr'><em>Ἰξίων</em></span> <span class='ocrx_word' id='word_1_140' title='bbox 987 2115 1094 2201; x_wconf 86' lang='grc' dir='ltr'><em>μόνον</em></span> <span class='ocrx_word' id='word_1_141' title='bbox 1107 2117 1180 2194; x_wconf 76' lang='grc' dir='ltr'><em>ἐξα-</em></span> 
     </span>
     <span class='ocr_line' id='line_1_21' title="bbox 181 2216 415 2303; baseline -0.009 -18"><span class='ocrx_word' id='word_1_142' title='bbox 181 2216 415 2303; x_wconf 80' lang='grc' dir='ltr'><em>πατηθησεται.</em></span> 
     </span>
    </p>

    <p class='ocr_par' dir='ltr' id='par_1_11' title="bbox 181 2307 1239 2793">
     <span class='ocr_line' id='line_1_22' title="bbox 264 2307 1180 2398; baseline -0.004 -16"><span class='ocrx_word' id='word_1_143' title='bbox 264 2321 365 2382; x_wconf 88' lang='grc' dir='ltr'><em>ΗΡΑ.</em></span> <span class='ocrx_word' id='word_1_144' title='bbox 383 2308 478 2380; x_wconf 86' lang='grc' dir='ltr'><em>Ἀλλά</em></span> <span class='ocrx_word' id='word_1_145' title='bbox 493 2313 526 2377; x_wconf 89' lang='grc' dir='ltr'><em>οί</em></span> <span class='ocrx_word' id='word_1_146' title='bbox 535 2310 657 2388; x_wconf 87' lang='grc' dir='ltr'><em>πάντες</em></span> <span class='ocrx_word' id='word_1_147' title='bbox 668 2307 845 2394; x_wconf 73' lang='grc' dir='ltr'><em>ἅνθρωποι</em></span> <span class='ocrx_word' id='word_1_148' title='bbox 856 2309 1071 2398; x_wconf 85' lang='grc' dir='ltr'><em>ἀπειρόκαλοί</em></span> <span class='ocrx_word' id='word_1_149' title='bbox 1081 2318 1180 2380; x_wconf 85' lang='grc' dir='ltr'><em>είσιν·</em></span> 
     </span>
     <span class='ocr_line' id='line_1_23' title="bbox 182 2407 1183 2499; baseline -0.002 -19"><span class='ocrx_word' id='word_1_150' title='bbox 182 2411 318 2499; x_wconf 80' lang='grc' dir='ltr'><em>αὐχήσει</em></span> <span class='ocrx_word' id='word_1_151' title='bbox 328 2407 502 2479; x_wconf 72' lang='grc' dir='ltr'><em>κατελθών</em></span> <span class='ocrx_word' id='word_1_152' title='bbox 512 2417 590 2487; x_wconf 87' lang='grc' dir='ltr'><em>ίσως</em></span> <span class='ocrx_word' id='word_1_153' title='bbox 600 2411 654 2476; x_wconf 80' lang='grc' dir='ltr'><em>καὶ</em></span> <span class='ocrx_word' id='word_1_154' title='bbox 666 2411 855 2496; x_wconf 74' lang='grc' dir='ltr'><em>διηγήσεται</em></span> <span class='ocrx_word' id='word_1_155' title='bbox 867 2410 970 2479; x_wconf 86' lang='grc' dir='ltr'><em>άπασι</em></span> <span class='ocrx_word' id='word_1_156' title='bbox 980 2416 1087 2498; x_wconf 71' lang='grc' dir='ltr'><em>λέγων</em></span> <span class='ocrx_word' id='word_1_157' title='bbox 1098 2430 1183 2499; x_wconf 79' lang='grc' dir='ltr'><em>συγ·</em></span> 
     </span>
     <span class='ocr_line' id='line_1_24' title="bbox 181 2505 1184 2601; baseline -0.001 -22"><span class='ocrx_word' id='word_1_158' title='bbox 181 2518 382 2599; x_wconf 73' lang='grc' dir='ltr'><em>γεγενῆσθαι</em></span> <span class='ocrx_word' id='word_1_159' title='bbox 394 2505 528 2599; x_wconf 76' lang='grc' dir='ltr'><em>τῇἭρᾳ</em></span> <span class='ocrx_word' id='word_1_160' title='bbox 538 2511 592 2575; x_wconf 81' lang='grc' dir='ltr'><em>καὶ</em></span> <span class='ocrx_word' id='word_1_161' title='bbox 604 2507 802 2591; x_wconf 84' lang='grc' dir='ltr'><em>σύλλεκτρος</em></span> <span class='ocrx_word' id='word_1_162' title='bbox 812 2508 952 2601; x_wconf 76' lang='grc' dir='ltr'><em>εἶναιτῷ</em></span> <span class='ocrx_word' id='word_1_163' title='bbox 962 2518 1036 2598; x_wconf 88' lang='grc' dir='ltr'><em>Διί,</em></span> <span class='ocrx_word' id='word_1_164' title='bbox 1048 2517 1107 2579; x_wconf 89' lang='grc' dir='ltr'><em>καί</em></span> <span class='ocrx_word' id='word_1_165' title='bbox 1113 2535 1184 2582; x_wconf 87' lang='grc' dir='ltr'><em>που</em></span> 
     </span>
     <span class='ocr_line' id='line_1_25' title="bbox 182 2605 1239 2697; baseline -0.003 -18"><span class='ocrx_word' id='word_1_166' title='bbox 182 2611 254 2697; x_wconf 88' lang='grc' dir='ltr'><em>τάχ’</em></span> <span class='ocrx_word' id='word_1_167' title='bbox 267 2606 310 2677; x_wconf 85' lang='grc' dir='ltr'><em>ἀν</em></span> <span class='ocrx_word' id='word_1_168' title='bbox 326 2612 406 2695; x_wconf 78' lang='grc' dir='ltr'><em>ἐρᾶν</em></span> <span class='ocrx_word' id='word_1_169' title='bbox 420 2634 460 2694; x_wconf 91' lang='grc' dir='ltr'><em>με</em></span> <span class='ocrx_word' id='word_1_170' title='bbox 475 2608 611 2694; x_wconf 84' lang='grc' dir='ltr'><em>φήσειεν</em></span> <span class='ocrx_word' id='word_1_171' title='bbox 625 2605 747 2693; x_wconf 83' lang='grc' dir='ltr'><em>αὐτοῦ,</em></span> <span class='ocrx_word' id='word_1_172' title='bbox 769 2613 803 2677; x_wconf 89' lang='grc' dir='ltr'><em>οί</em></span> <span class='ocrx_word' id='word_1_173' title='bbox 814 2610 851 2677; x_wconf 72' lang='grc' dir='ltr'><em>δὲ</em></span> <span class='ocrx_word' id='word_1_174' title='bbox 866 2609 1103 2679; x_wconf 82' lang='grc' dir='ltr'><em>πιστεύσουσιν</em></span> <span class='ocrx_word' id='word_1_175' title='bbox 1118 2606 1183 2676; x_wconf 84' lang='grc' dir='ltr'><em>ούκ</em></span> <span class='ocrx_word' id='word_1_176' title='bbox 1233 2614 1239 2630; x_wconf 82' lang='grc'><em>“</em></span> 
     </span>
     <span class='ocr_line' id='line_1_26' title="bbox 183 2704 639 2793; baseline -0.013 -16"><span class='ocrx_word' id='word_1_177' title='bbox 183 2710 305 2788; x_wconf 83' lang='grc' dir='ltr'><em>εἰδότες</em></span> <span class='ocrx_word' id='word_1_178' title='bbox 322 2704 367 2785; x_wconf 79' lang='grc' dir='ltr'><em>ὡς</em></span> <span class='ocrx_word' id='word_1_179' title='bbox 384 2710 506 2793; x_wconf 87' lang='grc' dir='ltr'><em>νεφέλη</em></span> <span class='ocrx_word' id='word_1_180' title='bbox 523 2712 639 2791; x_wconf 79' lang='grc' dir='ltr'><em>συνῆν.</em></span> 
     </span>
    </p>

    <p class='ocr_par' dir='ltr' id='par_1_12' title="bbox 266 2800 1185 2895">
     <span class='ocr_line' id='line_1_27' title="bbox 266 2800 1185 2895; baseline -0.003 -19"><span class='ocrx_word' id='word_1_181' title='bbox 266 2810 390 2876; x_wconf 71' lang='lat' dir='ltr'><em>zm.</em></span> <span class='ocrx_word' id='word_1_182' title='bbox 416 2800 567 2888; x_wconf 83' lang='grc' dir='ltr'><em>Οὐκοῦν,</em></span> <span class='ocrx_word' id='word_1_183' title='bbox 585 2802 629 2890; x_wconf 78' lang='grc' dir='ltr'><em>ἥν</em></span> <span class='ocrx_word' id='word_1_184' title='bbox 645 2828 676 2869; x_wconf 92' lang='grc' dir='ltr'><em>τι</em></span> <span class='ocrx_word' id='word_1_185' title='bbox 688 2812 841 2874; x_wconf 86' lang='grc' dir='ltr'><em>τοιοῦτον</em></span> <span class='ocrx_word' id='word_1_186' title='bbox 855 2815 947 2894; x_wconf 85' lang='grc' dir='ltr'><em>είπη,</em></span> <span class='ocrx_word' id='word_1_187' title='bbox 969 2808 1002 2884; x_wconf 83' lang='grc' dir='ltr'><em>ές</em></span> <span class='ocrx_word' id='word_1_188' title='bbox 1020 2803 1081 2873; x_wconf 82' lang='grc' dir='ltr'><em>τὸν</em></span> <span class='ocrx_word' id='word_1_189' title='bbox 1095 2804 1185 2895; x_wconf 79' lang='grc' dir='ltr'><em>ᾅδην</em></span> 
     </span>
    </p>
   </div>
   <div class='ocr_carea' id='block_1_3' title="bbox 180 2900 1186 3292">
    <p class='ocr_par' dir='ltr' id='par_1_13' title="bbox 180 2900 1186 3292">
     <span class='ocr_line' id='line_1_28' title="bbox 181 2900 1183 2994; baseline -0.005 -20"><span class='ocrx_word' id='word_1_190' title='bbox 181 2902 334 2994; x_wconf 75' lang='grc' dir='ltr'><em>έμπεσάν</em></span> <span class='ocrx_word' id='word_1_191' title='bbox 348 2910 453 2992; x_wconf 79' lang='grc' dir='ltr'><em>τροχῷ</em></span> <span class='ocrx_word' id='word_1_192' title='bbox 471 2900 589 2980; x_wconf 73' lang='grc' dir='ltr'><em>άθλιος</em></span> <span class='ocrx_word' id='word_1_193' title='bbox 605 2905 802 2986; x_wconf 77' lang='grc' dir='ltr'><em>προσδεθεὶς</em></span> <span class='ocrx_word' id='word_1_194' title='bbox 824 2903 1183 2989; x_wconf 73' lang='grc' dir='ltr'><em>συμπεριενεχθήσεται</em></span> 
     </span>
     <span class='ocr_line' id='line_1_29' title="bbox 182 2996 1184 3092; baseline -0.009 -18"><span class='ocrx_word' id='word_1_195' title='bbox 182 3002 253 3092; x_wconf 83' lang='grc' dir='ltr'><em>μετ’</em></span> <span class='ocrx_word' id='word_1_196' title='bbox 268 3000 374 3073; x_wconf 83' lang='grc' dir='ltr'><em>αὐτοῦ</em></span> <span class='ocrx_word' id='word_1_197' title='bbox 388 2998 507 3067; x_wconf 79' lang='grc' dir='ltr'><em>ἀείκαὶ</em></span> <span class='ocrx_word' id='word_1_198' title='bbox 522 2999 629 3069; x_wconf 89' lang='grc' dir='ltr'><em>πόνον</em></span> <span class='ocrx_word' id='word_1_199' title='bbox 644 2998 816 3067; x_wconf 86' lang='grc' dir='ltr'><em>άπαυστον</em></span> <span class='ocrx_word' id='word_1_200' title='bbox 829 3003 893 3080; x_wconf 68' lang='grc' dir='ltr'><em>έξει</em></span> <span class='ocrx_word' id='word_1_201' title='bbox 905 3004 1001 3086; x_wconf 86' lang='grc' dir='ltr'><em>δίκην</em></span> <span class='ocrx_word' id='word_1_202' title='bbox 1014 2998 1128 3077; x_wconf 85' lang='grc' dir='ltr'><em>διδούς</em></span> <span class='ocrx_word' id='word_1_203' title='bbox 1139 2996 1184 3065; x_wconf 85' lang='grc' dir='ltr'><em>ού</em></span> 
     </span>
     <span class='ocr_line' id='line_1_30' title="bbox 181 3096 1186 3190; baseline -0.007 -19"><span class='ocrx_word' id='word_1_204' title='bbox 181 3111 241 3173; x_wconf 87' lang='grc' dir='ltr'><em>τοῦ</em></span> <span class='ocrx_word' id='word_1_205' title='bbox 262 3109 438 3190; x_wconf 81' lang='grc' dir='ltr'><em>ἔρωτος-</em></span> <span class='ocrx_word' id='word_1_206' title='bbox 453 3098 494 3167; x_wconf 85' lang='grc' dir='ltr'><em>ού</em></span> <span class='ocrx_word' id='word_1_207' title='bbox 509 3097 574 3186; x_wconf 75' lang='grc' dir='ltr'><em>γάρ</em></span> <span class='ocrx_word' id='word_1_208' title='bbox 595 3096 634 3185; x_wconf 75' lang='grc' dir='ltr'><em>δὴ</em></span> <span class='ocrx_word' id='word_1_209' title='bbox 660 3096 773 3167; x_wconf 83' lang='grc' dir='ltr'><em>δεινὰν</em></span> <span class='ocrx_word' id='word_1_210' title='bbox 789 3100 888 3167; x_wconf 85' lang='grc' dir='ltr'><em>τοῦτό</em></span> <span class='ocrx_word' id='word_1_211' title='bbox 910 3126 948 3185; x_wconf 84' lang='grc' dir='ltr'><em>γε</em></span> <span class='ocrx_word' id='word_1_212' title='bbox 964 3139 1005 3153; x_wconf 54' lang='grc' dir='ltr'><em>-ψ</em></span> <span class='ocrx_word' id='word_1_213' title='bbox 1020 3097 1104 3171; x_wconf 85' lang='grc' dir='ltr'><em>ἀλλά</em></span> <span class='ocrx_word' id='word_1_214' title='bbox 1125 3106 1186 3185; x_wconf 81' lang='grc' dir='ltr'><em>τῆς</em></span> 
     </span>
     <span class='ocr_line' id='line_1_31' title="bbox 180 3207 407 3292; baseline -0.026 -19"><span class='ocrx_word' id='word_1_215' title='bbox 180 3207 407 3292; x_wconf 81' lang='grc' dir='ltr'><em>μεγαλαυχίας.</em></span> 
     </span>
    </p>
   </div>
   <div class='ocr_carea' id='block_1_4' title="bbox 0 0 1282 3825">
    <p class='ocr_par' dir='ltr' id='par_1_14' title="bbox 0 0 1282 3825">
     <span class='ocr_line' id='line_1_32' title="bbox 0 0 1282 3825; baseline 0 0"><span class='ocrx_word' id='word_1_216' title='bbox 0 0 1282 3825; x_wconf 95' lang='lat' dir='ltr'><em> </em></span> 
     </span>
    </p>
   </div>
  </div>
 </body>
</html>
