2550 3825
414 143 417 149 ’
464 165 773 226 οεΜοττΜοε.
1058 151 1121 222 εσλ

95 311 98 316 ’
118 321 313 408 μαθήματα·
334 329 365 392 ελ
383 324 418 390 δὲ
432 321 494 407 μή,
512 319 595 389 ἀλλά
610 321 807 406 Χρύσιππός
819 348 858 408 γε
872 323 927 390 καὶ
938 318 1119 405 Ἀριστοτέ-

117 427 176 504 λης
190 420 244 486 καὶ
259 421 403 487 Πλάτων
421 433 520 504 φαῖεν
534 418 594 503 ἀν,
609 421 664 487 καὶ
678 417 742 504 πρό
758 420 887 490 τούτων
902 418 920 487 ὁ
937 418 1119 503 Σωκράτης

117 514 217 584 οὐδὲν
240 517 444 602 φαυλότερος
466 513 593 601 αὐτῶν,
621 513 659 595 δς
678 519 848 603 ἐκεκράγει
867 513 951 601 πρὸς
971 514 1119 590 ἅπαντας

116 609 177 697 οὐχ
192 611 281 693 ὅπως
295 612 339 700 μή
355 614 479 698 πάντα,
502 611 585 681 ἀλλά
601 611 681 704 μηδ’
697 613 782 694 ὅλως
797 617 920 684 εἰδέναι
935 640 966 681 τι
982 608 1003 697 ή
1020 618 1118 678 τοῦτο

116 709 222 794 μόνον
235 707 286 777 ότι
301 707 362 778 οάκ
375 709 452 780 ολδε.
476 712 689 798 λογισώμεθα
703 705 767 780 οὖν
778 715 810 792 ἐξ
820 711 935 798 ἀρχῆς
959 718 1063 778 εἰκοσι
1072 715 1117 795 τῷ
1183 730 1189 741 ·

113 807 303 896 Πυθαγόρᾳ
317 811 485 895 ἐτίθεμεν,
512 806 580 876 εἶτα
591 810 748 877 Πλάτωνι
761 807 903 878 τοσαῦθ’
921 811 1034 894 ἕτερα,
1049 804 1116 873 εἶτα

114 905 186 991 ε’ξής
198 921 266 984 τοῖς
281 905 399 986 ἀλλοις.
425 907 513 976 πόσα
529 903 561 972 δ’
578 899 643 974 οὖν
662 913 766 974 ταῦτα
782 908 987 976 συντεθέντα
1008 909 1045 972 ἐν
1060 931 1116 972 κε·

114 1011 244 1094 φαλαίηε
254 1003 377 1090 γένοιτ’
390 1004 450 1089 ἀν,
467 1011 497 1072 ει’
509 1007 588 1072 δέκα
602 1003 708 1090 μόνας
721 1015 840 1091 θεῖμεν
855 1002 912 1084 τάς
927 1006 1067 1090 αλρέσεις
1079 1005 1116 1070 έν

114 1107 315 1192 φιλοσοφίας

195 1219 299 1280 ΕΡΜ.
316 1211 413 1300 ’Υπὲρ
429 1215 596 1298 διακόσια,
614 1208 643 1280 ῶ
657 1223 790 1281 Λυκῖνε.

196 1334 295 1395 ΛΤΚ.
317 1329 438 1396 Βούλει
451 1319 514 1394 οὖν
526 1323 721 1412 ἀφαιρῶμεν
734 1324 771 1392 τδ
784 1329 955 1410 τέταρτον,
975 1321 1019 1401 ῶς
1032 1347 1114 1390 πεν-

113 1423 254 1509 τήκοντα
270 1429 325 1492 καὶ
343 1426 459 1493 ἑκατόν
475 1431 531 1510 ἔτη
547 1421 646 1492 λκαυά
663 1421 764 1508 εἶναι,
779 1419 800 1509 ή
815 1423 853 1490 τὸ
868 1420 973 1508 ήμισυ
988 1420 1083 1499 ὅλον;

195 1554 244 1617 49.
268 1557 370 1618 ΕΡΜ.
396 1548 505 1631 Αὐτὸς
519 1545 569 1618 ιἀν
587 1537 704 1636 εἰδείης
724 1548 878 1636 ἀμεινον·
906 1546 971 1635 έγῶ
991 1549 1027 1616 δὲ
1045 1545 1113 1632 ὁρῶ

110 1653 224 1731 τοῦτο,
246 1646 296 1716 ὅτι
314 1644 420 1734 ὀλίγοι
440 1644 484 1717 ἀν
504 1652 558 1717 καὶ
579 1646 740 1717 οὕτωδιὰ
761 1654 878 1717 πασῶν
894 1650 1061 1727 ἐξέλθοιεν
1078 1651 1114 1715 εἰι

104 1751 244 1830 ’γενετῆς
259 1743 364 1825 εάθδς
379 1745 567 1833 ἀρξάμενοι.

193 1865 291 1929 AYK.
320 1867 361 1929 Τί
374 1854 438 1930 οὖν
454 1858 497 1931 ἀν
513 1862 618 1931 πάθοι
633 1889 698 1947 τις,
715 1854 941 1950 ῶἙρμότιμε,
959 1869 989 1932 εἰ
1000 1868 1112 1932 τοιοῦ-

108 1957 168 2026 τόν
185 1960 252 2025 ἐστι
265 1956 302 2026 τδ
319 1968 470 2047 πρῶγμα;
491 1957 513 2047 ή
527 1960 751 2046 ἀνατρεπτέον
766 1964 875 2030 ἐκεῖνα
888 1958 928 2032 τά
942 1961 1006 2049 ήδη
1022 1959 1112 2047 ῶμο-

109 2056 292 2140 λογημένα,
310 2054 354 2134 ῶς
373 2056 434 2125 οὐκ
449 2058 492 2124 ἀν
505 2085 553 2135 τις
569 2058 675 2125 ἕλοιτο
691 2061 728 2125 ἐκ
741 2066 873 2127 πολλῶν
889 2058 925 2126 τὰ
941 2061 1111 2145 βέλτιστον

48 2158 50 2161 ’
108 2147 153 2235 μή
172 2148 245 2235 οὐχὶ
258 2156 430 2237 πειραθεὶς
443 2153 619 2233 άπάντωνς
641 2152 685 2231 ῶς
704 2155 817 2240 τόνγε
832 2156 915 2222 ἀνευ
930 2163 1045 2241 πείρας
1059 2162 1111 2224 ai-

109 2247 275 2334 ρούμευον
289 2257 425 2340 μαντείᾳ
446 2256 573 2337 μᾶλλον
588 2247 610 2337 ή
630 2259 736 2336 κρίσει
750 2250 891 2338 τάληθὲς
906 2252 1109 2339 ἀναζητοῶν-
1128 2274 1176 2329 τοι

108 2372 156 2413 τα.
181 2345 241 2432 οὐχ
257 2346 363 2428 οὕτως
378 2352 550 2447 έλέγομενς

191 2467 295 2530 ΕΡΜ.
317 2468 394 2533 Ναί.

191 2580 290 2643 AYK.
320 2582 419 2644 Πᾶσα
441 2581 558 2645 τοίνυν
578 2574 708 2663 ἀνάγκη
732 2579 784 2646 ἐπλ
809 2581 970 2645 τοσοῦτον
991 2583 1110 2663 βιῶναι

106 2671 206 2759 ἡμᾶς,
225 2679 254 2741 εδ
263 2675 439 2759 μέλλοιμεν
450 2666 490 2741 εὖ
501 2700 535 2741 τε
547 2674 746 2761 αἱρήσεσθαι
757 2673 916 2742 ἁπάντων
929 2678 1109 2760 πειραθέν-

106 2796 159 2849 τες
176 2772 232 2841 καλ
246 2771 396 2857 έλόμενοι
417 2772 660 2859 φιλοσοφήσειν
675 2776 731 2843 καὶ
748 2772 1035 2860 φιλοσοφήσαντες
1051 2771 1109 2841 εό-

106 2871 337 2957 δαιμονήσειυ·
366 2872 446 2957 πρὶν
466 2874 503 2939 δὲ
518 2869 606 2945 οὕτω
623 2880 774 2959 ποιήσαι,
797 2874 834 2941 ἐν
848 2872 971 2962 σκότῳ,
994 2879 1108 2958 φασίν,

104 3075 239 3153 πρῶτον
254 3072 286 3146 ές
306 3066 364 3147 τάς
383 3083 492 3153 χεῖρας
512 3073 614 3158 ἔλθη,
635 3066 726 3137 τοῦτ’
751 3067 889 3137 εἶναιτὸ
907 3072 1108 3156 ζητούμενον

105 3164 398 3254 ὑπολαμβάνοντες
413 3164 467 3233 διά
479 3165 515 3233 τό
528 3165 572 3253 μή
585 3171 707 3237 εἰδέναι
720 3166 870 3253 τάληθές.
894 3174 924 3235 ελ
933 3168 968 3236 δὲ
980 3170 1034 3236 καὶ
1050 3166 1107 3237 εὖ·

106 3291 221 3352 ροιμεν
232 3263 339 3343 άλλως
353 3264 437 3341 κατά
451 3290 524 3333 τινα
538 3263 673 3353 ἀγαθήν
683 3266 787 3351 τύχην
800 3265 1033 3351 περιπεσόντες
1044 3264 1108 3334 αό-

104 3370 166 3453 τῶ,
182 3362 242 3449 οὐχ
256 3366 373 3450 ἕξομεν
384 3368 527 3451 βεβαίως
543 3368 665 3434 εἰδέναι
683 3370 713 3433 ελ
725 3363 831 3433 ἐκεῖνό
852 3365 941 3430 ἐστιν
955 3359 977 3431 δ
990 3367 1107 3452 (moin
