2550 3825
332 173 579 231 NEKPIKOI
601 172 862 233 ΔΙΑΛΟΓΟΙ.
1036 174 1095 239 161

99 335 225 413 σκηναί
240 355 272 397 τι
288 331 363 413 περὶ
378 329 479 415 αὐτῆς
497 326 630 415 ἢτούτο
648 331 773 417 μόνον,
798 332 848 401 ότι
870 333 1097 421 ἀποθνήσκων

100 432 266 518 Περδίκκᾳ
282 425 342 495 τόν
357 430 535 497 δακτύλιον
549 431 707 497 ἐπέδωκα.
738 430 826 517 πλὴν
845 432 928 503 ἀλλὰ
944 444 978 503 τί
988 442 1096 523 γελᾷς,

100 519 127 594 ό
141 528 317 613 Διόνενεςς

182 633 302 695 Amr.
329 632 370 693 Τι’
380 628 444 712 γάρ
455 626 535 694 ἄλλο
545 623 568 712 ἢ
579 625 797 716 ἀνεμνήσθην
809 627 862 699 οἷα
877 636 978 699 ἐποίει
993 630 1097 718 ἡἙλ-

99 725 174 808 λάς,
198 723 273 808 άρτι
287 745 325 791 σε
344 726 572 809 παρειληφότα
592 723 654 812 τὴν
669 721 773 813 άρχὴν
789 731 1027 808 κολακεύοντες
1042 732 1097 798 καὶ

99 823 289 907 προστάτην
306 822 500 907 αἱρούμενοι
520 824 574 891 καὶ
595 825 780 912 στρατηγόν
801 829 853 896 ἐπὶ
874 825 952 906 τούς
968 830 1097 915 βαρβά-

100 945 197 1005 ρους,
220 925 303 987 ἔνιοι
324 920 429 987 δὲκαὶ
448 935 516 998 τοῖς
538 921 667 989 δάδεκα
687 934 779 1001 θεοῖς
793 930 1026 1009 προστιθέντες
1042 928 1097 993 καὶ

99 1020 351 1103 οἰκοδομοῦντές
365 1038 419 1085 σοι
433 1018 516 1095 νειὸς
532 1020 586 1086 καὶ
605 1020 749 1099 θύοντες
766 1020 810 1099 οδς
827 1024 1008 1107 δράκοντος
1022 1030 1094 1115 υἱῷ.

98 1122 127 1184 3.
149 1114 223 1185 ἀλλ”
240 1120 312 1184 είιτέ
322 1142 394 1202 μοι,
410 1123 476 1183 ποῦ
491 1136 529 1184 σε
543 1122 577 1185 οί
585 1118 780 1197 Μακεδόνες
796 1126 944 1200 έθαηαν;
1112 1147 1164 1203 392

182 1220 307 1290 ΑΛΕΞ.
321 1212 390 1281 ”En
401 1216 437 1280 ἐν
447 1222 624 1301 Βαβυλῶνι
639 1230 747 1301 κεῖμαι
758 1216 957 1302 τριακοστὴν
970 1218 1095 1303 ταύτην

98 1309 241 1398 ἡμέραν,
264 1310 467 1399 ὑπισχνεῖται
487 1313 523 1379 δέ
542 1320 746 1398 Πτολεμαῖος
766 1312 784 1380 ὁ
804 1312 1026 1401 ὑπασπιστής,
1053 1314 1096 1400 ἥν

99 1436 179 1479 ποτε
193 1408 301 1498 άγάμη
315 1408 437 1495 σχολὴν
451 1407 516 1477 άπό
536 1417 603 1476 τῶν
617 1411 778 1498 θορύβων
793 1418 860 1478 τῶν
875 1414 911 1478 έν
927 1418 1042 1497 ποσίν,
1064 1416 1096 1490 ές

103 1519 271 1596 Αἴγυπτον
286 1506 468 1593 ἀπαγαγὼν
488 1508 613 1587 θάψειν
627 1511 715 1594 ἐκεῖ,
734 1506 777 1588 ὡς
796 1516 954 1594 γενοίμην
970 1504 1016 1587 εἷς
1028 1517 1096 1576 των

100 1614 292 1693 Αἰγυπτίων
306 1614 407 1673 θεῶν.

183 1712 303 1774 ΔΙΟΓ.
324 1702 384 1789 Μὴ
398 1704 525 1788 γελάσω
537 1697 615 1788 ούν,
632 1696 877 1790 άἈλέξανδρε,
893 1702 984 1788 ὁρῶν
995 1707 1050 1772 καὶ
1061 1706 1097 1771 έν

100 1803 186 1893 ᾅδου
199 1809 246 1872 ἔτι
261 1823 299 1870 σε
319 1809 529 1888 μωραίνοντα
543 1804 597 1869 καὶ
614 1803 784 1881 ἐλπιΐοντα
795 1802 957 1888 ’Ἄνουβιν
970 1798 992 1887 ἢ
1003 1801 1097 1869 ’Ὁσι-

100 1929 156 1985 ριν
169 1902 387 1989 μενήσεσθαι;
410 1897 497 1985 πλὴν
511 1896 594 1968 άλλά
610 1906 712 1968 ταῦτα
727 1902 805 1986 μέν,
827 1892 853 1967 ά
866 1900 1033 1985 θειότατε,
1051 1897 1095 1986 μὴ

100 2005 248 2088 έλπίσης·
268 1998 310 2066 ού
323 1996 389 2084 γάρ
402 1999 499 2083 θέμις
510 1996 666 2067 ἀνελθεῖν
680 2024 754 2066 τινα
765 2006 832 2064 τῶν
843 1997 929 2078 ἅπαξ
941 2004 1097 2065 διαπλευ-

99 2099 232 2166 σάντων
250 2095 312 2182 την
332 2103 453 2182 λίμνην
466 2099 521 2163 καὶ
539 2098 572 2174 ἐς
590 2093 627 2162 τό
647 2105 723 2164 είσω
739 2103 800 2163 τοῦ
817 2103 954 2181 στομίου
975 2105 1098 2180 παρελ-

100 2197 251 2265 θόντων·
279 2193 320 2262 ού
335 2191 399 2279 γάρ
420 2191 541 2279 άμελης
556 2191 574 2260 ὁ
591 2192 716 2271 Αίακός
731 2190 806 2260 οὐδ’
825 2190 843 2257 ὁ
858 2197 1023 2279 Κέρβερος
1041 2189 1098 2259 εύ-

101 2292 359 2378 καταφρόνητος.
389 2296 418 2357 4.
439 2292 545 2358 έκεῖνο
565 2291 604 2357 δέ
618 2317 657 2375 γε
671 2289 774 2376 ἡδέως
790 2285 834 2355 άν
848 2291 991 2375 μάθοιμι
1008 2285 1097 2369 παρὰ

52 2453 55 2461 ,
101 2398 183 2478 σοῦ,
203 2398 272 2468 πῶς
292 2393 419 2476 φέρεις,
440 2386 566 2456 ὁπόταν
587 2389 761 2476 έννοησης,
784 2386 868 2471 ὅσην
883 2384 1098 2471 εὐδαιμονίαν

100 2489 185 2579 ὑπὲρ
203 2496 264 2575 γης
284 2484 457 2555 άπολιπων
476 2484 604 2572 άφῖξαι,
632 2484 915 2572 σωματοφύλακας
935 2487 990 2551 καὶ
1010 2481 1098 2550 ὑπα-

101 2585 238 2666 σπιστάς
261 2588 315 2654 καὶ
340 2586 508 2669 σατράπας
529 2587 583 2652 καὶ
607 2583 734 2671 χρυσόν
757 2590 917 2652 τοσοῦτον
937 2584 991 2651 καὶ
1013 2588 1096 2664 ἔθνη

100 2693 356 2771 προσκυνοῦντα
372 2687 426 2752 καὶ
438 2691 624 2770 Βαβυλῶνα
637 2686 692 2752 καὶ
701 2683 834 2765 Βάκτρα
849 2685 904 2749 καὶ
917 2679 956 2748 τά
972 2681 1097 2766 μεγάλα

100 2791 204 2872 θηρία
219 2784 273 2851 καὶ
287 2781 386 2869 τιμὴν
399 2782 565 2862 καὶδόξαν
579 2787 633 2851 καί
647 2781 683 2851 τό
695 2786 855 2867 ἐπίσημον
867 2779 950 2858 εἶναι
963 2783 1096 2860 ἑξελαύ-
1114 2798 1166 2853 39³

103 2909 204 2950 νοντα
221 2883 454 2965 διαδεδεμένον
474 2888 583 2971 ταινία
598 2889 701 2969 λευκῇ
716 2878 777 2966 τὴν
796 2876 945 2965 κεφαλὴν
964 2903 1099 2964 πορφυ-

102 2985 177 3064 ρίδα
193 2976 498 3064 ἐμπεπορπημένον.
526 2977 567 3045 ού
581 2988 681 3046 λυπεῖ
692 2977 794 3045 ταῦτά
809 2997 845 3044 σε
861 2974 926 3045 ύπό
941 2975 1002 3062 τὴν
1013 2977 1099 3062 μνή-

101 3106 169 3166 μην
186 3076 296 3157 ίόντα;
318 3082 352 3143 τί
363 3076 533 3162 δακρύεις,
549 3069 575 3142 ά
591 3076 724 3162 μάταιε;
747 3074 825 3142 ούδὲ
838 3073 941 3141 ταῦτά
955 3093 992 3140 σε
1006 3071 1024 3140 ὁ
1040 3093 1099 3140 σο-

103 3175 166 3263 φὸς
178 3175 399 3259 Ἀριστοτέλης
416 3176 587 3241 ἐπαίδευσε
608 3171 652 3260 μὴ
673 3183 802 3242 οίεσθαι
824 3177 941 3259 βέβαια
959 3169 1042 3238 εἶναι
1058 3171 1097 3238 τά

103 3271 192 3358 παρὰ
207 3279 265 3358 τῆς
279 3269 394 3356 τύχης;

186 3376 215 3440 5.
232 3374 360 3447 ΑΛΕΞ.
376 3368 413 3438 ‘0
424 3372 544 3456 σοφός;
562 3366 720 3436 ἁπάντων
731 3370 854 3444 ἐκεῖνος
863 3366 1016 3515 κολάίιων
1028 3368 1097 3433 έπι-

164 3483 267 3521 ινωκιι.
290 3466 310 3519 1.
