2550 3825
439 175 574 233 ΕΡΜΟ
584 177 752 233 ΤΙΜΟΣ.
1034 172 1096 236 351

93 337 285 398 πλανᾶσθαι
298 331 379 418 μήτε
395 329 518 410 αύτούς
529 331 734 418 ἐληλυθότας
748 334 829 420 μήτε
846 333 959 413 ἀλλοις
969 333 1097 422 ῆγῆσα-

93 437 175 495 σθαι
191 431 389 515 δυναμένοις
405 428 709 516 ἀκολουθήσαντας.
731 426 797 498 κάν
814 433 866 498 ἐπὶ
879 431 939 499 τόν
956 439 1096 518 πλησίον

92 524 273 613 ἀφίκωμαι,
289 525 441 607 κάκείνας
453 526 493 595 τά
505 527 604 614 ὅμοια
616 526 820 612 ὑπισχνεῖται
832 533 907 614 περὶ
922 537 978 616 τῆς
991 526 1096 596 αὐτοῦ

93 622 175 692 ὁδοῦ
194 627 248 692 καί
265 624 343 705 τούς
360 626 482 706 ἀλλους
497 633 633 712 κακίζει,
658 629 712 694 καὶ
727 624 745 693 ὁ
762 625 841 713 παρ’
857 625 961 695 αὐτόν
975 625 1096 712 ὁμοίως

93 725 147 790 καὶ
162 723 233 809 ἑξῆς
250 721 402 803 ἅπαντες.
425 725 464 792 τό
480 750 515 792 τε
530 730 646 792 τοίνυν
660 730 789 808 πλῆθος
804 733 873 792 των
887 723 1042 792 ὁδῶνκαὶ
1057 722 1094 790 τό

91 818 254 905 ἀνόμοιον
262 819 373 889 αὐτῶν
381 820 423 890 οὐ
432 828 570 908 μετρίως
578 823 729 906 ταράττει
738 825 841 908 μεκαλ
850 821 988 905 ἀπορεῖν
997 836 1093 905 ποιεῖ,
1113 829 1164 884 766

91 919 146 984 καὶ
163 917 303 1002 μάλιστα
319 923 353 987 ολ
370 917 531 1006 ἡγεμόνες
551 915 878 1004 ὑπερδιατεινόμενοι
892 921 946 986 καὶ
960 917 1000 985 τὰ
1015 920 1095 986 ἑαυ-

93 1021 159 1081 τῶν
176 1017 306 1082 ἕκαστοι
323 1019 551 1093 ἐπαινοῦντες·
573 1015 614 1082 ού
626 1013 691 1101 γάρ
707 1014 780 1082 οἶδα
794 1014 912 1102 ῆντινα
928 1017 1095 1102 τραπόμε-

91 1135 150 1188 νος
163 1105 185 1196 ῆ
198 1119 243 1201 τῷ
254 1119 382 1198 μᾶλλον
393 1110 505 1180 αὐτῶν
519 1111 754 1199 ἀκολουθήσας
764 1109 947 1200 ἀφικοίμην
958 1109 1002 1180 ἀν
1012 1112 1094 1200 πρός

91 1204 152 1293 τῆν
165 1208 273 1277 πόλιν.

175 1310 224 1374 27.
245 1314 349 1374 EPM.
370 1305 454 1376 Ἀλλ’
473 1308 537 1393 ε’γω’
555 1327 591 1374 σε
607 1306 765 1376 ἀπολύσω
778 1315 836 1393 τῆς
850 1307 1004 1395 ἀπορίας·
1025 1325 1092 1388 τοῖς

90 1401 155 1490 γὰρ
176 1405 523 1491 προωδοιπορηκόσιν,
555 1397 742 1491 ύΛυκίνε,
769 1407 945 1485 πιστεύσας
967 1403 1029 1474 ούκ
1050 1402 1093 1474 ἀν

91 1508 258 1587 σφαλείης.

175 1607 273 1668 AYK.
299 1607 370 1667 Τίσι
386 1603 508 1685 λέγειςς
529 1614 596 1679 τοῖς
612 1599 695 1668 κατά
710 1608 810 1668 ποίαν
826 1599 907 1669 ὁδόν
921 1606 1091 1688 ἐλθοῦσιν,

89 1693 112 1782 ῆ
130 1704 194 1765 τίνι
214 1705 282 1766 τῶν
302 1696 477 1785 ῆγεμόνων
494 1697 782 1785 ἀκολουθῆσασιν;
809 1692 910 1777 αόθις
931 1696 996 1785 γάρ
1012 1696 1091 1785 ἡμῖν

91 1792 126 1862 τό
151 1794 231 1864 αύτό
253 1795 382 1880 ἀπορου
404 1799 441 1862 ἐν
462 1793 545 1884 ἀλλη
565 1805 679 1886 μορφῇ
696 1795 915 1882 ἀναφαίνεται
936 1794 1001 1863 ἀπό
1024 1803 1092 1863 τῶν

91 1895 294 1982 πραγμάτων
308 1897 359 1963 ἐπὶ
376 1894 455 1975 τούς
468 1893 593 1979 ἀνδρας
610 1895 842 1983 μετεληλυθός.

173 2000 277 2061 ΕΡΜ.
297 2001 375 2071 Πῶς
388 2002 485 2061 τοῦτο
500 1995 581 2079 φῆς;

175 2096 273 2158 AYK.
299 2087 369 2157 ’Ότι
396 2088 413 2157 ὁ
436 2090 498 2175 μὲν
516 2088 578 2174 τῆν
601 2093 781 2168 Πλάτωνος
809 2094 1016 2180 τραπόμενος
1036 2095 1090 2162 καὶ

91 2187 376 2271 συνοδοιπορήσας
393 2185 464 2271 μετ’
484 2183 604 2271 αὐτοῦ,
621 2190 751 2272 ἐκείνην
767 2191 971 2255 ἐπαινέσεται
987 2195 1090 2273 δῆλον

90 2282 159 2369 ότι,
176 2280 194 2351 ό
211 2284 247 2351 δὲ
262 2280 323 2369 τῆν
333 2281 546 2368 Ἐπικούρου,
562 2286 710 2368 ἐκείνην,
726 2287 780 2352 καί
796 2284 895 2362 ἀλλος
910 2283 1029 2370 ἀλλην,
1046 2283 1089 2351 σὺ

90 2382 126 2449 δὲ
140 2384 202 2468 τῆν
216 2378 388 2467 ὑμετέραν.
408 2377 431 2468 ῆ
446 2388 515 2459 πῶς
529 2382 612 2468 γάρ,
629 2375 852 2468 ἀἙρμότιμες
871 2380 931 2468 ούχ
948 2381 1072 2462 ούτωςς

172 2486 275 2547 ΕΡΜ.
298 2486 376 2557 Πῶς
390 2476 455 2565 γάρ
471 2478 530 2559 σός

173 2584 271 2645 AYK.
296 2573 347 2644 013
365 2583 481 2644 τοίνυν
504 2574 670 2656 ἀπέλυσάς
690 2604 731 2664 με
753 2586 811 2664 τῆς
832 2575 988 2665 ἀπορίας,
1014 2576 1087 2648 ἀλλ’

88 2682 136 2743 ἔτι
150 2672 271 2761 ὁμοίως
286 2672 396 2759 ἀγνοῶ
411 2681 457 2763 τῷ
468 2682 594 2760 μᾶλλον
607 2673 669 2762 χρῆ
686 2684 858 2743 πιστεῦσαι
872 2683 940 2743 τῶν
954 2674 1089 2745 ὁδοιπό-

88 2798 173 2856 ρων·
202 2773 270 2859 ὁρῶ
283 2771 348 2859 γὰρ
370 2774 509 2841 ἕκαστον
529 2770 641 2841 αὐτῶν
662 2776 717 2843 καί
737 2772 841 2842 αὐτόν
862 2773 923 2841 τόν
942 2773 1089 2862 ἡγεμόνα

87 2879 163 2958 μιᾶς
178 2874 421 2957 πεπειραμένον
435 2874 489 2939 καί
506 2874 639 2958 ἐκείνην
653 2876 853 2940 ἐπαινοῦντα
870 2875 925 2941 καὶ
939 2878 1087 2960 λέγοντα,

88 2968 133 3047 ὡς
147 2967 231 3053 αὕτη
245 2968 332 3054 μόνη
347 2967 419 3055 ἀγει
435 2970 487 3036 ἐπὶ
500 2967 563 3056 τῆν
573 2970 681 3037 πόλιν.
706 2968 747 3037 οὐ
761 2975 874 3057 μέντοι
888 2977 950 3058 ἔχω
966 2975 1088 3040 εἰδέναι

87 3072 118 3133 εί
130 3063 239 3152 ἀληθῆ
257 3086 375 3152 φησιν·
398 3063 470 3135 ἀλλ’
484 3064 536 3133 ότι
550 3068 612 3153 μὲν
628 3065 764 3153 ἀφῖκται
780 3066 864 3152 πρός
879 3096 910 3137 τι
925 3072 1017 3148 τέλος
1033 3072 1088 3137 καὶ

88 3161 154 3229 εἶδέ
162 3190 237 3230 τινα
245 3164 360 3249 πόλιν,
376 3163 473 3230 δύσω
484 3162 572 3253 αὐτῷ
584 3174 679 3249 ίσως,
693 3172 722 3233 εί
732 3166 768 3233 δὲ
779 3168 909 3252 ἐκείνην
921 3165 1025 3251 εἶδεν,
1041 3163 1085 3251 ῆν
1103 3183 1153 3239 767

86 3261 201 3345 ε’χρῆν,
218 3263 255 3327 ἐν
269 3251 292 3350 ᾖ
306 3262 538 3345 ἐπιθυμοῦμεν
553 3260 618 3346 ἐγώ
635 3288 670 3328 τε
686 3263 741 3331 καί
755 3260 799 3330 σό
816 3263 1086 3347 πολιτεύσασθαι,

86 3350 108 3443 ῆ
124 3359 200 3424 δέον
219 3362 264 3437 εἰς
278 3361 454 3444 Κόρινθον
470 3362 582 3429 ἐλθεῖν
588 3411 598 3441 ,
623 3357 641 3427 ὁ
658 3356 690 3426 δ’
707 3366 752 3439 είς
765 3365 950 3448 Βαβυλῶνα
965 3358 1087 3441 ἀφικό·
