2550 3825
227 167 510 226 ΜΕΝΙΠΠΟΣ
527 173 553 223 H
575 170 992 228 NEKYOMANTEIA.
1048 166 1106 230 191

114 351 227 396 ναιπε·
251 326 361 394 τόθεν
371 324 450 412 ἡμίν
461 325 591 412 ἅφῐξαι;
609 326 718 395 πολὺν
731 324 795 413 γὰρ
809 326 932 414 χρόνον
947 326 987 394 οὐ
1002 329 1109 412 πέφη·
1126 378 1128 385 .

114 454 173 506 νας
190 429 226 494 ἐν
240 434 280 513 τῇ
294 426 397 492 πόλει.

196 530 307 591 ΜΕΝ.
322 521 412 591 Ἥκω
425 532 554 607 νεκρῶν
565 533 746 611 κευθμῶνα
758 529 812 593 καὶ
822 526 944 593 σκότον
955 525 1060 603 πύλας

332 622 454 709 λιποόν,
469 620 515 689 ἵν’
525 620 638 708 ’Ἅιδης
653 626 751 709 χωρὶς
766 622 900 711 ᾤκισται
913 632 1014 692 θεῶν.

198 727 286 789 ΦΙΛ.
310 718 497 806 Ἡράκλεις,
519 721 670 806 ἐλελήθει
684 722 860 800 Μένιππος
874 719 958 806 ἡμᾶς
978 718 1110 790 ἀποθα-

115 817 192 884 νών.
214 811 297 906 κᾷτα
312 821 345 897 ἐξ
355 818 504 906 ’ὑπαρχῆς
517 816 762 905 ἅναβεβίωκενς

197 922 308 983 ΜΕΝ.
332 914 420 998 Οὔκ,
438 914 510 984 ἀλλ’
528 913 574 984 ἔτ’
591 922 741 1002 ἔμπνουν
752 915 859 1003 Ἀλδης
872 915 908 1004 μ’
926 921 1067 998 ἐδεΈατο.

198 1021 288 1083 ΦΙΛ.
318 1021 374 1094 Τίς
389 1013 420 1082 δ’
439 1013 460 1102 ἡ
476 1021 561 1084 αίτία
575 1035 628 1097 σοι
643 1023 699 1101 τῆς
721 1023 836 1102 καινῆς
856 1019 909 1084 καὶ
923 1014 1112 1101 παραδόξου

115 1112 235 1198 ταύτης
250 1110 449 1198 ἄποδημίαςς

198 1218 310 1279 ΜΕΝ.
333 1210 462 1296 Νεότης
478 1208 513 1296 μ’
532 1213 631 1297 ἐπῆρε
644 1214 697 1280 καὶ
710 1212 838 1294 θράσος
852 1218 911 1278 τοῦ
924 1218 986 1278 νοῦ
1000 1214 1110 1278 πλέον.

200 1318 288 1379 ΦΙΛ.
311 1316 460 1393 Παῦσαι,
478 1308 635 1394 μακάριε,
650 1314 829 1398 τραγῳδῶν
841 1311 896 1377 καλ
906 1312 979 1393 λέγε
991 1305 1115 1376 οὑτωσί

115 1433 186 1488 πως
207 1406 318 1487 ἁπλῶς
333 1404 477 1495 καταβὰς
491 1406 636 1475 ἀτόπων
654 1415 826 1496 ἰαμβείων,
849 1414 897 1486 τίς
910 1405 930 1494 ἡ
945 1406 1045 1492 στολή
1050 1434 1059 1487 ;
1082 1411 1115 1473 τί
1135 1434 1138 1439 ·

115 1526 168 1574 σοι
182 1514 240 1592 τῆς
256 1506 346 1573 κάτω
359 1512 492 1588 πορείας
508 1508 657 1591 ἐδέησεν;
678 1506 784 1585 ἄλλως
797 1506 861 1591 γὰρ
882 1504 942 1592 οὐχ
955 1503 1049 1591 ἡδεῖαί
1064 1531 1112 1581 τις

102 1602 195 1671 ὀὐδὲ
209 1601 368 1681 ἀσπάσιος
384 1601 405 1689 ἡ
421 1599 508 1682 ὁδός.
598 1601 602 1609 ⁸

199 1708 312 1770 ΜΕΝ.
329 1695 369 1768 Ὦ
385 1700 537 1787 φιλότης,
558 1703 656 1787 χρειώ
673 1728 713 1789 με
735 1702 920 1788 κατήγαγεν
940 1708 985 1780 είς
1002 1700 1111 1771 Ἀίδαο
1129 1727 1177 1783 457

340 1806 428 1887 ψυχῇ
441 1801 649 1887 χρησόμενον
663 1807 811 1888 Θηβαίου
830 1807 1007 1884 Τειρεσίαο.

201 1903 289 1966 ΦΙΛ.
315 1890 438 1981 Οὗτος,
453 1896 527 1966 ἀλλ’
543 1892 565 1986 ἦ
582 1906 793 1986 παραπαίεις;
813 1897 855 1968 οὐ
872 1899 936 1988 γὰρ
950 1896 993 1967 δν
1007 1898 1112 1977 οὕτως

117 1997 283 2081 ἐμμέτρως
295 1996 497 2085 ἐρραψῴδεις
512 1995 596 2081 πρὸς
610 1997 734 2083 ἄνδρας
748 2006 873 2083 φίλους.

200 2099 311 2161 ΜΕΝ.
335 2091 394 2179 Μὴ
409 2096 602 2184 θανμόσης,
618 2089 780 2182 ὦέταῑρε·
801 2099 918 2166 νεωστί
930 2095 995 2183 γὰρ
1008 2094 1113 2182 Εὐρι-

117 2198 195 2282 πίδη
217 2194 272 2260 καὶ
287 2188 418 2283 Ὁμήρῳ
438 2194 682 2281 συγγενόμενος
702 2193 764 2263 οὐκ
781 2194 843 2262 οἶδ’
864 2193 954 2273 ὅπως
969 2193 1113 2278 ἀνεπλη-

117 2301 207 2378 σθην
220 2298 288 2359 τῶν
303 2293 392 2358 ἐπῶν
406 2295 460 2360 καὶ
474 2291 644 2379 αὐτόματά
658 2318 715 2378 μοι
728 2290 768 2359 τὰ
784 2294 884 2378 μέτρα
899 2294 949 2358 ἐπὶ
960 2288 997 2358 τό
1009 2289 1113 2375 στόμα

117 2395 251 2476 ἔρχεται.
279 2394 309 2456 2.
333 2387 417 2475 ἆτάρ
433 2393 506 2457 είπέ
521 2416 593 2475 μοι,
616 2398 685 2468 πῶς
699 2388 739 2457 τοὶ
759 2388 842 2473 ὑπὲρ
860 2395 919 2476 γῆς
934 2394 998 2473 ἔχει
1014 2389 1068 2455 καὶ
1083 2391 1117 2454 τί

117 2494 272 2555 ποιοῦσιν
288 2493 322 2556 οί
335 2491 372 2556 ἐν
388 2495 427 2577 τῇ
442 2488 553 2568 πόλεις

202 2592 291 2654 ΦΙΛ.
312 2584 442 2655 Καινὸν
453 2583 567 2671 οὐδέν,
582 2582 655 2653 ἀλλ’
670 2581 722 2653 οἷα
734 2586 788 2652 καλ
799 2581 863 2670 πρό
876 2589 935 2651 τοῦ
947 2580 1115 2668 ἁρπάζου-

117 2703 190 2770 σιν,
206 2686 415 2770 ἐπιορκοῦσι,
430 2692 717 2771 τοκογλυφοῦσιν,
733 2682 1018 2769 ὀβολοστατοῦσιν.

201 2789 313 2850 ΜΕΝ.
326 2781 456 2850 ’Ἀθλιοι
473 2785 527 2850 καὶ
538 2785 791 2866 κακοδαίμονες·
814 2777 929 2866 οὐγὰρ
940 2789 1051 2849 ίσασιν
1063 2773 1115 2847 οἷα

117 2886 255 2967 ἔναγχος
269 2880 453 2966 κεκύρωται
466 2879 555 2967 παρὰ
569 2894 636 2957 τοῖς
651 2879 741 2946 κοίτω
752 2880 806 2946 καὶ
820 2873 872 2945 οἶα
888 2877 1116 2964 κεχειροτόνη-

116 3005 170 3046 ται
185 2976 225 3045 τᾶ
240 2985 434 3065 ψηφίσματα
445 2977 527 3047 κατὰ
542 2985 609 3046 τῶν
623 2984 809 3062 πλουσίων,
827 2973 904 3062 δμά
919 2972 979 3043 τόν
989 2977 1116 3061 Κέρβε·

116 3103 179 3164 ρον
193 3075 332 3164 οὐδεμία
346 3077 474 3164 μηχανὴ
491 3075 528 3145 τό
544 3082 721 3162 διαφυγεῖν
738 3073 869 3153 αὐτούς.

202 3182 291 3243 ΦΙΛ.
319 3181 361 3243 Τί
372 3174 456 3261 φής;
477 3176 631 3241 δέδοκταί
640 3198 669 3238 τι
684 3171 848 3256 νεώτερον
863 3183 929 3248 τοῖς
943 3168 1031 3236 κάτω
1043 3171 1116 3250 περὶ

117 3280 185 3340 τῶν
200 3272 339 3353 ένθόδες

203 3379 313 3441 ΜΕΝ.
336 3371 390 3458 Νὴ
406 3378 489 3456 Δία,
505 3372 558 3438 καὶ
569 3367 676 3438 πολλά
689 3395 744 3453 γε·
767 3364 838 3434 ἀλλ’
856 3361 898 3433 οὐ
911 3367 1007 3448 θέμις
1019 3365 1114 3444 ἐκφέ-
