2550 3825
448 197 550 253 ΕΡΜ
556 197 682 255 OTIM
690 197 756 255 ΟΣ.
1038 193 1100 258 ³71

99 375 163 422 σον
179 346 284 422 ἀπται
297 357 413 439 λέγων.
440 348 463 439 ή
479 361 548 430 πῶς
563 358 667 418 ταῦτα
682 354 820 432 ἐκείνοις
842 352 957 440 ὄμοια;
977 363 1023 444 τῷ
1039 355 1101 442 μδν

101 450 165 540 γάρ
180 457 297 540 Φειδίᾳ
317 453 371 520 καὶ
391 454 443 519 σοὶ
463 450 563 519 οὐδὲν
583 449 664 518 ἀλλο
685 449 752 518 τοῦ
766 459 938 539 γνωρίζειν
956 452 997 522 τά
1017 458 1100 541 μέρη

101 559 208 617 αίτιον
218 542 262 636 ἦν
274 545 296 634 ή
306 544 343 616 τδ
356 552 478 616 εἰδέναι
488 546 525 615 τδ
538 545 620 616 ὅλον
626 545 832 633 ,ἄνθρωπον
842 552 927 634 λέγω
938 553 993 619 καὶ
1004 554 1099 618 λεόν-

100 675 156 732 τα,
173 649 210 714 ἐν
225 652 397 764 φιλοσμφί
386 674 406 713 α
373 648 473 730 ί,δί
489 640 562 713 οἷον
572 671 612 732 τη
598 652 803 766 Στωλκρῖν,
820 654 890 725 πῶς
903 644 946 715 ἀν
961 645 1101 716 ἀπὸτοῦ
1209 703 1212 710 .

19 769 23 778 ’
101 750 221 834 μέρους
230 741 329 812 καλ
293 771 332 811 τα
342 741 441 812 λοιπά
453 739 588 822 ίδοις;
566 751 669 829 ηπῶς
678 738 722 810 ἀν
732 741 969 831 ἀποφαίνοιο“
947 773 990 825 ως
998 746 1100 824 καλα

101 842 142 912 οὐ
151 840 221 929 γάρ
239 840 387 910 οἶσθα
354 867 390 908 το
412 840 508 926 ὅλον,
533 833 576 906 οὗ
590 843 672 960 μέρη
689 843 798 909 ἐκεῖνά
814 845 911 912 ἐστιν.
943 850 993 912 56.
1021 842 1100 912 δ’δὲ
1203 864 1206 868 “

101 941 183 1064 φής,
205 937 256 1007 ὅτι
271 967 311 1006 τα
300 937 491 1024 κεφάλαια
510 936 672 1060 ρμίδιον’
651 944 792 1006 ακοῦσαι
814 937 942 1025 ἀπάσης
960 949 1099 1034 φιλοσο-

101 1044 179 1128 φίας
193 1039 229 1105 ἐν
240 1034 340 1126 ὀλίγω
350 1042 455 1125 μορίω
470 1033 609 1122 ἡμέρας,
625 1031 735 1101 οἷον’
715 1034 817 1123 ἀρχάς
832 1033 943 1104 αὐτῶν
953 1040 1008 1106 καὶ
1022 1023 1098 1122 τέλη

100 1139 155 1206 καί
170 1144 204 1206 τί
214 1134 317 1215 θεοδς
334 1146 460 1205 οίονται
477 1135 578 1218 εἶναι,
592 1143 626 1202 τί
636 1135 765 1221 ψυχήν,
783 1138 838 1203 καὶ
854 1142 941 1214 τίνες
954 1137 1016 1222 μὲν
1032 1135 1098 1204 σοι’-

100 1262 185 1322 ματα
200 1234 308 1302 πάντα
323 1242 420 1319 φασί,
442 1240 529 1311 τίνες
543 1186 580 1300 δδ
599 1230 696 1299 κάλ’
676 1232 834 1317 ασάματα
854 1231 937 1301 εἶναι
957 1231 1097 1318 ἀξιοῦσι,

100 1334 154 1401 καὶ
167 1329 219 1400 ὅτι
234 1335 269 1399 οί
281 1331 342 1416 μὲν
352 1328 496 1416 ἡδονήν,
511 1333 545 1397 οί
556 1329 592 1396 δὲ
602 1327 639 1397 τδ
652 1327 756 1397 καλδν
769 1327 902 1415 ἀγαθὸν
915 1334 970 1399 καὶ
986 1330 1099 1399 εὔδαι-

99 1457 163 1516 μον
186 1436 333 1498 τίθενται
346 1429 409 1496 ’καί
429 1423 642 1512 τὰτοιαῦτα,
669 1426 790 1496 οὑτωσί
808 1431 870 1514 μὲν
891 1429 1099 1508 ἀκούσαντας

98 1526 338 1614 ἀποφήνασθαι
353 1525 471 1615 ῥοίδιον
485 1526 540 1593 καὶ
560 1530 660 1611 ἔργον
675 1523 793 1593 οὐδέν·
815 1531 936 1595 είδέναι
953 1526 990 1595 δὲ
1007 1526 1096 1605 ὅστις
1114 1545 1165 1603 797

99 1624 117 1692 ὁ
135 1623 263 1710 τάληθή
278 1626 384 1709 λε’γων
395 1626 499 1707 ἐστίν,
515 1619 579 1706 ὅρα
592 1621 636 1708 μή
650 1621 721 1709 οὐχὶ
736 1632 855 1710 μορίου
866 1627 954 1692 ε’στλν
964 1623 1097 1712 ἡμέρας,

98 1719 181 1789 ἀλλά
199 1729 331 1790 πολλῶν
344 1717 477 1807 ἡμερῶν
492 1723 611 1806 δέηται.
634 1716 657 1806 ή
671 1728 705 1788 τί
716 1718 781 1807 γάρ
796 1724 915 1790 ἐκεῖνοι
929 1722 1097 1799 παθόντες

99 1818 183 1906 ὑπὲρ
202 1817 316 1887 ἀὐτῶν
337 1821 466 1888 τούτων
481 1821 697 1900 ἑκατοντάδας
717 1825 771 1890 καὶ
790 1821 937 1908 χιλιάδας
957 1817 1097 1910 βιβλίων

98 1924 230 1989 ἕκαστοι
241 1921 526 2006 συγγεγράφασιν,
541 1918 584 1998 ὡς
597 1930 756 2007 πείσαιεν,
774 1921 874 2008 οἶμαι,
889 1920 999 2009 ἀληθῆ
1012 1921 1098 1990 εἶναι

96 2019 247 2107 τάόλίγα
265 2024 373 2088 ἐκεῖνα
392 2023 446 2088 καὶ
460 2019 483 2086 ά
499 2040 552 2088 σοι
568 2024 662 2088 δοκεῖ
672 2022 771 2109 ῥᾴδια
788 2022 843 2088 καὶ
860 2017 1009 2106 εὐμαθής
1030 2026 1096 2086 νῦν

99 2120 135 2186 δὲ
147 2118 304 2203 μάντεως,
317 2114 417 2202 οίμαι,
429 2118 538 2207 δεήσει
549 2137 600 2184 σοι
615 2116 791 2184 κάνταῦθα
802 2114 884 2200 πρὸς
894 2117 956 2203 τήν
966 2119 1096 2200 αἵρεσιν
1171 2117 1177 2131 ’

96 2224 164 2285 τῶν
179 2214 395 2301 κρειττόνων,
413 2220 443 2281 εί
454 2211 499 2300 μή
512 2211 610 2301 ἀνέχῃ
621 2212 683 2299 τήν
692 2212 880 2299 διατριβήν,
897 2212 941 2291 ὡς
952 2207 1096 2300 ἀκριβῶς

97 2313 247 2397 ἑλέσθαι,
271 2307 370 2389 αὐτὸς
391 2308 521 2378 ἅπαντα
540 2311 594 2378 καί
614 2306 695 2378 ὅλων
715 2312 855 2378 ἕκαστον
873 2310 1094 2396 κατανοήσας·

97 2415 248 2496 ἐπίτομος
262 2406 326 2495 γάρ
348 2406 433 2495 αὕτη
449 2405 572 2494 γένοιτ’
590 2406 648 2494 ἀν,
672 2406 734 2476 οάκ
755 2414 874 2493 ἔχουσα
893 2405 1094 2491 περιπλοκὰς

97 2506 172 2575 οὐδ’
188 2506 370 2594 ἀναβολάς,
390 2512 420 2575 εί
431 2507 723 2593 μεταστειλάμενος
739 2504 799 2574 τδν
812 2506 933 2592 μάντιν
947 2504 1094 2583 άκοάσας

95 2612 162 2674 τῶν
173 2612 363 2690 κεφαλαίων
371 2602 529 2673 ἁπάντων
537 2607 731 2691 σφαγιάζοιο
742 2602 795 2690 ἐφ’
808 2605 972 2693 ἑκάστοις·
987 2601 1094 2672 ἀπαλ-

97 2705 186 2783 λάξει
199 2702 263 2789 γάρ
280 2700 345 2770 σεδ
359 2701 440 2783 θεὸς
451 2711 581 2790 μορίων
595 2704 798 2791 πραγμάτων
808 2706 943 2783 δείξαςέ
942 2729 963 2770 ν
973 2710 1019 2793 τῷ
1032 2709 1094 2770 τοῦ

95 2802 256 2891 ίερείον
234 2829 333 2925 ηπατι
351 2802 448 2871 ἅτινά
464 2824 518 2872 σοι
533 2806 690 2890 αίρετέον.
724 2808 774 2873 57.
796 2810 827 2871 εί
842 2802 1027 2889 δδβοάλει,
1039 2803 1094 2871 καλ

92 2902 173 2972 ἀλλο
191 2929 222 2970 τι
238 2899 549 2987 ἀπραγμονέστερον
561 2901 779 2987 ὑποθήσομαί
786 2920 856 2987 σοι,
872 2927 917 2978 ως
930 2927 974 2986 μη
963 2897 1093 2984 ίερεία

92 3002 263 3090 καταθύης
284 3001 378 3068 ταυτί
400 3002 454 3067 καί
474 3000 633 3088 θυσιάζης
656 3026 701 3065 τω
721 3001 803 3086 μηδε
822 3002 910 3084 ίερέα
930 2996 1004 3066 τινά
1025 3005 1093 3064 τῶν

73 3114 75 3119 ’
92 3107 348 3187 μεγαλομισθων
357 3106 557 3186 παρακαλης,
567 3096 640 3166 αλλ
651 3098 815 3176 ςκαλπιν
823 3096 976 3184 ἐμβαλων
984 3123 1091 3181 γραμ-
1108 3117 1160 3173 793

92 3199 190 3282 μάτια
212 3203 327 3283 ἔχοντα
349 3203 416 3263 τῶν
433 3197 628 3281 φιλοσόφων
648 3194 789 3263 ἕκάστον
807 3194 955 3281 τοῦνομα
970 3201 1091 3263 ’κέλευε

91 3300 193 3363 παῖδα
213 3304 280 3363 τοῖν
297 3291 433 3382 ἀνήβων
449 3291 625 3381 ἀμφιθαλῆ
644 3319 734 3379 τινα,
762 3295 992 3377 προσελθόντα
1008 3292 1091 3380 πρὸς

92 3393 152 3477 τήν
172 3395 311 3479 κάλπιν,
338 3390 516 3462 ἀνελέσθαι
535 3392 554 3461 6
570 3420 601 3461 τι
622 3388 666 3461 ἀν
687 3400 820 3479 πρῶτον
835 3389 900 3459 ὑπὸ
917 3390 980 3518 τήν
998 3406 1089 3479 χεῖρα
