<?xml version="1.0" encoding="UTF-8"?>
<!DOCTYPE html PUBLIC "-//W3C//DTD XHTML 1.0 Transitional//EN"
    "http://www.w3.org/TR/xhtml1/DTD/xhtml1-transitional.dtd">
<html xmlns="http://www.w3.org/1999/xhtml" xml:lang="en" lang="en">
 <head>
  <title>
</title>
<meta http-equiv="Content-Type" content="text/html;charset=utf-8" />
  <meta name='ocr-system' content='tesseract 3.04.00' />
  <meta name='ocr-capabilities' content='ocr_page ocr_carea ocr_par ocr_line ocrx_word'/>
</head>
<body>
  <div class='ocr_page' id='page_1' title='image "./lucianisamosate03jacogoog/lucianisamosate03jacogoog_0157.png"; bbox 0 0 2550 3825; ppageno 0'>
   <div class='ocr_carea' id='block_1_1' title="bbox 166 140 825 202">
    <p class='ocr_par' dir='ltr' id='par_1_1' title="bbox 166 140 825 202">
     <span class='ocr_line' id='line_1_1' title="bbox 166 140 825 202; baseline -0.003 0"><span class='ocrx_word' id='word_1_1' title='bbox 166 140 226 202; x_wconf 81' lang='grc'><em>138</em></span> <span class='ocrx_word' id='word_1_2' title='bbox 522 144 825 201; x_wconf 76' lang='grc' dir='ltr'><em>ΛΟΤΚΙΑΝΟΤ</em></span> 
     </span>
    </p>
   </div>
   <div class='ocr_carea' id='block_1_2' title="bbox 165 299 1173 682">
    <p class='ocr_par' dir='ltr' id='par_1_2' title="bbox 165 299 1173 486">
     <span class='ocr_line' id='line_1_2' title="bbox 165 299 1168 388; baseline 0.001 -20"><span class='ocrx_word' id='word_1_3' title='bbox 165 303 255 387; x_wconf 83' lang='grc' dir='ltr'><em>λέγε·</em></span> <span class='ocrx_word' id='word_1_4' title='bbox 276 301 394 388; x_wconf 78' lang='grc' dir='ltr'><em>οὐγὰρ</em></span> <span class='ocrx_word' id='word_1_5' title='bbox 416 301 577 388; x_wconf 77' lang='grc' dir='ltr'><em>ἀνέξομαί</em></span> <span class='ocrx_word' id='word_1_6' title='bbox 588 328 635 388; x_wconf 92' lang='grc' dir='ltr'><em>γε.</em></span> <span class='ocrx_word' id='word_1_7' title='bbox 666 299 738 368; x_wconf 79' lang='grc' dir='ltr'><em>δι’δέ</em></span> <span class='ocrx_word' id='word_1_8' title='bbox 752 300 836 388; x_wconf 89' lang='grc' dir='ltr'><em>πρδς</em></span> <span class='ocrx_word' id='word_1_9' title='bbox 853 300 931 380; x_wconf 83' lang='grc' dir='ltr'><em>τούς</em></span> <span class='ocrx_word' id='word_1_10' title='bbox 949 300 1070 380; x_wconf 89' lang='grc' dir='ltr'><em>άλλους</em></span> <span class='ocrx_word' id='word_1_11' title='bbox 1087 307 1168 387; x_wconf 67' lang='grc' dir='ltr'><em>ἔφη·</em></span> 
     </span>
     <span class='ocr_line' id='line_1_3' title="bbox 166 399 1173 486; baseline 0.003 -20"><span class='ocrx_word' id='word_1_12' title='bbox 166 410 250 484; x_wconf 87' lang='grc' dir='ltr'><em>σθα,</em></span> <span class='ocrx_word' id='word_1_13' title='bbox 266 399 449 486; x_wconf 87' lang='grc' dir='ltr'><em>άπαγγελῶ.</em></span> <span class='ocrx_word' id='word_1_14' title='bbox 1170 403 1173 408; x_wconf 74' lang='grc'><em>’</em></span> 
     </span>
    </p>

    <p class='ocr_par' dir='ltr' id='par_1_3' title="bbox 165 492 1170 682">
     <span class='ocr_line' id='line_1_4' title="bbox 249 492 1170 584; baseline -0.001 -18"><span class='ocrx_word' id='word_1_15' title='bbox 249 505 368 566; x_wconf 87' lang='grc' dir='ltr'><em>ΔΙΟΓ.</em></span> <span class='ocrx_word' id='word_1_16' title='bbox 391 497 556 584; x_wconf 81' lang='grc' dir='ltr'><em>Ἐάσωμεν</em></span> <span class='ocrx_word' id='word_1_17' title='bbox 570 499 727 581; x_wconf 75' lang='grc' dir='ltr'><em>τούτους,</em></span> <span class='ocrx_word' id='word_1_18' title='bbox 744 501 817 565; x_wconf 87' lang='grc' dir='ltr'><em>ἐπεί</em></span> <span class='ocrx_word' id='word_1_19' title='bbox 824 517 878 565; x_wconf 90' lang='grc' dir='ltr'><em>σοι</em></span> <span class='ocrx_word' id='word_1_20' title='bbox 891 503 996 566; x_wconf 80' lang='grc' dir='ltr'><em>δοκεῖ·</em></span> <span class='ocrx_word' id='word_1_21' title='bbox 1020 496 1062 564; x_wconf 85' lang='grc' dir='ltr'><strong><em>σύ</em></strong></span> <span class='ocrx_word' id='word_1_22' title='bbox 1075 498 1110 582; x_wconf 78' lang='grc' dir='ltr'><em>δέ</em></span> <span class='ocrx_word' id='word_1_23' title='bbox 1122 492 1170 574; x_wconf 80' lang='grc' dir='ltr'><em>οἷς</em></span> 
     </span>
     <span class='ocr_line' id='line_1_5' title="bbox 165 594 955 682; baseline 0.003 -20"><span class='ocrx_word' id='word_1_24' title='bbox 165 611 328 682; x_wconf 76' lang='grc' dir='ltr'><em>προεῖπον</em></span> <span class='ocrx_word' id='word_1_25' title='bbox 346 594 531 682; x_wconf 77' lang='grc' dir='ltr'><em>ἀπένεγκον</em></span> <span class='ocrx_word' id='word_1_26' title='bbox 547 594 625 680; x_wconf 87' lang='grc' dir='ltr'><em>παρ’</em></span> <span class='ocrx_word' id='word_1_27' title='bbox 644 603 726 682; x_wconf 81' lang='grc' dir='ltr'><em>ἐμοῦ</em></span> <span class='ocrx_word' id='word_1_28' title='bbox 742 594 819 675; x_wconf 79' lang='grc' dir='ltr'><em>τοὺς</em></span> <span class='ocrx_word' id='word_1_29' title='bbox 834 598 955 682; x_wconf 80' lang='grc' dir='ltr'><em>λόγους</em></span> 
     </span>
    </p>
   </div>
   <div class='ocr_carea' id='block_1_3' title="bbox 96 869 1035 1032">
    <p class='ocr_par' dir='ltr' id='par_1_4' title="bbox 96 869 1035 1032">
     <span class='ocr_line' id='line_1_6' title="bbox 652 869 680 929; baseline 0 0"><span class='ocrx_word' id='word_1_30' title='bbox 652 869 680 929; x_wconf 72' lang='lat'><em>2.</em></span> 
     </span>
     <span class='ocr_line' id='line_1_7' title="bbox 96 978 1035 1032; baseline -0.003 0"><span class='ocrx_word' id='word_1_31' title='bbox 96 978 146 1032; x_wconf 76' lang='lat'><em>336</em></span> <span class='ocrx_word' id='word_1_32' title='bbox 295 980 534 1032; x_wconf 79' lang='grc' dir='ltr'><em>ΠΛΟΤΤΩΝ</em></span> <span class='ocrx_word' id='word_1_33' title='bbox 559 989 582 1029; x_wconf 86' lang='lat'><em>11</em></span> <span class='ocrx_word' id='word_1_34' title='bbox 606 981 727 1032; x_wconf 81' lang='grc' dir='ltr'><em>ΚΑΤΑ</em></span> <span class='ocrx_word' id='word_1_35' title='bbox 754 979 1035 1031; x_wconf 79' lang='grc' dir='ltr'><em>ΜΕΝΙΠΠΟΤ.</em></span> 
     </span>
    </p>
   </div>
   <div class='ocr_carea' id='block_1_4' title="bbox 72 1095 1274 3445">
    <p class='ocr_par' dir='ltr' id='par_1_5' title="bbox 162 1095 1170 1384">
     <span class='ocr_line' id='line_1_8' title="bbox 248 1095 1170 1186; baseline 0 -19"><span class='ocrx_word' id='word_1_36' title='bbox 248 1108 275 1167; x_wconf 87' lang='lat'><em>1.</em></span> <span class='ocrx_word' id='word_1_37' title='bbox 306 1109 455 1169; x_wconf 76' lang='grc' dir='ltr'><em>αΡοεε.</em></span> <span class='ocrx_word' id='word_1_38' title='bbox 490 1098 541 1169; x_wconf 74' lang='grc' dir='ltr'><em>οὐ</em></span> <span class='ocrx_word' id='word_1_39' title='bbox 558 1104 721 1186; x_wconf 67' lang='grc' dir='ltr'><em>φέρομεν,</em></span> <span class='ocrx_word' id='word_1_40' title='bbox 744 1095 966 1182; x_wconf 59' lang='grc' dir='ltr'><em>σολοίκων,</em></span> <span class='ocrx_word' id='word_1_41' title='bbox 988 1105 1170 1170; x_wconf 70' lang='grc' dir='ltr'><em>Μένιπποι</em></span> 
     </span>
     <span class='ocr_line' id='line_1_9' title="bbox 162 1197 1169 1286; baseline 0.001 -21"><span class='ocrx_word' id='word_1_42' title='bbox 162 1203 295 1266; x_wconf 90' lang='grc' dir='ltr'><em>τουτονί</em></span> <span class='ocrx_word' id='word_1_43' title='bbox 311 1201 371 1266; x_wconf 88' lang='grc' dir='ltr'><em>τδν</em></span> <span class='ocrx_word' id='word_1_44' title='bbox 385 1200 472 1266; x_wconf 83' lang='grc' dir='ltr'><em>κύνα</em></span> <span class='ocrx_word' id='word_1_45' title='bbox 486 1207 730 1285; x_wconf 78' lang='grc' dir='ltr'><em>παροικοῦντα·</em></span> <span class='ocrx_word' id='word_1_46' title='bbox 759 1199 843 1267; x_wconf 77' lang='grc' dir='ltr'><em>ὥστε</em></span> <span class='ocrx_word' id='word_1_47' title='bbox 859 1197 878 1286; x_wconf 74' lang='grc' dir='ltr'><strong><em>ἦ</em></strong></span> <span class='ocrx_word' id='word_1_48' title='bbox 894 1200 1023 1269; x_wconf 77' lang='grc' dir='ltr'><em>ἐκεῖνόν</em></span> <span class='ocrx_word' id='word_1_49' title='bbox 1037 1225 1093 1266; x_wconf 95' lang='grc' dir='ltr'><em>ποι</em></span> <span class='ocrx_word' id='word_1_50' title='bbox 1107 1227 1169 1268; x_wconf 89' lang='grc' dir='ltr'><em>κα-</em></span> 
     </span>
     <span class='ocr_line' id='line_1_10' title="bbox 163 1293 1028 1384; baseline 0.002 -20"><span class='ocrx_word' id='word_1_51' title='bbox 163 1300 327 1383; x_wconf 84' lang='grc' dir='ltr'><em>τάστησον</em></span> <span class='ocrx_word' id='word_1_52' title='bbox 342 1293 363 1384; x_wconf 81' lang='grc' dir='ltr'><strong><em>ἦ</em></strong></span> <span class='ocrx_word' id='word_1_53' title='bbox 379 1296 472 1384; x_wconf 80' lang='grc' dir='ltr'><em>ἡμεῖς</em></span> <span class='ocrx_word' id='word_1_54' title='bbox 485 1299 725 1384; x_wconf 80' lang='grc' dir='ltr'><em>μετοικήσομεν</em></span> <span class='ocrx_word' id='word_1_55' title='bbox 739 1303 772 1377; x_wconf 85' lang='grc' dir='ltr'><em>ἐς</em></span> <span class='ocrx_word' id='word_1_56' title='bbox 787 1301 902 1382; x_wconf 79' lang='grc' dir='ltr'><em>ἕτερον</em></span> <span class='ocrx_word' id='word_1_57' title='bbox 915 1299 1028 1367; x_wconf 83' lang='grc' dir='ltr'><em>τόπον.</em></span> 
     </span>
    </p>

    <p class='ocr_par' dir='ltr' id='par_1_6' title="bbox 243 1395 1168 1485">
     <span class='ocr_line' id='line_1_11' title="bbox 243 1395 1168 1485; baseline -0.002 -19"><span class='ocrx_word' id='word_1_58' title='bbox 243 1407 405 1466; x_wconf 71' lang='grc' dir='ltr'><em>ΠΛΟῬΤ.</em></span> <span class='ocrx_word' id='word_1_59' title='bbox 422 1406 464 1466; x_wconf 85' lang='grc' dir='ltr'><em>Τί</em></span> <span class='ocrx_word' id='word_1_60' title='bbox 470 1396 501 1466; x_wconf 86' lang='grc' dir='ltr'><em>δ’</em></span> <span class='ocrx_word' id='word_1_61' title='bbox 513 1396 600 1484; x_wconf 79' lang='grc' dir='ltr'><em>ὑμῶς</em></span> <span class='ocrx_word' id='word_1_62' title='bbox 610 1397 723 1466; x_wconf 87' lang='grc' dir='ltr'><em>δεινδν</em></span> <span class='ocrx_word' id='word_1_63' title='bbox 733 1401 900 1485; x_wconf 78' lang='grc' dir='ltr'><em>ἐργάζεται</em></span> <span class='ocrx_word' id='word_1_64' title='bbox 910 1395 1091 1485; x_wconf 79' lang='grc' dir='ltr'><em>ὁμόνεκρος</em></span> <span class='ocrx_word' id='word_1_65' title='bbox 1103 1396 1168 1479; x_wconf 83' lang='grc' dir='ltr'><em>ῶν;</em></span> 
     </span>
    </p>

    <p class='ocr_par' dir='ltr' id='par_1_7' title="bbox 163 1494 1169 1786">
     <span class='ocr_line' id='line_1_12' title="bbox 242 1494 1169 1583; baseline -0.003 -19"><span class='ocrx_word' id='word_1_66' title='bbox 242 1505 388 1566; x_wconf 85' lang='grc' dir='ltr'><strong><em>ΚΡΟΙΣ.</em></strong></span> <span class='ocrx_word' id='word_1_67' title='bbox 419 1494 570 1564; x_wconf 78' lang='grc' dir='ltr'><em>Ἐπειδὰν</em></span> <span class='ocrx_word' id='word_1_68' title='bbox 595 1495 688 1583; x_wconf 82' lang='grc' dir='ltr'><em>ἡμεῖς</em></span> <span class='ocrx_word' id='word_1_69' title='bbox 711 1499 902 1583; x_wconf 76' lang='grc' dir='ltr'><em>οἰμώζωμεν</em></span> <span class='ocrx_word' id='word_1_70' title='bbox 924 1498 978 1564; x_wconf 88' lang='grc' dir='ltr'><em>καὶ</em></span> <span class='ocrx_word' id='word_1_71' title='bbox 1002 1498 1169 1581; x_wconf 80' lang='grc' dir='ltr'><em>στένωμεν</em></span> 
     </span>
     <span class='ocr_line' id='line_1_13' title="bbox 164 1598 1169 1687; baseline 0.002 -22"><span class='ocrx_word' id='word_1_72' title='bbox 164 1603 300 1667; x_wconf 80' lang='grc' dir='ltr'><em>ἐκείνων</em></span> <span class='ocrx_word' id='word_1_73' title='bbox 322 1602 526 1685; x_wconf 83' lang='grc' dir='ltr'><em>μεμνημένοι</em></span> <span class='ocrx_word' id='word_1_74' title='bbox 552 1608 620 1666; x_wconf 87' lang='grc' dir='ltr'><em>τῶν</em></span> <span class='ocrx_word' id='word_1_75' title='bbox 641 1598 728 1686; x_wconf 88' lang='grc' dir='ltr'><em>άυω,</em></span> <span class='ocrx_word' id='word_1_76' title='bbox 754 1605 867 1678; x_wconf 88' lang='grc' dir='ltr'><em>Μίδας</em></span> <span class='ocrx_word' id='word_1_77' title='bbox 887 1600 948 1687; x_wconf 74' lang='grc' dir='ltr'><em>μὲν</em></span> <span class='ocrx_word' id='word_1_78' title='bbox 970 1598 1083 1668; x_wconf 83' lang='grc' dir='ltr'><em>οὑτοσί</em></span> <span class='ocrx_word' id='word_1_79' title='bbox 1106 1608 1169 1667; x_wconf 83' lang='grc' dir='ltr'><em>τοῦ</em></span> 
     </span>
     <span class='ocr_line' id='line_1_14' title="bbox 163 1697 1168 1786; baseline 0.005 -25"><span class='ocrx_word' id='word_1_80' title='bbox 163 1703 319 1782; x_wconf 86' lang='grc' dir='ltr'><em>χρυσίου,</em></span> <span class='ocrx_word' id='word_1_81' title='bbox 335 1697 622 1777; x_wconf 77' lang='grc' dir='ltr'><em>Σαρδανάπαλλος</em></span> <span class='ocrx_word' id='word_1_82' title='bbox 633 1700 669 1766; x_wconf 77' lang='grc' dir='ltr'><em>δὲ</em></span> <span class='ocrx_word' id='word_1_83' title='bbox 682 1709 739 1786; x_wconf 86' lang='grc' dir='ltr'><em>τῆς</em></span> <span class='ocrx_word' id='word_1_84' title='bbox 755 1708 877 1786; x_wconf 77' lang='grc' dir='ltr'><em>πολλῆς</em></span> <span class='ocrx_word' id='word_1_85' title='bbox 892 1707 1039 1786; x_wconf 79' lang='grc' dir='ltr'><em>τρυφῆς,</em></span> <span class='ocrx_word' id='word_1_86' title='bbox 1055 1697 1119 1785; x_wconf 85' lang='grc' dir='ltr'><em>ε’γῶ</em></span> <span class='ocrx_word' id='word_1_87' title='bbox 1132 1700 1168 1766; x_wconf 72' lang='grc' dir='ltr'><em>δὲ</em></span> 
     </span>
    </p>

    <p class='ocr_par' dir='ltr' id='par_1_8' title="bbox 72 1791 1274 2171">
     <span class='ocr_line' id='line_1_15' title="bbox 72 1791 1167 1887; baseline 0.003 -28"><span class='ocrx_word' id='word_1_88' title='bbox 72 1791 75 1798; x_wconf 73' lang='grc'><strong><em>’</em></strong></span> <span class='ocrx_word' id='word_1_89' title='bbox 164 1801 306 1876; x_wconf 85' lang='grc' dir='ltr'><em>Κροῖσος</em></span> <span class='ocrx_word' id='word_1_90' title='bbox 331 1802 398 1860; x_wconf 86' lang='grc' dir='ltr'><em>τῶν</em></span> <span class='ocrx_word' id='word_1_91' title='bbox 422 1802 626 1882; x_wconf 81' lang='grc' dir='ltr'><em>θησαυρῶν,</em></span> <span class='ocrx_word' id='word_1_92' title='bbox 659 1799 792 1887; x_wconf 80' lang='grc' dir='ltr'><em>ἐπιγελᾷ</em></span> <span class='ocrx_word' id='word_1_93' title='bbox 817 1801 872 1866; x_wconf 89' lang='grc' dir='ltr'><em>καί</em></span> <span class='ocrx_word' id='word_1_94' title='bbox 898 1801 1080 1878; x_wconf 81' lang='grc' dir='ltr'><em>ἐξονειδίζει</em></span> <span class='ocrx_word' id='word_1_95' title='bbox 1105 1794 1167 1862; x_wconf 90' lang='grc' dir='ltr'><em>άν-</em></span> 
     </span>
     <span class='ocr_line' id='line_1_16' title="bbox 164 1892 1274 1982; baseline 0.001 -25"><span class='ocrx_word' id='word_1_96' title='bbox 164 1892 315 1974; x_wconf 82' lang='grc' dir='ltr'><em>δράποδα</em></span> <span class='ocrx_word' id='word_1_97' title='bbox 328 1893 383 1960; x_wconf 87' lang='grc' dir='ltr'><em>καί</em></span> <span class='ocrx_word' id='word_1_98' title='bbox 399 1892 599 1977; x_wconf 78' lang='grc' dir='ltr'><em>καθάρματα</em></span> <span class='ocrx_word' id='word_1_99' title='bbox 615 1893 702 1981; x_wconf 82' lang='grc' dir='ltr'><em>ἡμᾶς</em></span> <span class='ocrx_word' id='word_1_100' title='bbox 720 1896 914 1982; x_wconf 86' lang='grc' dir='ltr'><em>άποκαλῶν,</em></span> <span class='ocrx_word' id='word_1_101' title='bbox 932 1900 1036 1965; x_wconf 83' lang='grc' dir='ltr'><em>ἐνίοτε</em></span> <span class='ocrx_word' id='word_1_102' title='bbox 1056 1896 1091 1963; x_wconf 78' lang='grc' dir='ltr'><em>δὲ</em></span> <span class='ocrx_word' id='word_1_103' title='bbox 1112 1897 1167 1963; x_wconf 86' lang='grc' dir='ltr'><em>καί</em></span> <span class='ocrx_word' id='word_1_104' title='bbox 1273 1933 1274 1958; x_wconf 67' lang='grc'><strong>;</strong></span> 
     </span>
     <span class='ocr_line' id='line_1_17' title="bbox 164 1987 1162 2081; baseline 0.008 -28"><span class='ocrx_word' id='word_1_105' title='bbox 164 1987 255 2076; x_wconf 77' lang='grc' dir='ltr'><em>ᾅδων</em></span> <span class='ocrx_word' id='word_1_106' title='bbox 274 1990 478 2073; x_wconf 86' lang='grc' dir='ltr'><em>ἐπιταράττει</em></span> <span class='ocrx_word' id='word_1_107' title='bbox 501 1989 597 2076; x_wconf 76' lang='grc' dir='ltr'><em>ἡμῶν</em></span> <span class='ocrx_word' id='word_1_108' title='bbox 617 1994 675 2070; x_wconf 81' lang='grc' dir='ltr'><em>τὰς</em></span> <span class='ocrx_word' id='word_1_109' title='bbox 692 1997 854 2081; x_wconf 78' lang='grc' dir='ltr'><em>οἰμωγάς,</em></span> <span class='ocrx_word' id='word_1_110' title='bbox 876 1997 930 2063; x_wconf 89' lang='grc' dir='ltr'><em>καί</em></span> <span class='ocrx_word' id='word_1_111' title='bbox 953 1993 1038 2072; x_wconf 80' lang='grc' dir='ltr'><em>ὅλως</em></span> <span class='ocrx_word' id='word_1_112' title='bbox 1058 2004 1162 2080; x_wconf 87' lang='grc' dir='ltr'><em>λυπη-</em></span> 
     </span>
     <span class='ocr_line' id='line_1_18' title="bbox 163 2090 312 2171; baseline 0.013 -18"><span class='ocrx_word' id='word_1_113' title='bbox 163 2112 220 2171; x_wconf 88' lang='grc' dir='ltr'><em>ρος</em></span> <span class='ocrx_word' id='word_1_114' title='bbox 236 2090 312 2155; x_wconf 86' lang='grc' dir='ltr'><em>ἐστι.</em></span> 
     </span>
    </p>

    <p class='ocr_par' dir='ltr' id='par_1_9' title="bbox 244 2184 964 2275">
     <span class='ocr_line' id='line_1_19' title="bbox 244 2184 964 2275; baseline 0.008 -22"><span class='ocrx_word' id='word_1_115' title='bbox 244 2193 406 2253; x_wconf 74' lang='grc' dir='ltr'><em>ΠΛΟΤΤ.</em></span> <span class='ocrx_word' id='word_1_116' title='bbox 434 2194 475 2256; x_wconf 88' lang='grc' dir='ltr'><em>Τί</em></span> <span class='ocrx_word' id='word_1_117' title='bbox 489 2189 593 2255; x_wconf 85' lang='grc' dir='ltr'><em>ταῦτά</em></span> <span class='ocrx_word' id='word_1_118' title='bbox 610 2210 732 2275; x_wconf 82' lang='grc' dir='ltr'><em>φασιν,</em></span> <span class='ocrx_word' id='word_1_119' title='bbox 748 2184 775 2257; x_wconf 84' lang='grc' dir='ltr'><em>ῶ</em></span> <span class='ocrx_word' id='word_1_120' title='bbox 791 2194 964 2269; x_wconf 82' lang='grc' dir='ltr'><em>Μένιπκε;</em></span> 
     </span>
    </p>

    <p class='ocr_par' dir='ltr' id='par_1_10' title="bbox 246 2280 1274 2373">
     <span class='ocr_line' id='line_1_20' title="bbox 246 2280 1274 2373; baseline 0.004 -22"><span class='ocrx_word' id='word_1_121' title='bbox 246 2292 356 2352; x_wconf 82' lang='grc' dir='ltr'><strong>ΜΕΝ.</strong></span> <span class='ocrx_word' id='word_1_122' title='bbox 378 2280 742 2372; x_wconf 80' lang='grc' dir='ltr'><em>Ἀληθῆ,ῶΠλοάτων·</em></span> <span class='ocrx_word' id='word_1_123' title='bbox 758 2296 845 2372; x_wconf 83' lang='grc' dir='ltr'><em>μισῶ</em></span> <span class='ocrx_word' id='word_1_124' title='bbox 856 2285 920 2372; x_wconf 87' lang='grc' dir='ltr'><em>γάρ</em></span> <span class='ocrx_word' id='word_1_125' title='bbox 933 2285 1165 2373; x_wconf 82' lang='grc' dir='ltr'><em>αὐτούςάγεν-</em></span> <span class='ocrx_word' id='word_1_126' title='bbox 1265 2330 1274 2349; x_wconf 86' lang='lat'><strong>·</strong></span> 
     </span>
    </p>

    <p class='ocr_par' dir='ltr' id='par_1_11' title="bbox 94 2380 1166 2664">
     <span class='ocr_line' id='line_1_21' title="bbox 94 2380 1166 2471; baseline -0.005 -16"><span class='ocrx_word' id='word_1_127' title='bbox 94 2404 142 2457; x_wconf 74' lang='lat'><em>337</em></span> <span class='ocrx_word' id='word_1_128' title='bbox 163 2397 229 2461; x_wconf 82' lang='grc' dir='ltr'><em>νείς</em></span> <span class='ocrx_word' id='word_1_129' title='bbox 244 2386 298 2451; x_wconf 87' lang='grc' dir='ltr'><em>καί</em></span> <span class='ocrx_word' id='word_1_130' title='bbox 315 2381 492 2469; x_wconf 77' lang='grc' dir='ltr'><em>ὀλεθρίους</em></span> <span class='ocrx_word' id='word_1_131' title='bbox 508 2382 621 2462; x_wconf 80' lang='grc' dir='ltr'><em>ὄντας,</em></span> <span class='ocrx_word' id='word_1_132' title='bbox 647 2380 695 2463; x_wconf 88' lang='grc' dir='ltr'><em>οἷς</em></span> <span class='ocrx_word' id='word_1_133' title='bbox 709 2382 772 2451; x_wconf 81' lang='grc' dir='ltr'><em>οὐκ</em></span> <span class='ocrx_word' id='word_1_134' title='bbox 793 2382 954 2470; x_wconf 84' lang='grc' dir='ltr'><em>άπέχρησε</em></span> <span class='ocrx_word' id='word_1_135' title='bbox 969 2392 1089 2471; x_wconf 80' lang='grc' dir='ltr'><em>βιῶναι</em></span> <span class='ocrx_word' id='word_1_136' title='bbox 1105 2412 1166 2452; x_wconf 87' lang='grc' dir='ltr'><em>κα-</em></span> 
     </span>
     <span class='ocr_line' id='line_1_22' title="bbox 161 2478 1166 2570; baseline 0.003 -24"><span class='ocrx_word' id='word_1_137' title='bbox 161 2487 236 2563; x_wconf 89' lang='grc' dir='ltr'><em>κῶς,</em></span> <span class='ocrx_word' id='word_1_138' title='bbox 252 2478 336 2548; x_wconf 84' lang='grc' dir='ltr'><em>άλλά</em></span> <span class='ocrx_word' id='word_1_139' title='bbox 352 2484 405 2548; x_wconf 87' lang='grc' dir='ltr'><em>καί</em></span> <span class='ocrx_word' id='word_1_140' title='bbox 421 2480 656 2559; x_wconf 75' lang='grc' dir='ltr'><em>ἀποθανόντες,</em></span> <span class='ocrx_word' id='word_1_141' title='bbox 667 2488 714 2550; x_wconf 76' lang='grc' dir='ltr'><em>ἔτι</em></span> <span class='ocrx_word' id='word_1_142' title='bbox 729 2487 912 2568; x_wconf 78' lang='grc' dir='ltr'><em>μέμνηνται</em></span> <span class='ocrx_word' id='word_1_143' title='bbox 925 2485 980 2550; x_wconf 85' lang='grc' dir='ltr'><em>καὶ</em></span> <span class='ocrx_word' id='word_1_144' title='bbox 993 2486 1166 2570; x_wconf 80' lang='grc' dir='ltr'><em>περιέχον-</em></span> 
     </span>
     <span class='ocr_line' id='line_1_23' title="bbox 160 2575 985 2664; baseline 0.005 -23"><span class='ocrx_word' id='word_1_145' title='bbox 160 2603 213 2642; x_wconf 88' lang='grc' dir='ltr'><em>ται</em></span> <span class='ocrx_word' id='word_1_146' title='bbox 227 2584 295 2642; x_wconf 90' lang='grc' dir='ltr'><em>τῶν</em></span> <span class='ocrx_word' id='word_1_147' title='bbox 311 2575 398 2643; x_wconf 88' lang='grc' dir='ltr'><em>άνω·</em></span> <span class='ocrx_word' id='word_1_148' title='bbox 421 2587 523 2662; x_wconf 85' lang='grc' dir='ltr'><em>χαίρω</em></span> <span class='ocrx_word' id='word_1_149' title='bbox 538 2587 718 2664; x_wconf 84' lang='grc' dir='ltr'><em>τοιγαροῦν</em></span> <span class='ocrx_word' id='word_1_150' title='bbox 733 2577 839 2646; x_wconf 90' lang='grc' dir='ltr'><em>άυιῶν</em></span> <span class='ocrx_word' id='word_1_151' title='bbox 854 2577 985 2659; x_wconf 79' lang='grc' dir='ltr'><em>αὐτούς.</em></span> 
     </span>
    </p>

    <p class='ocr_par' dir='ltr' id='par_1_12' title="bbox 160 2674 1165 2856">
     <span class='ocr_line' id='line_1_24' title="bbox 244 2674 1165 2765; baseline 0.003 -23"><span class='ocrx_word' id='word_1_152' title='bbox 244 2682 405 2742; x_wconf 73' lang='grc' dir='ltr'><em>ΠΛΟΤΤ.</em></span> <span class='ocrx_word' id='word_1_153' title='bbox 427 2674 512 2743; x_wconf 76' lang='grc' dir='ltr'><em>Ἀλλ’</em></span> <span class='ocrx_word' id='word_1_154' title='bbox 531 2674 571 2743; x_wconf 83' lang='grc' dir='ltr'><em>οὐ</em></span> <span class='ocrx_word' id='word_1_155' title='bbox 594 2678 672 2761; x_wconf 80' lang='grc' dir='ltr'><em>χρή·</em></span> <span class='ocrx_word' id='word_1_156' title='bbox 695 2684 880 2744; x_wconf 84' lang='grc' dir='ltr'><em>λυποῦνται</em></span> <span class='ocrx_word' id='word_1_157' title='bbox 895 2676 959 2764; x_wconf 87' lang='grc' dir='ltr'><em>γάρ</em></span> <span class='ocrx_word' id='word_1_158' title='bbox 981 2677 1021 2745; x_wconf 81' lang='grc' dir='ltr'><em>οὐ</em></span> <span class='ocrx_word' id='word_1_159' title='bbox 1036 2686 1165 2765; x_wconf 85' lang='grc' dir='ltr'><em>μικρῶν</em></span> 
     </span>
     <span class='ocr_line' id='line_1_25' title="bbox 160 2771 361 2856; baseline 0.01 -20"><span class='ocrx_word' id='word_1_160' title='bbox 160 2771 361 2856; x_wconf 88' lang='grc' dir='ltr'><em>στερόμενοι.</em></span> 
     </span>
    </p>

    <p class='ocr_par' dir='ltr' id='par_1_13' title="bbox 161 2865 1166 3055">
     <span class='ocr_line' id='line_1_26' title="bbox 173 2865 1166 2980; baseline 0.005 -44"><span class='ocrx_word' id='word_1_161' title='bbox 173 2961 181 2980; x_wconf 62' lang='lat'>,</span> <span class='ocrx_word' id='word_1_162' title='bbox 246 2877 356 2937; x_wconf 89' lang='grc' dir='ltr'><strong><em>ΜΕΝ.</em></strong></span> <span class='ocrx_word' id='word_1_163' title='bbox 379 2874 443 2937; x_wconf 85' lang='grc' dir='ltr'><em>Καὶ</em></span> <span class='ocrx_word' id='word_1_164' title='bbox 465 2868 507 2937; x_wconf 84' lang='grc' dir='ltr'><em>σδ</em></span> <span class='ocrx_word' id='word_1_165' title='bbox 522 2879 715 2957; x_wconf 80' lang='grc' dir='ltr'><em>μωραίνεις,</em></span> <span class='ocrx_word' id='word_1_166' title='bbox 738 2865 764 2939; x_wconf 83' lang='grc' dir='ltr'><em>ῶ</em></span> <span class='ocrx_word' id='word_1_167' title='bbox 786 2874 965 2957; x_wconf 79' lang='grc' dir='ltr'><em>Πλούτων,</em></span> <span class='ocrx_word' id='word_1_168' title='bbox 989 2870 1166 2959; x_wconf 78' lang='grc' dir='ltr'><em>ὁμόψηφος</em></span> 
     </span>
     <span class='ocr_line' id='line_1_27' title="bbox 161 2964 662 3055; baseline 0.01 -25"><span class='ocrx_word' id='word_1_169' title='bbox 161 2964 209 3031; x_wconf 77' lang='grc' dir='ltr'><em>ωἰι</em></span> <span class='ocrx_word' id='word_1_170' title='bbox 224 2980 291 3043; x_wconf 79' lang='grc' dir='ltr'><em>τοῖς</em></span> <span class='ocrx_word' id='word_1_171' title='bbox 306 2969 434 3034; x_wconf 81' lang='grc' dir='ltr'><em>τούτων</em></span> <span class='ocrx_word' id='word_1_172' title='bbox 451 2984 662 3055; x_wconf 81' lang='grc' dir='ltr'><em>στεναγμοῑς;</em></span> 
     </span>
    </p>

    <p class='ocr_par' dir='ltr' id='par_1_14' title="bbox 160 3062 1153 3247">
     <span class='ocr_line' id='line_1_28' title="bbox 243 3062 1153 3154; baseline 0.008 -23"><span class='ocrx_word' id='word_1_173' title='bbox 243 3072 406 3132; x_wconf 73' lang='grc' dir='ltr'><em>ΠΛΟῬΤ.</em></span> <span class='ocrx_word' id='word_1_174' title='bbox 431 3064 610 3151; x_wconf 79' lang='grc' dir='ltr'><em>Οὐδαμῶς,</em></span> <span class='ocrx_word' id='word_1_175' title='bbox 632 3064 706 3133; x_wconf 83' lang='grc' dir='ltr'><em>άλλ’</em></span> <span class='ocrx_word' id='word_1_176' title='bbox 724 3063 786 3133; x_wconf 82' lang='grc' dir='ltr'><em>οὐκ</em></span> <span class='ocrx_word' id='word_1_177' title='bbox 804 3062 848 3133; x_wconf 79' lang='grc' dir='ltr'><em>άν</em></span> <span class='ocrx_word' id='word_1_178' title='bbox 864 3071 1011 3154; x_wconf 82' lang='grc' dir='ltr'><em>ἐθέλοιμι</em></span> <span class='ocrx_word' id='word_1_179' title='bbox 1027 3070 1153 3137; x_wconf 85' lang='grc' dir='ltr'><em>στασιά·</em></span> 
     </span>
     <span class='ocr_line' id='line_1_29' title="bbox 160 3159 336 3247; baseline 0.011 -22"><span class='ocrx_word' id='word_1_180' title='bbox 160 3166 225 3241; x_wconf 85' lang='grc' dir='ltr'><em>ζειν</em></span> <span class='ocrx_word' id='word_1_181' title='bbox 241 3159 336 3247; x_wconf 77' lang='grc' dir='ltr'><em>ὑμᾶς.</em></span> 
     </span>
    </p>

    <p class='ocr_par' dir='ltr' id='par_1_15' title="bbox 160 3255 1166 3445">
     <span class='ocr_line' id='line_1_30' title="bbox 243 3255 1166 3352; baseline 0.009 -27"><span class='ocrx_word' id='word_1_182' title='bbox 243 3265 271 3325; x_wconf 70' lang='lat'><em>2.</em></span> <span class='ocrx_word' id='word_1_183' title='bbox 293 3267 403 3327; x_wconf 83' lang='grc' dir='ltr'><strong>ΜΕΝ.</strong></span> <span class='ocrx_word' id='word_1_184' title='bbox 426 3264 489 3329; x_wconf 82' lang='grc' dir='ltr'><em>Καὶ</em></span> <span class='ocrx_word' id='word_1_185' title='bbox 508 3261 590 3347; x_wconf 80' lang='grc' dir='ltr'><em>μήν,</em></span> <span class='ocrx_word' id='word_1_186' title='bbox 607 3255 632 3326; x_wconf 83' lang='grc' dir='ltr'><em>ῶ</em></span> <span class='ocrx_word' id='word_1_187' title='bbox 650 3262 800 3329; x_wconf 85' lang='grc' dir='ltr'><em>κάκιστοι</em></span> <span class='ocrx_word' id='word_1_188' title='bbox 811 3266 934 3329; x_wconf 86' lang='grc' dir='ltr'><em>Λυδῶν</em></span> <span class='ocrx_word' id='word_1_189' title='bbox 949 3267 1003 3332; x_wconf 89' lang='grc' dir='ltr'><em>καὶ</em></span> <span class='ocrx_word' id='word_1_190' title='bbox 1018 3274 1166 3352; x_wconf 85' lang='grc' dir='ltr'><em>Φρυγῶν</em></span> 
     </span>
     <span class='ocr_line' id='line_1_31' title="bbox 160 3352 1162 3445; baseline 0.011 -25"><span class='ocrx_word' id='word_1_191' title='bbox 160 3358 211 3423; x_wconf 83' lang='grc' dir='ltr'><em>καί</em></span> <span class='ocrx_word' id='word_1_192' title='bbox 224 3352 416 3441; x_wconf 87' lang='grc' dir='ltr'><em>Ἀσσυρίων,</em></span> <span class='ocrx_word' id='word_1_193' title='bbox 429 3358 516 3425; x_wconf 80' lang='grc' dir='ltr'><em>οὕτω</em></span> <span class='ocrx_word' id='word_1_194' title='bbox 528 3359 705 3443; x_wconf 77' lang='grc' dir='ltr'><em>γινώσκετε</em></span> <span class='ocrx_word' id='word_1_195' title='bbox 716 3358 759 3437; x_wconf 84' lang='grc' dir='ltr'><em>ῶς</em></span> <span class='ocrx_word' id='word_1_196' title='bbox 771 3358 848 3426; x_wconf 75' lang='grc' dir='ltr'><em>οὐδὲ</em></span> <span class='ocrx_word' id='word_1_197' title='bbox 857 3368 1072 3445; x_wconf 80' lang='grc' dir='ltr'><em>παυσομένου</em></span> <span class='ocrx_word' id='word_1_198' title='bbox 1080 3388 1162 3444; x_wconf 74' lang='grc' dir='ltr'><em>μου</em></span> 
     </span>
    </p>
   </div>
   <div class='ocr_carea' id='block_1_5' title="bbox 0 0 1280 3825">
    <p class='ocr_par' dir='ltr' id='par_1_16' title="bbox 0 0 1280 3825">
     <span class='ocr_line' id='line_1_32' title="bbox 0 0 1280 3825; baseline 0 0"><span class='ocrx_word' id='word_1_199' title='bbox 0 0 1280 3825; x_wconf 95' lang='lat' dir='ltr'><em> </em></span> 
     </span>
    </p>
   </div>
  </div>
 </body>
</html>
