2550 3825
173 149 235 212 258
529 153 836 210 AOYKIANOT

101 321 153 375 592
172 337 245 398 ρετε
257 309 319 397 τῆν
330 316 532 398 κατηγορίαν
544 313 599 377 καὶ
610 313 806 395 διελέγχετε·
827 311 953 388 πάντας
962 308 1027 396 γάρ
1042 308 1110 394 άμα
1121 310 1178 374 λέ-

172 435 244 494 γειν
265 406 444 495 ἀμήχανον.
473 404 516 474 σύ
538 409 590 491 δέ,
613 399 641 473 ῶ
662 408 897 493 Παρρησιάδη,
924 407 1116 494 ἀπολογήσῃ
1136 432 1176 472 το

171 503 252 592 μετά
268 512 377 573 τοῦτο.

253 609 380 670 ΧΡΤΣ.
405 608 461 680 Τίς
475 592 538 668 οὖν
553 595 597 667 ἀν
612 600 875 686 ἐπιτηδειότατος
889 604 922 681 ἐξ
936 599 1033 688 ήμῶν
1047 603 1176 686 γε’νοιτο

171 697 256 784 πρὸς
272 697 334 786 τῆν
357 703 453 785 δίκην
468 706 547 784 σοῦ,
573 691 775 777 ῶΠλάτων;
796 696 819 784 ή
839 723 875 765 τε
890 697 955 784 γάρ
975 696 1177 783 μεγαλόνοια
1272 754 1273 761 ,

171 795 348 884 θαυμαστή
363 800 418 864 καὶ
432 795 452 883 ἡ
467 803 676 881 καλλιφωνία
690 800 808 873 δεινῶς
821 793 946 882 Ἀττική
961 800 1016 864 καλ
1029 794 1067 862 τὸ
1078 821 1177 882 κεχα-

172 895 331 980 ρισμένον
345 897 400 961 καὶ
410 901 552 972 πειθοῦς
567 890 690 980 μεστόν
703 892 725 979 ή
737 919 773 960 τε
784 895 916 974 ξάνεσις
929 896 984 961 καὶ
994 892 1030 960 τό
1043 890 1177 979 ἀκριβὲς

172 994 227 1058 καλ
240 987 277 1058 τό
293 989 468 1076 ἐπαγωγὸν
482 995 519 1059 ἐν
530 999 636 1079 καιρῷ
651 998 719 1058 τῶν
733 989 949 1074 ἀποδείξεων,
969 991 1080 1058 πάντα
1092 995 1179 1054 ταῦ-

171 1090 212 1157 τά
233 1110 286 1156 σοι
304 1087 416 1176 ἀθρόα
435 1090 627 1175 πρόσεστιν·
662 1089 746 1158 ῶστε
770 1087 832 1176 τῆν
852 1095 1058 1176 προηγορίαν
1078 1092 1177 1174 δέχου

172 1189 228 1255 καὶ
237 1183 321 1272 ὑπὲρ
333 1185 492 1256 ἀπάντων
504 1190 573 1256 εἰπὲ
583 1186 624 1256 τά
637 1189 756 1257 εἰκότα.
770 1196 834 1255 νῦν
845 1187 1077 1274 ἀναμνήσθητι
1088 1188 1177 1252 πάν-

172 1311 240 1352 των
251 1286 388 1353 ἐκείνων
399 1289 453 1354 καὶ
465 1287 627 1372 ξυμφόρει
642 1289 675 1364 ές
684 1284 721 1353 τδ
733 1284 815 1354 αὐτό
822 1337 832 1371 ,
849 1296 883 1354 εί
888 1293 922 1354 τί
929 1306 983 1354 σοι
994 1284 1078 1372 πρὸς
1087 1292 1174 1370 Pop-

173 1388 249 1468 γίαν
266 1377 421 1468 ῆΠῶλον
435 1379 457 1469 ῆ
466 1379 627 1468 Ἱππίανῆ
641 1385 812 1466 Πρόδικον
828 1393 967 1470 είρηται·
990 1384 1176 1468 δεινότερος

174 1474 272 1558 οὗτός
295 1483 394 1549 ἐστιν.
428 1485 581 1550 ἐπίπαττε
606 1473 670 1550 οὖν
695 1486 750 1552 καὶ
777 1491 833 1569 τῆς
863 1488 1032 1570 εἰρωνείας
1054 1484 1109 1550 καὶ
1135 1480 1177 1548 τά

173 1576 285 1665 κομψά
301 1582 409 1647 έκελνα
425 1583 479 1648 καλ
500 1589 622 1666 συνεχῆ
636 1581 758 1664 ε’ρῶτα,
776 1579 840 1648 κάν
854 1600 908 1648 σοι
922 1586 1019 1669 δοκή,
1041 1577 1177 1647 κάκεῖνό

173 1703 240 1746 που
261 1679 473 1767 παράβυσον,
501 1677 545 1758 ῶς
568 1677 586 1746 ὁ
608 1683 710 1765 μέγας
732 1683 769 1746 έν
789 1679 923 1769 οὐρανῷ
944 1679 1028 1758 Ζεὺς
1048 1676 1177 1765 πτηνὸν

174 1775 263 1861 ἀρμα
278 1777 430 1843 ἐλαύνων
445 1775 704 1862 ἀγανακτήσειεν
721 1777 779 1863 ἀν,
809 1785 840 1845 εί
858 1775 902 1864 μῆ
925 1770 1022 1854 οὗτος
1036 1774 1177 1861 ὑπόσχοι

173 1871 235 1959 τῆν
251 1877 356 1957 δίκην.
505 1936 507 1946 ,

256 1975 307 2037 23.
327 1976 462 2037 ΠΛΑΤ.
480 1976 670 2057 Μηδαμῶς,
682 1973 767 2042 ἀλλά
777 2000 852 2041 τινα
862 1980 930 2040 τῶν
942 1972 1178 2057 σφοδροτέρων

174 2068 470 2155 προχειρισόμεθα,
483 2073 652 2155 Διογένην
662 2077 783 2139 τοῦτον
796 2067 817 2156 ή
829 2068 1046 2153 Ἀντισθένην
1054 2063 1178 2153 ῆΚρά-

106 2176 157 2232 593
175 2192 255 2252 τητα
268 2162 290 2252 ῆ
305 2166 359 2233 καὶ
379 2169 433 2251 σέ,
454 2160 687 2254 ῶΧρόσιππε·
711 2169 752 2237 οὐ
767 2167 831 2255 γάρ
855 2166 895 2255 δῆ
916 2169 1059 2244 κάλλους
1075 2168 1112 2233 ἐν
1130 2170 1178 2254 τῷ

173 2265 383 2349 παρόντικαὶ
398 2266 586 2352 δεινότητος
601 2274 830 2353 συγγραφικῆς
844 2266 861 2334 ὁ
878 2266 1008 2353 καιρός,
1025 2262 1109 2332 ἀλλά
1126 2289 1179 2329 τι-

173 2391 232 2443 νος
251 2367 439 2449 ἐλεγκτικῆς
455 2366 510 2433 καὶ
530 2370 703 2452 δικανικῆς
723 2372 949 2451 παρασκευῆς·
978 2360 1087 2449 ῥήτωρ
1104 2356 1176 2428 δδδ

173 2462 407 2548 Παρρησιάδης
422 2467 519 2531 ἐστίν.

257 2564 377 2629 ΔΙΟΓ.
396 2556 482 2628 Ἀλλ’
499 2559 563 2645 ε’γῶ
578 2559 683 2629 αὐτοῦ
695 2561 927 2648 κατηγορήσω·
947 2561 1003 2627 καὶ
1018 2554 1083 2643 γάρ
1097 2552 1178 2622 οὐδὲ

175 2658 266 2725 πάνυ
284 2664 422 2742 μακρῶν
437 2667 547 2744 οἴομαι
561 2666 628 2726 τῶν
643 2659 755 2744 λόγων
771 2664 911 2727 δεῖσθαι.
939 2660 995 2726 καὶ
1015 2654 1121 2731 άλλως
1140 2655 1178 2721 δὲ

174 2753 259 2839 ὑπὲρ
274 2752 423 2832 ἅπαντας
437 2754 596 2843 ὕβρισμαι
616 2756 671 2825 δύ’
690 2757 821 2845 ὀβολῶν
834 2758 951 2848 πρῴην
966 2753 1178 2839 ἀποκεκηρυ-

174 2856 304 2939 γμένος.

258 2960 392 3021 ΠΛΑΤ.
411 2952 447 3023 Ὁ
461 2959 642 3042 Διογένης,
660 2951 901 3042 ῶΦιλοσοφία,
919 2958 989 3040 ἐρεῖ
1000 2951 1059 3020 τόν
1075 2952 1178 3037 λόγον

174 3048 258 3137 ὑπὲρ
274 3048 443 3119 ἁπάντων.
472 3057 618 3141 μέμνησο
637 3059 690 3141 δέ,
713 3048 901 3140 ῶγενναῖε,
916 3050 961 3139 μή
975 3051 1016 3119 τά
1034 3059 1179 3119 σεαυτοῦ

173 3150 279 3238 μόνον
294 3152 493 3239 πρεσβεύειν
508 3156 544 3220 ἐν
564 3162 604 3243 τῆ
624 3161 820 3244 κατηγορία,
849 3151 889 3221 τά
905 3150 1003 3220 κοινά
1019 3153 1054 3218 δὲ
1074 3148 1177 3235 ὁρᾶν·

174 3254 204 3319 εί
218 3250 283 3336 γάρ
297 3277 329 3317 τι
344 3252 400 3318 καὶ
413 3246 496 3335 πρὸς
507 3248 671 3336 ἀλλήλους
681 3254 912 3340 διαφερόμεθα
927 3256 964 3320 έν
977 3266 1044 3330 τοῖς
1055 3250 1178 3336 λόγοις,

172 3344 215 3415 σύ
234 3347 270 3415 δὲ
285 3354 384 3415 τοῦτο
401 3352 463 3433 μὲν
482 3345 526 3432 μῆ
544 3351 684 3435 ἐξέταζε,
707 3352 783 3439 μηδ’
800 3350 890 3430 ὅστις
910 3349 1030 3421 ίστὶνὸ
1052 3348 1179 3436 ἀληθέ-
