2550 3825
375 127 512 187 ΘΕΩΝ
535 127 794 188 ΔΙΑΛΟΓΟΙ.
1043 122 1084 188 79
1264 166 1266 281 1

86 297 139 376 λη,
157 292 214 356 ἵνα
228 293 283 360 καί
299 295 396 377 πίνης
410 289 478 376 ἅμα
493 290 550 358 καί,
564 292 679 374 φιλῇς·
708 283 824 377 πρῴην
843 289 879 356 δέ
894 284 913 354 6
927 283 1084 374 βασιλεύς

83 391 135 456 καί
151 385 309 456 ἁπάντων
325 386 431 476 πατήρ
452 385 660 473 ἀποθέμενος
674 381 736 471 τήν
753 389 863 472 αἰγίδα
880 387 934 454 καί
950 383 1009 454 τόν
1026 411 1084 453 κε·

83 485 210 575 ραυνδν
234 488 382 572 ἐκάθησο
403 485 648 572 ἀστραγαλίζων
673 481 743 570 μετ’
766 481 871 552 αὐτοῦ
898 482 1084 571 ὁπιόγωνα

82 592 277 672 τηλικοῦτον
288 587 494 670 καθειμένος.
511 581 642 651 ἅπαντα
654 577 718 652 ούν
729 581 797 671 ὁρῶ
810 592 930 672 ταῦτα,
943 582 1027 654 ὥστε
1038 581 1083 671 μή

83 692 155 752 οίου
170 683 364 751 λανθάνειν.
1052 731 1055 734 .

164 790 193 851 3.
218 790 344 851 ΖΕΥΣ.
367 785 433 850 Καὶ
449 787 483 849 τί
497 782 626 867 δεινόν,
651 774 788 867 ύἯρα,
806 782 979 868 μειράκιον
995 779 1084 849 οὕτω

82 878 185 949 καλὸν
205 880 326 968 μεταξύ
341 887 481 950 πίνοντα
502 890 698 966 καταφιλεῖν
720 883 774 950 καὶ
795 881 937 968 ἥδεσθαι
957 879 1086 967 άμφολν

82 982 136 1048 καί
149 987 196 1068 τῷ
214 981 373 1066 φιλήματι
389 983 443 1048 καί
459 987 504 1071 τῷ
520 982 669 1065 νέκταρι;
689 975 733 1066 ήν
744 987 829 1066 γοῦν
843 982 1006 1067 ἐπιτρέψω
1021 976 1085 1046 αύ-

81 1085 125 1169 τῷ
138 1074 202 1146 κάν
213 1076 300 1158 άπαξ
312 1085 453 1165 φιλῆσαί
460 1100 513 1162 σε,
530 1076 641 1146 οὐκέτι
652 1081 763 1165 μέμφῃ
774 1103 831 1164 μοι
845 1077 1085 1164 προτιμότερον

82 1184 143 1244 τοῦ
157 1177 315 1264 νέκταρος
330 1171 471 1269 οἰομένῳ
487 1175 524 1245 τό
541 1184 670 1263 φίλημα
685 1176 778 1244 εἰναι.

164 1281 265 1342 ΗΡΑ.
289 1279 529 1362 Παιδεραστῶν
546 1267 641 1344 οὗτοι
660 1275 763 1360 λόγοι.
798 1272 863 1361 ἐγιδ
884 1272 980 1361 δὲμὴ
997 1273 1086 1342 οὕτω

81 1380 237 1460 μανείην,
260 1370 305 1452 ὡς
325 1372 363 1440 τά
381 1381 472 1460 χείλη
487 1388 723 1460 προσενεγκεῖν
738 1381 783 1460 τῷ
800 1380 962 1464 μαλθακῷ
977 1373 1085 1465 τοότφ

82 1473 190 1560 Φρυγί
207 1468 313 1550 οὕτως
327 1473 588 1564 ἐκτεθηλυμένῳ.

165 1577 290 1638 ΖΕΥΣ.
314 1571 375 1656 Μή
386 1595 442 1656 μοι
454 1575 627 1660 λοιδοροῦ,
640 1567 667 1642 ά
678 1574 912 1661 γενναιοτάτη,
928 1586 996 1650 τοῖς
1006 1595 1086 1639 παι-

82 1675 200 1748 δικοῖς·
223 1667 336 1738 οὑτοσὶ
349 1667 414 1757 γάρ
428 1668 447 1739 6
464 1676 666 1760 θηλυδρίας,
682 1671 700 1742 6
715 1674 900 1762 βάρβαρος,
919 1669 1086 1759 ὁμαλθα-
1104 1687 1154 1740 21⁵

2 1773 3 1830 ἶ
80 1770 154 1856 κός,
170 1765 275 1855 ήδίων
290 1772 360 1855 ἐμοί
376 1772 430 1838 καί
445 1772 738 1857 ποθεινότερος-
749 1770 791 1840 ού
805 1772 969 1859 βούλομαι
984 1775 1020 1838 δέ
1038 1776 1088 1839 εἰ·

81 1884 171 1957 πειυ,
190 1869 235 1957 μή
249 1890 286 1937 σε
301 1871 479 1957 παροξύνω
496 1873 547 1939 ἐπὶ
563 1873 675 1941 πλέον.

164 1976 195 2039 4.
216 1978 316 2038 ΗΡΑ.
333 1979 418 2038 Εἰθε
429 1972 483 2037 καί
494 1971 675 2057 γαμήσειας
686 1967 789 2038 αὐτὸν
801 1972 884 2056 ἐμοῦ
894 1996 932 2056 γε
944 1969 1085 2039 οὕνεκα·

3 2060 4 2069 ¹
80 2074 227 2158 μέμνησο
241 2074 327 2153 γοῦν
342 2062 395 2135 οἷά
414 2093 471 2154 μοι
493 2065 548 2136 διά
565 2066 626 2136 τὸν
646 2067 800 2153 οἰνοχόον
818 2076 939 2136 τοῦτον
958 2072 1086 2155 ἐμπαρ-

79 2183 190 2247 οινελς.

162 2275 289 2338 ΖΕΥΣ.
313 2263 403 2351 Οὔκ,
421 2262 504 2334 άλλά
515 2262 768 2351 τόνἭφαιστον
778 2270 845 2335 ἐδει
860 2262 922 2333 τόν
935 2262 997 2333 σόν
1007 2261 1085 2332 νίόν

77 2374 241 2452 οἰνοχοεῖν
257 2362 337 2451 ἡμῖν
353 2362 557 2449 χωλεύοντα,
581 2366 617 2430 ἐκ
632 2370 689 2451 τῆς
706 2371 850 2450 καμίνου
870 2362 1012 2449 ήκοντα,
1036 2368 1084 2430 ἐτι

21 2468 25 2475 ’
77 2474 147 2535 τάν
162 2464 362 2551 σπινθήρων
377 2461 571 2548 ἀνάπλεων,
596 2460 671 2546 άρτι
686 2459 748 2546 τήν
768 2460 945 2548 πυράγραν
960 2459 1082 2529 άποτε-

76 2568 253 2651 θειμένον,
270 2565 324 2630 καλ
336 2558 393 2629 ἀπ’
412 2564 547 2628 ἐκείνων
563 2556 669 2627 αὐτοῦ
683 2566 750 2627 τῶν
765 2560 939 2627 δακτύλων
951 2560 1084 2646 λαμβά-

76 2691 151 2732 νειν
171 2660 257 2750 ήμάς
274 2659 336 2746 τήν
358 2657 479 2727 κύλικα
498 2662 553 2727 καὶ
577 2660 864 2743 ἐπισπασαμένους
883 2686 922 2744 γε
943 2667 1081 2746 φιλήσαι

76 2759 217 2849 μεταξύ,
239 2755 281 2827 δν
304 2754 379 2825 οὐδ’
402 2752 482 2843 άνή
506 2756 612 2844 μήτηρ
635 2753 678 2823 σύ
700 2752 805 2841 ήδέως
826 2758 998 2843 φιλήσειας
1013 2754 1081 2825 ύπδ

76 2867 133 2946 τῆς
149 2855 297 2944 άσβόλου
312 2858 594 2943 κατῃθαλωμένον
606 2853 643 2922 τὸ
655 2851 845 2938 πρόσωπον.
867 2852 951 2941 ήδίω
961 2864 1081 2924 ταῦτα·

75 2954 115 3026 ού
132 2956 217 3043 γάρς
239 2956 293 3021 καί
309 2950 399 3034 παρά
416 2950 503 3021 πολύ
523 2950 541 3020 6
559 2950 708 3037 οἰνοχόος
724 2955 848 3031 ἐκεῖνος
864 2956 1020 3041 ἐμπρέπει
1034 2962 1081 3043 τῷ

7 3122 8 3126 ,
76 3058 250 3143 συμποσίῳ
262 3057 329 3119 τάν
340 3058 449 3135 θεοῖν,
466 3046 483 3117 ὁ
498 3050 698 3136 Γανυμήδης
713 3052 749 3117 δέ
763 3055 1007 3138 καταπεμπτέος
1017 3045 1080 3119 αὖ·

75 3166 131 3235 θις
141 3157 174 3233 ἐς
185 3148 359 3238 τήνἼδην·
375 3149 538 3235 καθάριος
548 3148 613 3237 γάρ
624 3151 680 3219 καὶ
689 3149 933 3238 ῥοδοδάκτυλος
945 3150 999 3225 καί
1008 3152 1080 3217 ἐπι-

75 3252 247 3340 σταμένως
261 3243 371 3334 όρέγει
380 3244 417 3316 τό
431 3253 582 3336 ἔκπωμα,
599 3249 655 3317 καί
665 3245 686 3316 6'
696 3266 734 3315 σε
745 3257 846 3316 λυπεῖ
852 3246 1012 3333 μάλιστα,
1026 3249 1081 3315 nai

74 3359 167 3427 ωιλελ
177 3346 277 3435 ήδιον
292 3352 353 3413 τοῦ
367 3348 529 3429 νέκταρος.

9 3548 15 3629 ἰ
