2550 3825
196 155 258 220 396
545 162 849 222 AOYKIANOT

129 333 178 390 841
202 345 257 397 νος
271 319 311 386 τά
327 322 460 406 δημώδη
481 323 535 386 καί
550 318 589 384 τά
605 319 702 386 κοινά
717 326 820 385 ταῦτα
835 317 896 385 οὐκ
914 323 1076 404 ἔγραφεν,
1096 315 1119 403 ἢ
1135 315 1197 385 ὅσα

199 420 289 486 πάνυ
304 417 413 506 ὀλίγα,
433 417 543 504 ἥρωας
556 413 578 503 ἦ
591 415 694 496 θεοὺς
711 414 735 503 ἢ
748 423 928 503 πολέμους,
952 417 1055 486 ἀεὶδὲ
1074 442 1198 485 καινο-

198 528 306 583 ποιεῖν
319 518 468 599 ἐπειρᾶτο
481 521 538 581 καί
547 541 578 580 τι
589 512 771 582 ἀλλόκοτον
781 509 825 580 ἀν
838 517 893 581 καί
907 518 1003 594 ξένον
1017 515 1198 600 ἐπινοήσας

201 610 250 680 ἐπ’
268 614 381 701 έκείνφ
395 609 456 696 τὴν
470 608 643 696 ἀκρίβειαν
655 617 712 694 τῆς
724 614 838 696 τέχνης
856 613 1081 678 ἐπεδείκνυτο·
1104 614 1145 678 έν
1161 614 1198 677 δὲ

198 723 265 786 τοίς
287 707 398 785 ἀλλοις
423 706 605 792 τολμήμασι
634 709 689 773 καί
713 707 854 792 θήλειαν
870 706 1152 791 Ἱπποκένταυρον
1179 705 1196 771 ὁ

198 812 313 885 Ζεῦξις
328 809 496 890 ἐποίησεν,
517 802 772 889 ἀνατρέφουσάν
784 829 823 888 γε
843 806 976 890 προσέτι
990 809 1112 872 παιδίω
1127 803 1197 873 Ἱπ-

199 901 413 984 ποκενταύρω
428 901 557 984 διδύμω
578 904 698 988 κομιδῇ
713 906 828 984 νηπίω.
856 909 913 986 τῆς
933 899 1059 978 εἰκόνος
1072 901 1197 987 ταύτης
1243 984 1244 987 ¹

199 996 402 1083 ἀντίγραφός
417 1000 485 1064 ἐστι
495 1003 560 1062 νῦν
573 992 732 1080 Ἀθήνησι
743 992 827 1080 πρὸς
843 993 947 1082 αὐτὴν
957 999 1087 1082 ε’κείνην
1098 994 1196 1080 ἀκρι-
1243 1016 1244 1021 ’

199 1102 254 1181 βεῑ
268 1102 307 1180 τῇ
327 1095 459 1180 στάθμη
480 1094 756 1178 μετενηνεγμένη·
786 1089 823 1159 τό
851 1089 1035 1178 ἀρχέτυπον
1057 1090 1089 1159 δ’
1113 1091 1194 1160 αάτδ

199 1189 363 1267 Σόλλαςὸ
381 1188 545 1275 Ῥωμαίων
563 1187 743 1274 στρατηγὸς
763 1192 889 1272 ἐλέγετο
903 1188 984 1275 μετά
998 1199 1067 1257 τῶν
1081 1190 1194 1259 ἀλλων

200 1293 244 1365 εἰς
254 1285 391 1355 Ἰταλίαν
406 1289 624 1372 πεπομφέναι,
642 1284 709 1352 εἰτα
724 1287 798 1368 περὶ
809 1290 960 1372 Μαλέαν,
975 1286 1075 1373 οἶμαι,
1091 1315 1196 1355 κατα-

200 1385 301 1469 δύσης
315 1391 370 1468 τῆς
381 1381 536 1469 ὁλκάδος,
557 1381 740 1451 ἀπολέσθαι
755 1382 883 1451 ἅπαντα
903 1387 958 1452 καί
970 1384 1031 1471 τὴν
1046 1386 1194 1471 γραφήν.

199 1480 285 1568 πλὴν
302 1480 383 1548 ἀλλά
404 1482 465 1568 τήν
483 1509 521 1568 γε
540 1483 653 1550 εἰκόνα
673 1490 730 1566 τῆς
747 1482 874 1560 εἰκόνος
892 1483 996 1569 εἶδον,
1022 1489 1077 1552 καὶ
1095 1483 1197 1562 αάτδς

199 1578 294 1665 ὑμῖν,
322 1575 365 1656 ὡς
380 1575 423 1646 ἀν
438 1575 506 1657 οἷός
519 1606 554 1647 τε
569 1572 610 1662 ἀ,
632 1583 726 1658 δείξω
742 1586 787 1666 τῷ
805 1580 910 1668 λόγῳ,
932 1577 973 1646 οὐ
988 1578 1033 1666 μά
1050 1579 1113 1649 τόν
1129 1588 1197 1650 Δία

198 1676 360 1762 γραφικός
375 1703 424 1755 τις
445 1675 507 1760 div,
531 1674 614 1745 ἀλλά
630 1677 720 1742 πάνυ
737 1677 903 1762 μέμνημαι
920 1675 961 1744 οὐ
981 1676 1045 1763 πρδ
1067 1686 1198 1747 πολλοῦ

199 1772 280 1843 ἰδάν
295 1780 331 1840 έν
345 1799 432 1850 τινος
448 1780 515 1839 τῶν
530 1774 688 1858 γραφέων
699 1770 874 1859 Ἀθήνησι·
896 1776 950 1842 καί
965 1773 1002 1841 τὸ
1018 1773 1199 1859 ὑπερθαυ-

199 1870 299 1957 μάσαι
315 1868 388 1937 τότε
404 1867 464 1955 τὴν
479 1873 597 1955 τέχνην
616 1867 688 1954 τάχ’
704 1868 747 1937 ἀν
761 1897 817 1956 μοι
833 1872 889 1940 καί
902 1880 967 1939 νῦν
980 1869 1065 1958 πρός
1079 1871 1119 1941 τδ
1137 1893 1200 1939 σα-

201 1969 360 2051 φέστερον
375 1970 520 2051 δηλῶσαι
533 1975 804 2051 συναγωνίσαιτο.

281 2070 311 2131 4.
331 2062 399 2132 Ἐπὶ
409 2065 506 2150 χλόης
518 2063 714 2151 εόθαλοῦςὴ
726 2069 914 2151 Κένταυρος
926 2066 1009 2151 αὕτη
1020 2074 1198 2151 πεποίηται

200 2161 260 2250 ὅλη
271 2162 332 2247 μὲν
342 2169 381 2250 τη
391 2166 480 2253 ἵππῳ
493 2167 591 2249 χαμαὶ
602 2166 752 2249 κειμένη,
767 2166 822 2231 καί
832 2162 1047 2231 ἀποτέτανται
1059 2170 1107 2242 είς
1118 2163 1199 2231 τού-

200 2268 285 2328 πίσω
300 2264 333 2327 οί
344 2261 459 2345 πόδες,
479 2262 515 2328 τό
533 2263 569 2329 δὲ
583 2276 775 2347 γυναικεῖον
790 2260 871 2327 ὅσον
885 2259 985 2348 αὐτῆς
997 2258 1106 2347 ἠρέμα
1121 2264 1202 2328 έπε-

199 2358 353 2445 γήγερται
365 2363 419 2425 καὶ
430 2356 480 2426 ἐπ’
493 2358 643 2445 ἀγκῶνός
655 2363 753 2442 ἐστιν,
765 2364 799 2426 οἰ
807 2360 843 2425 δὲ
855 2358 953 2435 πόδες
962 2364 996 2425 οἰ
1004 2365 1201 2444 ἔμπροσθεν

200 2454 309 2523 οὐκέτι
323 2458 376 2522 καὶ
392 2448 484 2522 οὗτοι
500 2455 686 2542 ἀποτάδην,
708 2452 780 2523 οἷον
801 2458 853 2523 έπί
869 2454 1019 2541 πλευράν
1032 2462 1201 2544 κειμένης,

200 2550 272 2621 ἀλλ’
287 2550 304 2619 ὁ
325 2552 386 2637 μὲν
400 2551 569 2634 ὀκλάζοντι
589 2560 697 2622 ἔοικεν
712 2550 760 2620 ἀν
775 2554 945 2639 καμπύλος
967 2553 1202 2643 ἀπεσταλμένη

199 2660 238 2737 τη
254 2647 353 2737 ὁπλῇ,
372 2648 389 2717 ὁ
407 2653 442 2717 δὲ
458 2657 597 2736 ἔμπαλιν
609 2656 819 2720 ἐπανίσταται
833 2656 888 2719 καὶ
901 2660 961 2719 τοῦ
978 2654 1125 2740 ἐδάφους
1135 2653 1200 2722 ἀν·

131 2770 182 2823 842
201 2749 452 2835 τιλαμβάνεται,
479 2746 544 2817 οἷοί
567 2758 650 2820 εἰσιν
671 2756 766 2818 ἵπποι
786 2749 984 2836 πειρεόμενοι
1009 2749 1202 2837 ἀναπηδᾶν.

199 2847 270 2913 τοῖν
285 2861 438 2930 νεογνοῖν
454 2848 489 2914 δὲ
504 2847 540 2915 τδ
558 2852 618 2933 μὲν
634 2849 703 2916 ἀνω
718 2855 781 2933 ἔχει
796 2846 877 2935 αὕτη
897 2852 933 2916 έν
949 2864 1018 2927 ταῖς
1036 2848 1203 2935 ἀγκάλαις

200 2946 253 3013 καὶ
263 2946 375 3029 τρέφει
385 2942 605 3029 ἀνθρωπικῶς
616 2950 776 3033 ἐπέχουσα
784 2945 844 3013 τδν
855 2962 1047 3033 γυναικεῖον
1058 2951 1202 3035 μαστόν,

198 3039 234 3109 τό
254 3038 285 3107 δ’
304 3042 416 3124 ἕτερον
433 3045 468 3108 ἐκ
482 3050 538 3127 τῆς
558 3047 663 3112 ἵππου
680 3047 817 3131 θηλάζει
838 3049 870 3123 ές
884 3044 945 3113 τόν
958 3045 1107 3115 πωλικόν
1120 3048 1202 3135 τρά-

198 3162 278 3235 πον·
309 3137 378 3206 ἀνω
395 3141 430 3205 δὲ
446 3147 501 3225 τῆς
522 3143 650 3221 εἰκόνος
670 3140 741 3211 οἷον
757 3141 823 3209 ἀπό
840 3169 929 3221 τινος
944 3151 1068 3229 σκοπῆς
1084 3142 1201 3212 Ἱππο-

199 3237 378 3322 κένταυρός
392 3262 455 3321 τις,
471 3236 556 3323 ἀνὴρ
568 3242 694 3326 ἐκείνης
708 3240 831 3327 δηλαδὴ
843 3249 901 3328 της
911 3240 951 3310 τά
963 3247 1070 3330 βρέφη
1086 3242 1201 3329 ἀμφο-

200 3337 347 3420 τέρωθεν
360 3340 619 3422 τιθηνουμένης,
641 3341 810 3407 ἐπικύπτει
824 3347 932 3423 γελῶν
949 3338 1010 3426 οὐχ
1024 3338 1104 3420 ὅλος
1117 3368 1199 3425 φαι-
