2550 3825
519 174 697 233 ΤΙΜΩΝ.
1063 168 1104 229 4Ι

110 340 291 423 ἐπέραστον
314 340 419 424 κόρην
443 335 597 417 καθάπερ
613 336 738 420 ἱέρειαν
751 340 791 420 τῇ
807 330 1015 421 Θεσμοφόρῳ
1028 330 1104 414 τρέ

2 448 5 449 ’
110 462 184 521 φων
205 436 260 505 διᾶ
282 436 407 515 παντὸς
426 442 487 503 τοῦ
509 440 605 521 βίους
626 438 730 498 ταῦτα
744 432 798 497 καὶ
814 427 914 508 αύτδς
928 426 1104 515 ἀγανακτῶ

0 614 1 617 ¹
108 533 190 616 πρὸς
208 538 306 603 ἐνίων
324 534 385 622 μὲν
397 532 519 620 ἄτίμως
533 530 766 615 λακτιζόμενος
782 532 836 595 καί
852 526 1106 614 λαφυσσόμενος

109 635 161 699 καὶ
180 634 449 720 ἐξαντλούμενος,
465 629 517 700 ὑπ’
534 635 633 699 ἐνίων
649 629 684 695 δὲ
699 626 809 712 ὥσπερ
824 632 1013 712 στιγματίας
1024 629 1106 709 δρα-

108 734 206 817 πέτης
219 734 451 818 πεπεδημένος.

192 834 241 899 18.
266 838 385 899 ΖΕΥΣ.
413 836 455 897 Τί
462 823 525 897 οὑν
536 827 730 914 ἄγανακτεῑς
741 823 814 892 κατ’
831 822 961 905 αύτῶυ;
975 823 1106 890 διδόασι

109 926 173 1013 γάρ
195 926 296 1015 ἄμφω
315 926 421 1015 καλήν
435 927 497 1015 τήν
512 932 626 1012 δίκην,
648 930 681 993 οί
696 925 757 1010 μέν
775 923 884 1007 ὥσπερ
902 922 920 991 δ
938 923 1106 998 Τάνταλος

1 1104 3 1119 .
109 1026 227 1095 ἄποτοι
247 1030 302 1095 καὶ
322 1026 480 1113 ἄγευστοι
503 1028 558 1093 καὶ
573 1028 664 1111 ξηροὶ
678 1022 715 1091 τό
735 1024 857 1109 στόμα,
879 1020 1106 1108 ἐπικεχηνότες

108 1125 216 1212 μόνον
234 1133 280 1215 τῷ
296 1132 437 1215 χρυσίῳ,
453 1129 486 1192 οί
501 1124 537 1191 δὲ
552 1124 706 1206 καθάπερ
722 1121 874 1199 ὁΦινεὺς
890 1120 954 1189 ἄπδ
970 1129 1027 1207 τῆς
1038 1122 1106 1205 φά-

109 1249 232 1309 ρυγγος
254 1222 316 1310 τήν
336 1222 468 1311 τροφήν
485 1221 551 1291 ὑπό
574 1230 643 1289 τῶν
657 1220 827 1307 Ἁρπυιῶν
848 1219 1103 1307 άφαιρούμευοι.

109 1320 183 1390 ἄλλ’
211 1322 310 1391 ἄπιθι
332 1320 395 1409 ήδη
421 1326 681 1412 σωφρονεστέρῳ
702 1318 792 1407 παρὰ
814 1318 901 1387 πολὺ
916 1326 962 1408 τῷ
981 1324 1107 1403 Τίμωνι

108 1422 350 1507 ἐντευξόμενος.

191 1526 354 1588 ΠΛΟΤΤ.
396 1516 538 1598 Ἐκεῖνος
565 1519 630 1605 γάρ
657 1544 737 1585 ποτε
756 1516 918 1585 παύσεται
939 1513 1050 1597 ὥσπερ
1071 1515 1106 1581 ἐκ

108 1624 253 1703 κοφίνου
267 1619 534 1704 τετρυπημένου,
556 1621 635 1703 πρὶν
657 1616 742 1695 ὅλως
758 1622 932 1704 είσρυήναί
943 1641 1000 1700 με,
1022 1612 1104 1681 κατὰ

108 1712 261 1801 σπουδήν
283 1718 464 1803 ἐξαντλῶν,
488 1716 620 1802 φθάσαι
643 1716 848 1803 βουλόμενος
861 1712 923 1802 τήν
938 1712 1107 1800 ἐπιρροήν,

108 1815 153 1900 μή
175 1810 383 1895 ὑπέραντλος
398 1812 560 1881 είσπεσὺν
577 1816 744 1883 ἐπικλύσω
761 1813 884 1896 αύτόυς
904 1812 987 1882 ἄστε
1002 1817 1035 1892 ές
1048 1811 1108 1880 τόν

107 1922 177 1981 τῶν
191 1916 373 1980 Δαναΐδων
389 1919 493 1980 πίθον
506 1910 755 2000 ὑδροφορήσειν
768 1941 824 2002 μοι
835 1918 923 1982 δοκῶ
934 1915 989 1982 καὶ
1000 1914 1108 1998 μάτην

108 2011 344 2097 ἐπαντλήσειν,
367 2018 427 2078 τοῦ
443 2011 566 2090 κόπους
580 2010 623 2098 μή
640 2016 829 2098 στέγοντος,
847 2010 930 2080 ἄλλά
948 2013 1028 2096 πρὶν
1039 2016 1069 2078 εί
1088 2049 1107 2061 -

109 2117 249 2196 ρυήναι,
264 2106 383 2194 σχεδόν
398 2111 671 2198 ἐκχυθησομένου
684 2119 746 2179 τοὺ
761 2115 983 2197 ἐπιρρέοντος·
1001 2109 1108 2187 οὑτως

1127 1598 1177 1654 129

1 2297 2 2300 Ἴ
109 2207 292 2295 εὐρύτερον
310 2205 348 2275 τό
372 2204 455 2293 πρδς
473 2207 535 2296 τήν
555 2216 689 2296 ἔκχυσιν
705 2208 842 2297 κεχηνός
856 2219 917 2278 τοῦ
933 2218 1039 2278 πίθου
1053 2211 1108 2276 καὶ

107 2307 278 2386 ἄκοίλυτος
293 2306 314 2394 ἡ
330 2312 448 2388 ἔξοδος.

1 2477 2 2482 1
194 2415 240 2474 19.
271 2416 397 2476 ΖΕΥΣ.
430 2405 567 2475 Οὐκοῦν
592 2414 621 2476 εἰ
640 2407 684 2495 μή
699 2408 902 2494 ἐμφράξηται
917 2432 954 2473 το
969 2431 1108 2491 κεχηνος

1 2499 2 2560 3
106 2514 207 2575 τοῦτο
235 2513 291 2574 καλ
312 2521 345 2584 ἐς
366 2533 403 2574 το
427 2512 513 2587 απαξ
536 2505 830 2591 ἀναπεπταμένου,
853 2507 1053 2591 ἐκχυθέντος
1070 2506 1108 2571 ἐν

107 2614 228 2694 βραχεῖ
239 2625 302 2672 σου
317 2609 439 2695 ῥαδίως
453 2605 588 2692 εὑρήσει
604 2603 667 2692 τήν
682 2609 849 2691 διφθέραν
864 2597 965 2683 αὖθις
979 2601 1108 2689 καλιήν

106 2710 267 2772 δίκελλαν
289 2707 327 2772 έν
351 2712 391 2793 τῇ
415 2707 512 2790 τρυγὶ
533 2711 594 2772 τοῦ
615 2711 731 2772 πίθου.
758 2702 831 2772 ἄλλ’
856 2702 951 2771 ἄπιτε
973 2702 1037 2790 ήδη
1053 2705 1109 2771 καὶ

105 2808 299 2882 πλουτίζετε
320 2801 439 2870 αὑτόν·
468 2802 511 2872 σύ
536 2805 572 2871 δὲ
591 2805 755 2889 μέμνησο,
781 2795 936 2889 ἄἙρμή,
961 2800 1109 2870 ἐπανιών

105 2899 193 2988 πρὸς
214 2898 300 2988 ἡμᾶς
323 2901 418 2987 ἄγειν
439 2901 518 2983 τούς
537 2903 726 2980 Κύκλωπας
741 2905 777 2969 ἐκ
793 2909 850 2986 τῆς
866 2910 1003 2986 Αίτνης,
1019 2898 1109 2978 ὅπως

104 2996 168 3065 τόν
190 2996 359 3082 κεραυνόν
379 2999 602 3086 ἄκονήσαυτες
624 3001 904 3068 ἐπισκευάσωσιν·
928 2997 973 3078 ὑς
986 2998 1050 3085 ήδη
1070 3024 1109 3084 γε

104 3104 319 3183 τεθηγμένου
335 3095 441 3166 αὑτοῦ
457 3100 656 3186 δεησόμεθα.

193 3201 244 3264 20.
274 3204 378 3265 EPM.
410 3204 605 3285 Προΐωμεν,
627 3191 808 3266 ιὺΠλοῦτε.
838 3203 872 3264 τί
883 3203 1000 3278 τούτος
1021 3192 1107 3262 ὑπο-
1127 3195 1177 3249 130

1 3355 2 3368 ,
105 3295 257 3378 σκάζοιςς
280 3296 450 3383 ἐλελήθεις
467 3324 525 3385 με,
550 3291 577 3366 ἄ
601 3296 766 3383 γεννάδα,
789 3293 830 3363 ού
851 3293 978 3381 τυφλός
991 3293 1109 3381 μόνον,

104 3390 194 3462 ἄλλά
209 3398 263 3462 καὶ
277 3392 383 3480 χωλός
398 3394 454 3463 ἄν,
