2550 3825
429 198 742 256 ΕΡΜΟΤΙΜΟΣ.
1025 193 1088 256 353

89 357 144 436 τῆς
159 353 198 417 ἐπ
227 351 314 422 εύθύ
330 353 475 440 ἀγούσης
490 357 522 432 ἐς
533 362 601 423 τῶν
615 360 877 444 πεπλανημένων
891 364 971 442 μίαν
985 353 1089 442 ἀγνο-

88 455 203 526 οῦντες
217 451 431 537 ἐμπέσοιμεν,
455 452 637 531 ἐλπίζοντες
654 453 793 539 ἀμεινον
813 454 1011 540 αἱρήσεσθαι
1026 450 1088 539 τήν

87 545 191 631 τύχην
205 542 288 632 ὑπὲρ
303 545 417 633 ήμῶν,
433 547 573 626 εἰκάζειν
588 545 693 633 οἶμαι·
715 549 794 618 οῦδὲ
811 550 874 636 γάρ
886 549 1088 632 ἀναστρέψαι

87 648 133 710 ἔτι
154 646 208 712 καὶ
228 642 445 731 ἀνασωθῆναι
468 639 573 710 ὀπίσω
593 646 727 734 ῥᾴδιον,
752 644 796 734 ήν
815 647 900 728 ἅπαξ
927 650 1029 739 ἐπιδῷ
1050 655 1089 735 τῇ

87 742 235 830 πνεούσῃ
249 770 297 822 τις
310 739 413 809 αὑτόν
430 739 470 808 τά
485 739 626 826 ἀπόγεια
641 745 844 830 λυσάμενος,
870 744 943 815 ἀλλ’
960 743 1089 830 ἀνάγκη

87 843 124 908 ἐν
144 845 190 928 τῷ
205 841 341 926 πελάγει
363 841 583 925 διαφέρεσθαι
600 849 787 910 ναυτιῶντα
810 840 852 922 ὡς
868 841 905 910 τό
927 840 1014 913 πολύ
1036 846 1090 909 καὶ

88 936 219 1004 δεδιότα
234 940 288 1005 καὶ
302 945 558 1024 καρηβαροῦντα
573 935 639 1004 ύπό
661 948 723 1006 τοῦ
739 942 860 1026 σάλου,
885 942 963 1007 δέον
980 943 1012 1020 ἐξ
1028 937 1090 1025 ἀρ-

86 1045 160 1124 χῆς,
175 1037 254 1121 πρὶν
269 1037 463 1118 ἐκπλεῦσαι,
482 1032 654 1121 ἀναβάντα
667 1039 719 1104 ἐπὶ
736 1036 864 1124 σκοπήν
877 1063 951 1104 τινα
966 1041 1090 1117 σκέψα-
1119 1043 1121 1047 ’

87 1145 169 1202 σθαι
186 1139 216 1201 εί
229 1132 391 1219 ἐπίφορόν
406 1136 473 1200 ἐστι
493 1135 545 1200 καὶ
562 1131 680 1218 οὔριον
690 1132 727 1202 τὸ
742 1143 873 1221 πνεῦμα
884 1151 952 1213 τοῖς
962 1135 1090 1221 Κόριν·

86 1233 192 1299 θόνδε
207 1235 404 1299 διαπλεῦσαι
419 1233 591 1315 ἐθέλουσι,
607 1235 662 1298 καὶ
676 1230 717 1318 νή
730 1241 796 1303 Δία
808 1235 1018 1322 κυβερνήτην
1028 1235 1087 1300 ἕνα
1106 1245 1158 1301 770

85 1326 146 1396 τόν
162 1325 299 1414 ἀριστον
313 1331 509 1408 ἐκλέξασθαι
526 1331 580 1396 καὶ
595 1337 684 1396 ναῦν
699 1328 826 1418 εύπαγή
835 1383 844 1416 ,
865 1335 941 1400 οἵαν
957 1333 1090 1415 διαρκέ-

87 1447 143 1494 σαι
159 1423 243 1511 πρός
257 1433 453 1511 τηλικοῦτον
467 1425 631 1492 κλύδωνα.

170 1529 220 1591 29.
237 1530 340 1590 EPM.
366 1520 464 1590 Ούτω
477 1549 514 1608 γε
527 1521 682 1610 ἄμεινον,
699 1517 725 1591 ύ
734 1531 876 1610 Λυκῖνε,
891 1551 980 1611 παρα
990 1523 1086 1592 πολύ.

89 1619 175 1706 πλὴν
189 1619 262 1688 οἶδά
278 1649 315 1707 γε
331 1619 382 1688 ὅτι
396 1618 544 1699 ἅπαντας
563 1624 599 1688 ἐν
616 1622 729 1710 κύκλῳ
746 1622 934 1709 περιελθών
952 1621 1014 1691 οὐκ
1028 1622 1088 1691 ἀλ-

88 1727 168 1796 λους
178 1715 220 1786 ἀν
232 1717 342 1803 εύροις
358 1718 435 1786 ούτε
445 1717 612 1806 ἡγεμόνας
626 1716 782 1804 ἀμείνους
796 1717 872 1786 ούτε
883 1722 1089 1808 κυβερνήτας

88 1819 338 1902 ἐμπειροτέρους
353 1823 422 1884 τῶν
432 1823 609 1902 Στωϊκῶν,
626 1820 681 1884 καὶ
695 1815 739 1903 ἦν
749 1819 909 1907 ἐθελήσης
920 1846 959 1905 γε
969 1817 1089 1904 ἀφικέ-

87 1922 168 1981 σθαι
180 1915 258 1981 ποτὲ
273 1920 319 1991 είς
330 1910 393 1999 τήν
405 1915 596 1999 Κόρινθον,
614 1916 752 1991 ἐκείνοις
767 1916 830 2003 ἔψη
845 1914 927 1983 κατά
944 1912 984 1983 τά
994 1924 1087 2000 Χρυ-

88 2020 212 2080 σίππου
228 2012 282 2078 καί
292 2011 448 2097 Ζήνωνος
460 2021 533 2097 ίχυη
549 2012 694 2097 προίοόν·
717 2010 823 2089 άλλως
839 2015 874 2079 δέ
889 2011 1065 2079 ἀδύνατον.

171 2114 270 2197 ΛΤΚ.
288 2107 402 2195 Ὁρᾷς,
423 2115 521 2175 τοῦτο
537 2105 580 2187 ὥς
594 2109 728 2191 κοινόν,
753 2103 981 2195 ὦἘρμότιμε,
999 2103 1090 2196 είρη·

88 2234 163 2288 κας;
181 2216 266 2275 εἴποι
278 2204 341 2291 γάρ
357 2201 401 2272 ἀν
412 2203 491 2273 αύτὸ
509 2209 562 2273 καὶ
579 2203 595 2273 ὁ
613 2215 659 2295 τῷ
670 2207 825 2273 Πλάτωνι
840 2213 1090 2291 ξυνοδοιπορῶν

88 2306 142 2373 καὶ
158 2303 175 2372 ὁ
191 2303 372 2393 Ἐπικούρῳ
390 2304 550 2389 ἑπόμενος
566 2306 620 2371 καλ
636 2308 671 2370 οί
681 2302 792 2389 ἄλλοι,
808 2303 851 2389 μή
867 2300 911 2370 ἀν
926 2308 1039 2372 ἐλθεῖν
1048 2330 1090 2389 με

88 2409 134 2480 είς
147 2399 209 2487 τήν
224 2400 460 2486 Κόρινθον,·εί
477 2398 520 2485 μή
537 2398 617 2486 μεθ’
634 2403 772 2485 ἐαυτοῦ,
790 2403 934 2478 ἕκαστος.
970 2398 1090 2487 ὥστεή

88 2506 168 2567 πᾶσι
178 2499 346 2566 πιστεύειν
355 2498 427 2583 χρή,
438 2496 519 2582 ὅπερ
528 2498 750 2584 γελοιότατον,
761 2493 783 2584 ή
792 2495 941 2565 ἀπιστεῖν
952 2495 1072 2584 ὁμοίως

87 2604 202 2687 μακρῷ
217 2594 281 2681 γάρ
295 2592 545 2680 ἀσφαλέστατον
553 2594 590 2663 τό
606 2604 775 2680 τοιοῦτον,
792 2595 866 2682 ἀχρι
877 2592 921 2663 ἀν
938 2595 1089 2683 εύρωμευ

87 2692 226 2781 τάληθῆ.
250 2700 300 2762 30.
317 2696 386 2761 ἐπεὶ
400 2696 496 2780 φέρε,
515 2700 544 2761 εί
558 2694 712 2776 καθάπερ
724 2701 789 2759 νῦν
800 2699 878 2779 ἔχω,
898 2691 1030 2781 ἀγνοῶν
1042 2701 1089 2763 ἔτι

88 2792 178 2870 ὅστις
188 2795 220 2871 ἐξ
232 2788 390 2859 ἁπάντων
404 2790 520 2860 ἐστλνὸ
533 2790 729 2878 ἀληθεύων,
745 2793 880 2878 ἑλοίμην
893 2790 933 2859 τά
949 2791 1089 2879 ὑμέτερα

88 2894 140 2959 σοὶ
153 2890 348 2973 πιστεύσας,
364 2887 461 2976 ἀνδρὶ
477 2898 578 2982 φίλω,
595 2888 677 2975 ἀτάρ
692 2890 779 2976 μόνα
793 2916 832 2975 γε
847 2888 886 2957 τά
901 2899 969 2959 των
978 2901 1089 2960 Στωι-

88 2996 158 3057 κῦν
173 2987 273 3056 εἰδότι
290 2990 344 3053 καὶ
358 2994 438 3071 μίαν
451 2984 534 3055 ὁδόν
551 2984 807 3073 ὁδοιπορήσαντι
820 2987 961 3074 ταύτην,
978 2995 1088 3056 ἔπειτα

88 3093 181 3155 θεοῖν
197 3111 245 3163 τις
261 3082 445 3171 ἀναβιῶναι
462 3085 609 3170 ποιήσειε
622 3084 787 3153 Πλάτωνα
807 3087 864 3152 καὶ
879 3086 1089 3170 Πυθαγόραν

89 3186 144 3251 καὶ
155 3181 379 3270 Ἀριστοτέλην
389 3182 533 3262 καὶτοὺς
547 3180 678 3268 ἀλλους,
695 3187 729 3249 οί
737 3185 773 3249 δέ
784 3183 995 3266 περιστάντες
1006 3187 1089 3268 ἐρω-

90 3283 173 3371 τῷέν
187 3306 227 3367 με
246 3276 267 3367 ή
283 3282 337 3348 καὶ
351 3277 392 3367 νή
409 3278 465 3349 Δί’
485 3284 518 3358 ἐς
533 3280 745 3365 δικαστήριον
766 3277 946 3365 ἀγαγόντες
960 3278 1087 3367 ὕβρεως

89 3378 225 3457 ἕκαστος
237 3378 421 3459 δικάζοιντο
432 3382 599 3464 λέγοντες,
612 3370 651 3445 Ὦ
665 3380 812 3465 βέλτιστε
824 3384 966 3527 Λυκῑζέ,
982 3384 1015 3443 τί
1023 3400 1070 3443 πα

172 3489 275 3527 Lucum.
298 3474 317 3527 1.
