2550 3825
467 218 779 277 ΕΡΜΟΤΙΜΟΣ.
1060 217 1122 280 363

122 395 203 465 τοῖς,
216 377 253 447 τό
266 377 447 447 ἀντίπαλον
457 384 502 468 τῷ
514 374 702 462 εὑρεθέντι,
716 380 770 444 καὶ
782 379 834 447 ἐπὶ
844 381 981 446 πάντων
991 377 1121 465 ὁμοίως,

124 479 198 564 άχρι
215 473 259 545 άν
273 477 398 554 ἐκεῖνός
409 496 462 543 σοι
475 475 676 562 περιλειφθῇ
691 471 758 541 ὁτό
773 476 879 561 μόνον
892 477 1028 562 γράμμα
1039 482 1123 562 ἔχων

123 575 159 644 τὰ
177 573 475 660 άνανταγῶνιστον.
705 622 707 627 .

206 677 257 741 42.
271 679 374 741 EPM.
390 678 432 738 Τί
440 667 472 737 δ’
483 676 513 739 εἰ
523 672 636 759 ἐκείνῳ
649 669 770 760 προέτω
779 665 802 755 ή
812 672 955 758 δευτέρῳ
964 669 1121 754 ἐντύχοις.

122 779 155 840 τί
167 771 332 857 ποιήσεις;

206 874 306 936 AYK.
332 865 383 934 οὐ
401 867 462 953 μιν
479 857 559 950 οὖν,
581 863 665 934 ἀλλὰ
680 861 722 932 σὺ
737 862 756 932 ὁ
772 861 1002 952 Ἑλλανοδίκης
1017 865 1124 937 ἐθέλω

124 968 246 1034 εἰδέναι
261 962 281 1032 ὅ
294 991 325 1031 τι
340 967 395 1032 καὶ
410 963 558 1048 πράξεις,
576 962 719 1046 πότερον
733 959 850 1056 αὐτίκα
861 967 945 1047 έρεδς
959 962 1010 1031 ὅτι
1025 954 1124 1040 οὗτός

123 1065 213 1130 ἐστιν
228 1059 245 1128 ὁ
264 1065 418 1147 ἔφεδρος,
433 1055 455 1147 ή
470 1060 579 1146 δεήσει
595 1061 648 1128 ἐπὶ
661 1060 786 1138 πάντας
800 1063 836 1127 ἐν
853 1061 964 1152 κύκλῳ
981 1060 1123 1128 ἐλθόντα

123 1165 207 1228 ἰδεῖν
231 1169 265 1228 εδ
280 1184 348 1226 που
367 1158 457 1248 αὐτῷ
476 1159 611 1245 γράμμα
637 1156 756 1243 ὅμοιόν
776 1160 882 1239 ἐστιν;
912 1157 955 1238 ῶς
975 1169 1009 1229 εδ
1021 1184 1059 1245 γε
1079 1157 1124 1244 μή
1155 1154 1157 1157 ’

123 1254 202 1335 τούς
214 1257 351 1323 πάντων
361 1257 506 1343 κλήρους
521 1263 621 1341 ἴδοις,
638 1253 701 1323 οὐκ
711 1252 755 1322 ἄν
767 1257 890 1342 μάθοις
900 1256 960 1325 τὸν
971 1262 1123 1343 ἔφεδρον.

205 1361 309 1422 ΕΡΜ.
333 1357 399 1422 Καὶ
414 1355 495 1442 μήν,
511 1349 691 1439 ῶΛυκλνε,
707 1357 828 1442 ῥᾳδίως
838 1351 883 1422 άυ
893 1354 1051 1441 μάθοιμι·
1072 1356 1124 1421 ἐπὶ

123 1458 207 1537 γοῦν
222 1457 289 1517 τῶν
303 1453 399 1518 ἐννέα
414 1447 458 1537 ήν
472 1450 508 1518 τὰ
522 1459 553 1520 Ε
566 1450 655 1537 εὕρω
669 1460 803 1537 πρῶτον
815 1449 838 1540 ἦ
852 1453 1028 1538 δεύτερον,
1048 1450 1123 1519 οἶδα
1142 1465 1189 1521 785

7 1597 11 1606 .
124 1547 176 1615 ὅτι
192 1553 331 1635 ἔφεδρος
347 1546 364 1616 ὁ
378 1555 475 1618 τοῦτο
492 1555 576 1635 έχων
593 1552 669 1617 ἐστί.

210 1652 307 1713 ΛΥΚ.
329 1653 422 1732 Πῶς,
438 1639 663 1733 ῶἘρμότιμες

197 1751 311 1820 ,ΕΡΜ
346 1742 475 1823 Οὕτως·
506 1743 543 1812 τό
565 1753 597 1812 Α
617 1745 680 1812 δύο
701 1744 813 1813 αὐτῶν
835 1751 946 1832 έχουσι
966 1746 1020 1811 καὶ
1037 1742 1075 1810 τό
1095 1751 1123 1810 Β

123 1838 243 1927 ὁμοίως
260 1841 340 1928 δύο,
358 1849 426 1909 τῶν
436 1850 563 1911 λοιπῶν
575 1843 610 1910 δὲ
621 1843 786 1928 τεττάρων
796 1843 905 1910 ὄντων
919 1847 953 1910 οἱ
962 1842 1023 1928 μὲν
1034 1836 1069 1907 τὰ
1084 1846 1122 1924 Γ,

124 1946 158 2007 οἱ
170 1940 206 2007 δὲ
219 1936 256 2005 τὸ
268 1949 301 2005 Δ
311 1942 443 2019 πάντως
457 1938 663 2009 ἀνεσπάκασι
678 1946 732 2010 καὶ
747 1941 914 2030 άνήλωται
924 1941 987 2029 ήδη
999 1943 1032 2019 ἐς
1044 1937 1124 2017 τούς

124 2033 272 2121 ἀθλητάς
289 2034 374 2103 ὀκτῶ
396 2036 494 2116 ὄντας
514 2035 706 2121 τὰτέτταρα
724 2042 908 2127 γράμματα.
941 2044 1043 2125 δῆλον
1060 2030 1123 2105 οὖν

124 2132 174 2199 ὅτι
197 2132 303 2217 μόνον
323 2128 366 2200 ῶν
384 2133 472 2201 οὕτω
491 2131 645 2218 περιττὸν
661 2144 710 2219 εἴη
727 2135 763 2203 τό
782 2139 853 2223 ἑξῆς
874 2138 1010 2224 γράμμα
1030 2134 1067 2203 τὸ
1083 2143 1121 2219 Ε,

124 2232 178 2299 καλ
194 2227 212 2296 ὁ
227 2237 325 2297 τοῦτο
344 2230 538 2310 άνεσπακῶς
552 2232 692 2317 ἔφεδρός
707 2235 783 2299 ἐστι.
1183 2313 1186 2319 ¹

208 2336 306 2397 AYK.
328 2330 487 2414 Πότερον,
500 2323 721 2416 ῶἙρμότιμε,
735 2331 897 2398 ἐπαινέσω
908 2350 945 2396 σε
956 2336 1012 2416 τῆς
1022 2334 1122 2398 συνέ-

125 2450 222 2511 σεως,
234 2422 255 2513 ή
266 2428 377 2505 θέλεις
388 2424 531 2494 άντείπω
542 2428 582 2494 τά
592 2424 626 2513 γ’
640 2430 711 2513 ἐμοὶ
722 2432 904 2513 δοκοῦντα,
921 2425 1020 2495 ὁποῖα
1031 2424 1074 2495 άν
1083 2422 1121 2517 ᾖς

206 2529 310 2591 ΕΡΜ.
335 2523 390 2611 Νή
411 2532 492 2593 Δία·
524 2530 673 2611 διαπορῶ
689 2530 802 2613 μέντοι
824 2525 845 2593 ὅ
866 2554 896 2595 τι
917 2522 960 2594 ῶν
982 2524 1123 2611 εὔλογον

123 2621 290 2691 άντειπελν
307 2629 392 2709 ἔχοις
404 2622 487 2709 πρὸς
503 2622 540 2691 τὸ
556 2632 718 2693 τοιοῦτον.

206 2726 257 2790 43.
274 2728 373 2790 AYK.
395 2719 449 2790 Σῶ
463 2719 602 2809 μὲνγὰρ
615 2721 743 2811 ῶςέξῆς
756 2747 887 2803 παντως
901 2726 1124 2811 γραφομένων

124 2828 191 2889 τῶν
206 2823 410 2907 γραμμάτων
425 2830 573 2907 εἴρηκας,
592 2816 666 2890 οἷον
678 2823 814 2907 πρῶτον
829 2829 889 2889 τοῦ
903 2833 949 2907 Α,
966 2823 1124 2904 δευτέρον

123 2922 159 2987 δὲ
175 2926 235 2987 τοῦ
252 2928 279 2987 Β
292 2921 346 2988 καὶ
361 2917 442 2987 κατὰ
454 2918 516 3005 τήν
529 2922 637 3005 τάξιν,
653 2918 727 3007 άχρι
738 2917 782 2988 άν
793 2922 827 3000 ἐς
837 2924 876 2989 ἓν
886 2916 997 2987 αὐτῶν
1008 2928 1124 2987 τελευ-

121 3020 205 3108 τήσῃ
217 3017 234 3085 ὅ
247 3015 391 3105 άριθμὸς
404 3025 472 3085 τῶν
483 3015 658 3104 ἀθλητῶν·
682 3020 736 3086 καὶ
748 3022 868 3103 δίδωμί
879 3038 931 3085 σοι
944 3015 1123 3103 Ὀλυμπία·
1182 3072 1185 3077 .

122 3140 177 3186 σιν
194 3118 282 3186 οὕτω
296 3124 481 3203 γίγνεσθαι,
512 3124 546 3186 τί
560 3120 612 3202 δέ,
635 3121 665 3183 ελ
684 3114 848 3194 ἐξελόντες
863 3110 1010 3193 άτάκτως
1025 3118 1122 3181 πέντε

122 3217 297 3302 γράμματα
319 3218 352 3295 ἐξ
367 3213 539 3299 ἁπάντων,
562 3212 599 3281 τὸ
614 3222 649 3283 Χ
664 3216 720 3281 καλ
738 3211 775 3280 τὸ
791 3221 825 3280 Σ
841 3215 895 3280 καὶ
914 3211 951 3279 τὸ
967 3221 995 3281 Ζ
1011 3214 1066 3280 καὶ
1084 3238 1121 3281 το

123 3322 156 3383 K
167 3317 222 3383 καλ
238 3312 275 3383 τὸ
292 3322 336 3399 Θ,
352 3311 392 3381 τὰ
407 3316 469 3399 μὲν
484 3312 567 3382 ἄλλα
580 3315 717 3396 τέτταρα
731 3315 830 3378 διπλᾶ
842 3312 895 3379 ἐπὶ
908 3318 976 3379 τῶν
989 3310 1123 3399 κλήρων

122 3419 189 3480 τῶν
203 3408 288 3481 ὀκτῶ
304 3412 507 3498 γράφοιμεν,
529 3410 566 3479 τό
585 3413 621 3479 δὲ
638 3420 665 3477 Ζ
680 3409 787 3495 μόνον
802 3410 852 3476 ἐπὶ
869 3416 930 3476 τοῦ
946 3411 1082 3496 ἐνάτου,
1103 3407 1122 3477 ὃ
