2550 3825
178 191 200 251 6
519 190 820 248 ΛΟΤΚΙΑΝΟΤ

180 348 316 429 ἀκούεις
332 348 376 427 ῶς
389 345 478 437 παρά
497 348 633 415 πάντων
649 344 772 437 ᾅδεται.
824 354 873 415 13.
895 345 990 432 ἀφεὶς
1005 346 1042 413 δέ
1058 341 1163 423 αύτούς

181 447 398 535 τηλικούτους
414 449 469 514 καλ
482 447 657 523 τοιούτους
671 444 796 534 ἀνδρας
808 450 863 514 καὶ
877 446 1013 531 πράξεις
1027 439 1165 531 λαμπρός

182 549 238 616 καὶ
253 547 375 632 λόγους
388 543 532 631 σεμνούς
550 547 605 612 καὶ
624 551 730 631 σχῆμα
753 543 914 633 εὐπρεπές
933 546 987 611 καὶ
1008 539 1103 628 τιμήν
1119 540 1167 607 καλ

182 647 284 726 δόξαν
294 648 349 714 καλ
365 650 502 713 ἔπαινον
513 647 566 712 καὶ
581 649 758 727 προεδρίας
772 647 827 712 καὶ
838 644 995 729 δυνάμεις
1008 644 1063 709 καὶ
1077 638 1167 727 ἀρχὰς

182 748 237 813 καλ
249 742 285 812 τό
302 746 354 811 ἐπὶ
368 744 481 828 λόγοις
494 739 682 829 εὐδοκιμεῖν
697 746 751 809 καὶ
761 740 799 809 τό
812 744 864 809 ἐπὶ
878 745 1010 808 συνέσει
1025 735 1169 823 εύδαιμο-

183 849 332 925 νίζεσθαι
348 841 505 928 χιτῶνιόν
525 868 557 907 τι
572 838 717 924 πιναρὸν
731 841 855 928 ἐνδύσῃ
869 843 925 908 καὶ
939 847 1046 925 σχῆμα
1060 841 1160 905 δουλο

185 939 309 1026 πρεπές
325 938 480 1027 ἀναλήφη
494 942 549 1006 καλ
563 945 679 1024 μοχλία
694 943 748 1006 καλ
766 947 907 1023 γλυφεῖα
921 939 976 1006 καλ
990 939 1107 1015 κοπέας
1121 939 1169 1003 καὶ
1254 1005 1255 1014 ,

185 1044 394 1123 κολαπτῆρας
413 1040 450 1104 έν
470 1052 543 1105 ταῖν
556 1051 668 1123 χεροῖν
684 1038 765 1115 ἕξεις
787 1036 877 1103 κάτω
890 1034 1057 1113 νενευκῶς
1077 1040 1119 1113 είς
1137 1031 1170 1101 τό
1254 1065 1255 1100 ι

186 1146 296 1223 ἔργον,
310 1132 510 1222 χαμαιπετὴς
520 1137 575 1202 καὶ
587 1140 782 1220 χαμαίζηλος
792 1136 846 1202 καὶ
863 1135 971 1202 πάντα
984 1135 1108 1218 τρόπον
1119 1161 1174 1201 τα-
1249 1153 1255 1161 ’

186 1236 311 1317 πεινός,
337 1231 540 1301 ἀνακύπτων
565 1234 602 1300 δὲ
625 1229 783 1300 ούδέποτε
809 1229 888 1300 οὐδὲ
913 1230 1080 1315 ἀνδρῶδες
1102 1230 1175 1300 οὐδὲ

186 1335 369 1417 ἐλεύθερον
383 1329 482 1401 οὐδὲν
496 1335 651 1416 ἐπινοῶν,
666 1328 748 1398 ἀλλά
761 1328 800 1397 τὰ
812 1332 874 1416 μὲν
885 1336 965 1417 ἔργα
981 1330 1070 1409 ὅπως
1080 1330 1177 1414 εύρυ»

185 1445 257 1521 θμα
272 1436 326 1501 καὶ
344 1429 531 1519 εὐσχήμονα
548 1436 639 1499 ἐσται
665 1449 718 1497 σοι
737 1437 903 1516 προνοῶν,
929 1430 1018 1508 ὅπως
1035 1430 1070 1497 δέ
1084 1426 1178 1505 αύτός

130 1554 164 1610 19
187 1533 360 1620 εὔρυθμος
380 1533 434 1599 καὶ
456 1530 593 1614 κόσμιος
612 1534 687 1616 ἐση,
708 1526 825 1613 ήκιστα
839 1526 1085 1614 πεφροντικώς,
1106 1522 1176 1593 ἀλλ’

186 1630 383 1716 ἀτιμότερον
396 1634 503 1696 ποιῶν
518 1623 662 1694 σεαυτόν
677 1632 793 1694 λίθων.
829 1631 876 1693 14.
889 1633 993 1693 ταῦτα
1007 1632 1054 1694 ἔτι
1064 1625 1181 1709 λεγού

186 1751 247 1814 σης
264 1726 365 1812 αύτής
380 1724 421 1793 ού
440 1732 630 1813 περιμείνας
647 1722 711 1810 ε’γῶ
733 1724 770 1793 τό
790 1730 883 1805 τέλος
896 1734 964 1793 τῶν
976 1726 1087 1811 λόγων
1100 1721 1178 1790 ἀνα-

186 1827 265 1905 στάς
280 1823 515 1910 ἀπεφηνάμην,
531 1825 585 1888 καὶ
596 1820 658 1907 τήν
669 1822 824 1911 δίμορφον
841 1828 970 1911 ε’κείνην
986 1828 1040 1891 καλ
1055 1828 1182 1908 ἐργατι-

184 1923 249 2012 κήν
265 1920 444 1992 ἀπολιπῶυ
459 1923 655 2009 μετέβαινον
670 1925 752 2008 πρός
764 1924 826 2013 τήν
841 1930 1004 1993 Παιδείαν
1023 1925 1111 2010 μύλα
1127 1949 1181 2008 γε·

186 2021 315 2111 γηθῶς,
331 2024 386 2088 καὶ
400 2021 541 2106 μάλιστα
556 2023 629 2088 ἐπεί
643 2048 699 2108 μοι
716 2029 761 2102 είς
774 2032 859 2091 νοῦν
874 2017 980 2110 ἦλθεν
999 2021 1020 2109 ἡ
1037 2023 1184 2107 σκυτάλη

185 2125 240 2191 καὶ
256 2120 307 2188 ὅτι
321 2117 448 2205 πληγὰς
466 2117 528 2187 ούκ
542 2118 655 2206 ὀλίγας
669 2116 775 2200 εὐθύς
785 2120 956 2215 ἀρχομένῳ
967 2149 1024 2209 μοι
1035 2123 1114 2209 χθὲς
1129 2124 1186 2188 ἐν·

185 2227 348 2306 ετρίψατο.
372 2215 392 2304 ἡ
409 2219 446 2285 δὲ
460 2214 703 2304 ἀπολειφθεῖσα
722 2218 759 2285 τό
776 2220 837 2305 μὲν
851 2229 984 2307 πρῶτον
1004 2218 1188 2306 ἠγανάκτει

185 2323 240 2389 καὶ
256 2316 301 2387 τῶ
315 2333 402 2404 χεῖρε
418 2319 609 2404 συνεκρότει
625 2316 768 2397 καὶτοὺς
783 2315 921 2398 ὀδόντας
935 2322 1110 2403 συνέπριε·
1132 2321 1190 2386 τέ-

186 2428 244 2497 λος
261 2419 307 2503 δέ,
327 2414 437 2500 ῶσπερ
452 2413 514 2502 τήν
529 2418 664 2504 Νιόβην
686 2415 864 2503 ἀκούομεν,
887 2418 1041 2505 ἐπεπήγει
1064 2421 1122 2485 καὶ
1143 2423 1195 2495 εἰς

186 2525 287 2586 λίθον
304 2517 529 2600 μετεβέβλητο.
553 2520 582 2582 εἰ
603 2517 639 2582 δὲ
659 2515 829 2600 παράδοξα
845 2521 960 2602 ἔπαθε,
984 2514 1029 2602 μή
1046 2513 1189 2601 ἀπιστή-

188 2636 281 2700 σητε·
308 2615 552 2698 θαυματοποιοὶ
580 2611 646 2699 γὰρ
673 2619 706 2681 οί
723 2611 857 2698 ὄνειροι.
906 2619 955 2682 15.
983 2612 1004 2700 ἡ
1028 2615 1125 2697 ἑτέρα
1155 2613 1198 2680 δὲ

187 2712 272 2796 πρός
291 2737 332 2797 με
349 2709 524 2795 ἀπιδοῦσα,
541 2718 729 2798 Τοιγαροῦν
741 2709 924 2797 ἀμείψομαί
934 2732 982 2798 σε,
997 2717 1072 2799 ἐφη,
1086 2715 1199 2798 τῆσδε

186 2817 244 2895 τῆς
256 2809 480 2894 δικαιοσύνης,
496 2807 546 2876 ὅτι
558 2817 667 2887 καλῶς
680 2806 742 2894 τήν
755 2813 852 2894 δίκην
864 2812 1026 2895 ἐδίκασας,
1039 2813 1094 2878 καὶ
1107 2810 1200 2877 ἐλθὲ

132 2924 168 2979 λθ
188 2907 262 2995 ήδη,
277 2912 412 2994 ἐπίβηθι
428 2909 549 2976 τούτου
564 2917 627 2977 τοῦ
643 2906 815 2994 ὀχήματος,
833 2949 871 2958 -
888 2908 1020 2988 δειῖασά
1033 2935 1064 2975 τι
1079 2906 1204 2994 ὄχημα

185 3006 384 3093 ὑποπτέρων
398 3007 511 3073 ἵππων
526 3014 628 3074 τινῶν
643 3014 690 3095 τῷ
705 3006 852 3097 Πηγάσφ
867 3007 1024 3074 ἐοικότων
1039 3045 1080 3056 -
1097 3006 1206 3085 ὅπως

187 3109 292 3192 είδῇς,
314 3098 367 3172 οἷα
390 3107 444 3171 καλ
464 3099 560 3189 ήλίκα
580 3103 624 3190 μή
652 3102 886 3191 ἀκολουθήσας
916 3108 987 3190 ἐμοὶ
1006 3103 1208 3192 ἀγνοήσειν

186 3207 327 3288 ἔμελλες.
350 3204 419 3270 ἐπεὶ
436 3203 472 3270 δὲ
489 3200 651 3288 ἀνῆλθον,
672 3201 692 3290 ἡ
716 3203 778 3290 μέν
793 3202 918 3289 ήλαυνε
930 3205 985 3271 καλ
999 3204 1210 3289 ὑφηνιόχει,

187 3299 303 3385 ἀρθεὶς
320 3302 357 3368 δέ
371 3306 416 3378 είς
433 3299 519 3382 ὕψος
535 3299 598 3386 ἐγῶ
614 3302 823 3369 ἐπεσκόπουν
832 3300 897 3370 ἀπὸ
915 3309 971 3388 τῆς
983 3304 1027 3368 ἕω
1042 3300 1214 3388 ἀρξόμε-

187 3425 246 3480 νος
261 3397 337 3487 ἀχρι
354 3399 438 3487 πρὸς
451 3398 491 3468 τὰ
510 3403 645 3486 ἑσπέρια
659 3401 773 3480 πόλεις
794 3404 849 3469 καὶ
867 3407 953 3488 ἔθνη
974 3403 1027 3471 καὶ
1049 3400 1217 3486 δήμους,
