2550 3825
166 123 228 221 σεε
519 157 824 218 ΛονΚιΛΝον
908 186 910 189 ψ

167 346 230 387 ναι.
254 317 293 386 τά
310 321 371 405 μὲν
393 316 457 405 γὰρ
479 319 511 396 ἐς
527 313 632 404 ὀργὴν
652 318 706 382 καὶ
723 312 838 400 θυμὸν
858 317 913 382 καὶ
933 312 1169 401 ἀναισχυντίαν

95 424 151 479 826
170 416 225 483 καὶ
244 417 276 493 ἐς
295 417 421 502 τόλμαν
442 419 496 484 καὶ
519 419 641 497 ψεῦδος
662 419 776 503 μακρῷ
792 439 858 480 τινι
872 411 1011 500 ἄμεινον
1030 411 1094 504 εἶχε
1109 415 1174 479 πέ-.

59 585 62 590 ,
169 510 298 602 ρυσινῆ
315 521 395 582 νῦν·
418 520 524 583 καίτοι
537 512 725 599 ἐβουλόμην
740 507 784 579 ἀν
799 509 903 579 αύτόν
914 515 947 590 ές
961 518 1062 579 ταῦτα
1080 510 1171 596 ἀφε-

169 621 291 701 λῆσθαι
302 609 368 680 ὑπὸ
381 620 443 680 σοῦ
455 620 581 698 μᾶλλον
592 610 677 698 ἥπερ
691 615 800 680 ἐκεῖνα
812 614 949 693 είδέναι,
964 607 1077 678 ἀκαθ’
1092 609 1170 676 ἑκά-

170 733 251 798 στην
266 709 393 797 ἡμέραν
409 708 491 794 πρὸς
507 709 592 796 ἡμᾶς
608 707 707 778 οὐδὲν
722 713 899 795 δεομένους
913 710 966 776 ἐπὶ
981 707 1017 775 τὸ
1034 713 1170 774 δεῖπνον

171 810 382 893 διεξέρχεται,
409 805 452 886 ῷς
471 809 681 896 κροκόδειλος
695 806 824 894 ἥρπασε
844 811 993 890 παιδίον,
1018 807 1074 873 καὶ
1088 801 1171 872 ὑπέ-

172 929 284 993 σχηται
304 902 491 974 ἀποδώσειν
511 902 611 991 αύτό,
638 900 682 972 ἀν
701 905 918 991 ἀποκρίνηται
937 900 955 970 δ
978 900 1085 989 πατὴρ
1108 900 1171 969 οὐκ

172 1001 235 1071 οἷδ’
254 1001 273 1070 ὅ
286 1029 333 1087 τι,
356 998 378 1088 ἢ
395 1000 437 1080 ὡς
451 1001 633 1090 ἀναγκαῖόν
648 1005 736 1070 ἐστιν
752 999 874 1090 ἡμέρας
889 998 990 1086 ούσης
1006 999 1050 1086 μη
1066 999 1171 1066 νύκτα

172 1099 270 1170 εἶναι·
295 1102 400 1168 ἐνίοτε
414 1100 450 1168 δὲ
466 1104 520 1168 καὶ
535 1104 654 1188 κέρατα
668 1100 747 1186 ἡμῖν
758 1098 775 1167 ὁ
786 1112 939 1186 γενναῖος
950 1096 1096 1184 ἀναφύει
1110 1094 1172 1163 ούκ
1241 1114 1243 1207 j

173 1195 236 1266 οἶδ’
255 1197 344 1276 ὅπως
365 1205 571 1283 περιπλέκων
585 1195 646 1265 τὸν
661 1198 771 1284 λόγον.
793 1195 885 1284 ἡμεῖς
904 1196 939 1263 δὲ
954 1202 1103 1282 γελῶμεν
1120 1195 1172 1261 ἐπὶ
1241 1216 1242 1221 ’

172 1297 317 1380 τούτοις,
339 1296 394 1363 καὶ
408 1296 547 1380 μάλιστα
561 1295 643 1364 ὅταν
658 1297 898 1384 ἐπιβυσάμενος
911 1293 951 1362 τά
973 1287 1041 1361 ῷτα
1055 1301 1173 1380 μελετᾷ

173 1391 255 1479 πρὸς
277 1389 381 1460 αὑτὸν
396 1394 475 1474 ἕξεις
495 1393 587 1473 τινάς
608 1397 662 1463 καὶ
682 1397 806 1480 σχέσεις
824 1396 880 1462 καὶ
903 1393 1099 1480 καταλήψεις
1119 1392 1173 1458 καὶ

174 1497 355 1577 φαντασίας
364 1495 418 1560 καὶ
430 1501 564 1561 τοιαῦτα
576 1491 681 1562 πολλὰ
694 1493 840 1578 ὀνόματα
851 1493 990 1573 διεξιών.
1005 1491 1172 1576 ἀκούομεν
1238 1535 1243 1875 4

1241 436 1243 477 λ

1241 526 1242 555 ι

1219 557 1222 562 ’
1241 558 1242 603 λ

1241 622 1242 653 ι

174 1590 210 1658 δὲ
225 1587 329 1658 αὐτοῦ
348 1595 499 1676 λέγοντος
521 1589 564 1669 ὡς
579 1593 633 1658 καὶ
655 1589 672 1658 ὁ
693 1589 774 1670 θεὸς
790 1589 852 1659 οὐκ
868 1594 904 1658 ἐν
924 1589 1057 1679 οὐρανῷ
1073 1592 1171 1672 ἐστιν,

172 1686 256 1756 ἀλλά
272 1685 326 1755 διά
341 1689 476 1756 πάντων
487 1696 702 1774 πεφοίτηκεν,
720 1685 792 1756 οἷον
807 1690 916 1769 ξύλων
932 1692 985 1757 καὶ
998 1695 1107 1756 λίθων
1117 1687 1172 1751 καὶ

173 1785 276 1875 ζῷων,
294 1784 368 1869 ἀχρι
382 1787 517 1852 καὶτῶν
531 1783 751 1871 ἀτιμοτάτων·
772 1789 826 1854 καὶ
840 1794 897 1873 τῆς
910 1812 948 1872 γε
962 1781 1085 1871 μητρὸς
1098 1785 1173 1864 ε’ρο-

174 1885 274 1968 μένης
292 1878 395 1947 αύτὸν
409 1889 443 1950 τί
461 1890 563 1950 ταῦτα
578 1891 686 1971 ληρεῖ,
712 1885 935 1972 καταγελάσας
948 1881 1066 1969 αὐτῆς,
1085 1877 1169 1949 Ἀλλ’
1241 1894 1242 1897 ’

57 2002 59 2010 ’
174 1975 217 2066 ἢν
230 1975 290 2045 τὸν
306 1984 409 2064 λῆρον
423 1987 559 2065 τοῦτον,
575 1986 655 2067 ἔφη,
674 1983 810 2068 ἐκμάθω
821 1981 980 2070 ἀκριβῶς,
995 1979 1094 2049 οὐδὲν
1104 2004 1173 2047 κω-
1241 1957 1243 2066 ἀ

174 2077 269 2145 λύσει
283 2102 324 2162 με
338 2077 445 2167 μόνον
460 2079 623 2147 πλούσιον
640 2080 746 2164 μόνον
765 2083 900 2169 βασιλέα
920 2079 1021 2165 εἶναι,
1043 2076 1120 2154 τούς
1135 2074 1185 2153 δὲ,
1241 2079 1242 2110 ³

174 2174 295 2255 ἀλλους
315 2173 510 2264 ἀνδράποδα
531 2181 586 2246 καὶ
605 2178 803 2264 καθάρματα
817 2185 1007 2264 νομίζεσθαι
1028 2176 1070 2255 ἀς
1089 2171 1173 2260 πρὸς

105 2293 156 2347 827
177 2277 241 2362 ἐμέ.
264 2280 314 2343 82.
332 2284 467 2344 τοιαῦτα
483 2284 543 2344 τοῦ
559 2274 680 2358 ἀνδρὸς
699 2278 863 2363 εἰπόντος,
878 2275 895 2344 ὁ
911 2277 1094 2362 φιλόσοφος
1110 2272 1183 2358 ὅρα
1241 2293 1243 2340 ι

177 2378 252 2441 οἵαν
266 2371 444 2456 ἀπόκρισιν
456 2371 670 2461 ἀπεκρίνατο,
695 2369 919 2463 ἀἙρμότιμε,
936 2374 978 2453 ὡς
994 2381 1173 2461 πρεσβυτι-

176 2474 255 2559 κήν·
279 2479 343 2558 ἔφη
357 2473 439 2559 γάρ,
453 2470 539 2540 Ἀλλ’
551 2482 585 2542 εί
589 2500 627 2559 γε
641 2471 685 2559 μὴ
698 2476 974 2561 ἐμοὶέπλησίαζεν
988 2467 1096 2558 οὗτος,
1112 2469 1173 2538 οὐκ

177 2582 237 2641 οῖει
258 2581 373 2663 μακρῷ
387 2580 485 2660 χείρω
501 2568 544 2640 ἀν
560 2570 663 2641 αύτόν
680 2574 919 2659 ἐξεργάσασθαι
941 2568 962 2659 ἢ
979 2576 1033 2641 καὶ
1047 2571 1089 2659 νὴ
1106 2578 1173 2639 Δία

177 2680 313 2761 ῖσωςτῷ
330 2678 435 2762 δημίῷ
457 2673 720 2757 παραδεδόσθαι;
744 2670 788 2751 ὡς
803 2680 868 2740 νῦν
888 2699 926 2759 γε
947 2671 1084 2758 χαλινόν
1100 2695 1172 2738 τινα

176 2772 378 2856 ἐμβέβληκεν
393 2770 483 2861 αύτῷ
497 2769 517 2857 ἡ
532 2779 713 2858 φιλοσοφία
727 2774 782 2839 καὶ
794 2768 815 2857 ἡ
827 2768 911 2855 πρὸς
925 2795 1049 2855 ταυτην
1064 2768 1172 2852 αἰδώς,

176 2870 232 2936 καὶ
249 2868 303 2935 διὰ
319 2875 416 2935 τοῦτο
437 2869 652 2963 μετριώτερός
671 2872 759 2937 ἐστιν
774 2868 855 2955 ὑμῖν
873 2872 928 2937 καὶ
945 2865 1089 2955 φορητδς
1111 2872 1172 2934 ἐπι·
1241 2949 1242 2954 ¹

176 2970 270 3054 φέρει
285 2966 349 3052 γάρ
363 2992 436 3034 τινα
451 2969 611 3054 αίσχύνην
626 2966 733 3058 αύτῷ,
757 2974 787 3036 εί
799 2966 933 3047 ἀνάξιος
947 2974 1099 3054 φαίνοιτο
1113 2973 1173 3033 τοῦ

176 3067 338 3153 σχήματος
348 3067 471 3134 καὶτοῦ
482 3063 661 3153 ὀνόματος,
677 3066 699 3134 ἀ
710 3065 750 3154 δὴ
763 3072 1086 3152 παρακολουθοῦντα
1097 3088 1173 3130 παι-

177 3170 321 3253 δαγωγεῖ
330 3161 444 3235 αύτάν.
466 3163 547 3233 άστε
563 3172 688 3245 δίκαιος
702 3162 745 3234 ἀν
760 3176 847 3254 εῖην,
868 3173 898 3235 εί
912 3168 966 3234 καὶ
981 3163 1024 3250 μὴ
1037 3156 1085 3231 ὦν
1096 3170 1173 3250 βελ-

176 3271 233 3331 τίω
251 3264 420 3352 ἀπέφηνα,
436 3263 560 3351 μισδόν
574 3262 654 3352 παρ’
667 3263 763 3351 ὑμῶν
774 3272 904 3352 λαβεῖν,
920 3260 995 3331 ἀλλ’
1011 3256 1075 3329 οὖν
1089 3266 1172 3330 ἐκεί-

177 3386 247 3427 νων
259 3389 312 3449 γε,
329 3360 407 3450 ἀμη
423 3366 582 3447 δέδρακεν
592 3364 788 3449 αἰδούμενος
800 3367 1018 3449 φιλοσοφίαν·
1040 3360 1172 3429 ἐκεῖναὶ
