<?xml version="1.0" encoding="UTF-8"?>
<!DOCTYPE html PUBLIC "-//W3C//DTD XHTML 1.0 Transitional//EN"
    "http://www.w3.org/TR/xhtml1/DTD/xhtml1-transitional.dtd">
<html xmlns="http://www.w3.org/1999/xhtml" xml:lang="en" lang="en">
 <head>
  <title>
</title>
<meta http-equiv="Content-Type" content="text/html;charset=utf-8" />
  <meta name='ocr-system' content='tesseract 3.04.00' />
  <meta name='ocr-capabilities' content='ocr_page ocr_carea ocr_par ocr_line ocrx_word'/>
</head>
<body>
  <div class='ocr_page' id='page_1' title='image "./lucianisamosate03jacogoog/lucianisamosate03jacogoog_0184.png"; bbox 0 0 2550 3825; ppageno 0'>
   <div class='ocr_carea' id='block_1_1' title="bbox 341 199 1106 269">
    <p class='ocr_par' dir='ltr' id='par_1_1' title="bbox 341 199 1106 269">
     <span class='ocr_line' id='line_1_1' title="bbox 341 199 1106 269; baseline -0.009 -1"><span class='ocrx_word' id='word_1_1' title='bbox 341 206 588 269; x_wconf 80' lang='lat' dir='ltr'><em>NEKPIKOI</em></span> <span class='ocrx_word' id='word_1_2' title='bbox 610 205 868 263; x_wconf 83' lang='grc' dir='ltr'><em>ΔΙΑΛΟΓΟΙ.</em></span> <span class='ocrx_word' id='word_1_3' title='bbox 1045 199 1106 262; x_wconf 84' lang='grc'><em>165</em></span> 
     </span>
    </p>
   </div>
   <div class='ocr_carea' id='block_1_2' title="bbox 261 402 949 571">
    <p class='ocr_par' dir='ltr' id='par_1_2' title="bbox 261 402 949 571">
     <span class='ocr_line' id='line_1_2' title="bbox 580 402 630 465; baseline -0.1 0"><span class='ocrx_word' id='word_1_4' title='bbox 580 402 630 465; x_wconf 87' lang='grc'><em>15.</em></span> 
     </span>
     <span class='ocr_line' id='line_1_3' title="bbox 261 510 949 571; baseline -0.012 -1"><span class='ocrx_word' id='word_1_5' title='bbox 261 516 514 571; x_wconf 64' lang='lat' dir='ltr'><em>mmm</em></span> <span class='ocrx_word' id='word_1_6' title='bbox 538 516 620 567; x_wconf 70' lang='grc' dir='ltr'><em>κει</em></span> <span class='ocrx_word' id='word_1_7' title='bbox 647 510 949 565; x_wconf 74' lang='grc' dir='ltr'><em>κωνικοκον.</em></span> 
     </span>
    </p>
   </div>
   <div class='ocr_carea' id='block_1_3' title="bbox 106 643 1109 1069">
    <p class='ocr_par' dir='ltr' id='par_1_3' title="bbox 106 643 1109 1037">
     <span class='ocr_line' id='line_1_4' title="bbox 189 643 1107 739; baseline -0.012 -19"><span class='ocrx_word' id='word_1_8' title='bbox 189 656 218 721; x_wconf 93' lang='grc'><em>1.</em></span> <span class='ocrx_word' id='word_1_9' title='bbox 239 658 344 719; x_wconf 86' lang='grc' dir='ltr'><em>ΑΝΤ.</em></span> <span class='ocrx_word' id='word_1_10' title='bbox 369 646 432 718; x_wconf 83' lang='grc' dir='ltr'><em>Ολα</em></span> <span class='ocrx_word' id='word_1_11' title='bbox 447 647 581 739; x_wconf 77' lang='grc' dir='ltr'><em>πρῴην,</em></span> <span class='ocrx_word' id='word_1_12' title='bbox 599 645 762 733; x_wconf 79' lang='grc' dir='ltr'><em>Ἀχιλλεῦ,</em></span> <span class='ocrx_word' id='word_1_13' title='bbox 781 643 864 731; x_wconf 78' lang='grc' dir='ltr'><em>πρὸς</em></span> <span class='ocrx_word' id='word_1_14' title='bbox 877 643 937 712; x_wconf 81' lang='grc' dir='ltr'><em>τόν</em></span> <span class='ocrx_word' id='word_1_15' title='bbox 949 643 1107 713; x_wconf 78' lang='grc' dir='ltr'><strong><em>Ὀδυσσέα</em></strong></span> 
     </span>
     <span class='ocr_line' id='line_1_5' title="bbox 106 742 1108 836; baseline -0.013 -15"><span class='ocrx_word' id='word_1_16' title='bbox 106 774 159 821; x_wconf 88' lang='grc' dir='ltr'><em>σοι</em></span> <span class='ocrx_word' id='word_1_17' title='bbox 173 761 299 836; x_wconf 76' lang='grc' dir='ltr'><em>εἴρηται</em></span> <span class='ocrx_word' id='word_1_18' title='bbox 310 752 385 834; x_wconf 79' lang='grc' dir='ltr'><em>περὶ</em></span> <span class='ocrx_word' id='word_1_19' title='bbox 395 757 456 816; x_wconf 84' lang='grc' dir='ltr'><em>τοῦ</em></span> <span class='ocrx_word' id='word_1_20' title='bbox 469 747 640 830; x_wconf 87' lang='grc' dir='ltr'><em>θανάτου,</em></span> <span class='ocrx_word' id='word_1_21' title='bbox 653 743 697 823; x_wconf 81' lang='grc' dir='ltr'><em>ὡς</em></span> <span class='ocrx_word' id='word_1_22' title='bbox 708 743 831 831; x_wconf 92' lang='grc' dir='ltr'><em>ἀγεννῆ</em></span> <span class='ocrx_word' id='word_1_23' title='bbox 842 747 897 813; x_wconf 89' lang='grc' dir='ltr'><em>καλ</em></span> <span class='ocrx_word' id='word_1_24' title='bbox 907 742 1026 824; x_wconf 81' lang='grc' dir='ltr'><em>ἀνάξια</em></span> <span class='ocrx_word' id='word_1_25' title='bbox 1036 758 1108 811; x_wconf 81' lang='grc' dir='ltr'><em>τοῖν</em></span> 
     </span>
     <span class='ocr_line' id='line_1_6' title="bbox 106 841 1109 934; baseline -0.01 -15"><span class='ocrx_word' id='word_1_26' title='bbox 106 851 320 919; x_wconf 78' lang='grc' dir='ltr'><em>διδασκάλοιν</em></span> <span class='ocrx_word' id='word_1_27' title='bbox 332 847 475 934; x_wconf 78' lang='grc' dir='ltr'><em>ἀμφοῖν,</em></span> <span class='ocrx_word' id='word_1_28' title='bbox 492 843 662 930; x_wconf 83' lang='grc' dir='ltr'><em>Χείρωνός</em></span> <span class='ocrx_word' id='word_1_29' title='bbox 675 868 710 910; x_wconf 92' lang='grc' dir='ltr'><em>τε</em></span> <span class='ocrx_word' id='word_1_30' title='bbox 724 845 778 910; x_wconf 86' lang='grc' dir='ltr'><em>κοιλ</em></span> <span class='ocrx_word' id='word_1_31' title='bbox 790 848 955 922; x_wconf 85' lang='grc' dir='ltr'><em>Φοίνικος.</em></span> <span class='ocrx_word' id='word_1_32' title='bbox 977 841 1109 928; x_wconf 82' lang='grc' dir='ltr'><em>ῆκροιό-</em></span> 
     </span>
     <span class='ocr_line' id='line_1_7' title="bbox 106 941 1107 1069; baseline -0.008 -53"><span class='ocrx_word' id='word_1_33' title='bbox 106 977 173 1037; x_wconf 90' lang='grc' dir='ltr'><em>μην</em></span> <span class='ocrx_word' id='word_1_34' title='bbox 187 950 269 1069; x_wconf 85' lang='grc' dir='ltr'><em>γάρ,</em></span> <span class='ocrx_word' id='word_1_35' title='bbox 286 946 384 1015; x_wconf 85' lang='grc' dir='ltr'><em>ὁπότε</em></span> <span class='ocrx_word' id='word_1_36' title='bbox 398 952 480 1032; x_wconf 79' lang='grc' dir='ltr'><em>ἔφης</em></span> <span class='ocrx_word' id='word_1_37' title='bbox 497 944 710 1031; x_wconf 80' lang='grc' dir='ltr'><em>βούλεσθαι’</em></span> <span class='ocrx_word' id='word_1_38' title='bbox 693 941 878 1028; x_wconf 88' lang='grc' dir='ltr'><em>επάρουρος</em></span> <span class='ocrx_word' id='word_1_39' title='bbox 890 969 938 1009; x_wconf 91' lang='grc' dir='ltr'><em>ων</em></span> <span class='ocrx_word' id='word_1_40' title='bbox 948 942 1107 1029; x_wconf 80' lang='grc' dir='ltr'><em>θητεύειν</em></span> 
     </span>
    </p>
   </div>
   <div class='ocr_carea' id='block_1_4' title="bbox 105 1034 1113 2848">
    <p class='ocr_par' dir='ltr' id='par_1_4' title="bbox 105 1034 1109 1927">
     <span class='ocr_line' id='line_1_8' title="bbox 105 1034 1107 1166; baseline -0.007 -50"><span class='ocrx_word' id='word_1_41' title='bbox 105 1049 195 1134; x_wconf 82' lang='grc' dir='ltr'><em>παρά</em></span> <span class='ocrx_word' id='word_1_42' title='bbox 211 1074 278 1115; x_wconf 91' lang='grc' dir='ltr'><em>τινι</em></span> <span class='ocrx_word' id='word_1_43' title='bbox 290 1053 358 1114; x_wconf 80' lang='grc' dir='ltr'><em>τῶν</em></span> <span class='ocrx_word' id='word_1_44' title='bbox 375 1043 547 1166; x_wconf 80' lang='grc' dir='ltr'><em>ἀηλῆρων,</em></span> <span class='ocrx_word' id='word_1_45' title='bbox 562 1034 613 1133; x_wconf 63' lang='grc' dir='ltr'><em>,ᾧ</em></span> <span class='ocrx_word' id='word_1_46' title='bbox 623 1039 668 1128; x_wconf 85' lang='grc' dir='ltr'><em>μῆ</em></span> <span class='ocrx_word' id='word_1_47' title='bbox 683 1047 791 1128; x_wconf 80' lang='grc' dir='ltr'><em>βίοτος</em></span> <span class='ocrx_word' id='word_1_48' title='bbox 805 1040 911 1122; x_wconf 91' lang='grc' dir='ltr'><em>πολύς</em></span> <span class='ocrx_word' id='word_1_49' title='bbox 922 1049 1006 1128; x_wconf 81' lang='grc' dir='ltr'><em>ελη,“</em></span> <span class='ocrx_word' id='word_1_50' title='bbox 1022 1050 1107 1129; x_wconf 83' lang='grc' dir='ltr'><em>μάλ-</em></span> 
     </span>
     <span class='ocr_line' id='line_1_9' title="bbox 106 1134 1107 1266; baseline -0.008 -50"><span class='ocrx_word' id='word_1_51' title='bbox 106 1142 212 1217; x_wconf 63' lang='lat' dir='ltr'><em>lov*</em></span> <span class='ocrx_word' id='word_1_52' title='bbox 190 1173 211 1232; x_wconf 94' lang='grc' dir='ltr'><em>η</em></span> <span class='ocrx_word' id='word_1_53' title='bbox 237 1144 374 1211; x_wconf 88' lang='grc' dir='ltr'><em>πάντων</em></span> <span class='ocrx_word' id='word_1_54' title='bbox 395 1141 555 1211; x_wconf 82' lang='grc' dir='ltr'><em>ἀνάσσειν</em></span> <span class='ocrx_word' id='word_1_55' title='bbox 575 1148 643 1209; x_wconf 79' lang='grc' dir='ltr'><em>τῶν</em></span> <span class='ocrx_word' id='word_1_56' title='bbox 665 1167 802 1266; x_wconf 80' lang='grc' dir='ltr'><em>νεηρων.</em></span> <span class='ocrx_word' id='word_1_57' title='bbox 834 1144 1020 1227; x_wconf 76' lang='grc' dir='ltr'><em>ταῦταμὲν</em></span> <span class='ocrx_word' id='word_1_58' title='bbox 1044 1134 1107 1208; x_wconf 83' lang='grc' dir='ltr'><em>οὖν</em></span> 
     </span>
     <span class='ocr_line' id='line_1_10' title="bbox 106 1238 1107 1331; baseline -0.004 -19"><span class='ocrx_word' id='word_1_59' title='bbox 106 1244 232 1331; x_wconf 87' lang='grc' dir='ltr'><em>ἀγεννῆ</em></span> <span class='ocrx_word' id='word_1_60' title='bbox 245 1269 320 1311; x_wconf 93' lang='grc' dir='ltr'><em>τινα</em></span> <span class='ocrx_word' id='word_1_61' title='bbox 335 1242 454 1328; x_wconf 85' lang='grc' dir='ltr'><em>Φρύγα</em></span> <span class='ocrx_word' id='word_1_62' title='bbox 475 1238 588 1308; x_wconf 82' lang='grc' dir='ltr'><em>δειλὸν</em></span> <span class='ocrx_word' id='word_1_63' title='bbox 605 1244 660 1308; x_wconf 87' lang='grc' dir='ltr'><em>καλ</em></span> <span class='ocrx_word' id='word_1_64' title='bbox 678 1245 761 1327; x_wconf 84' lang='grc' dir='ltr'><em>πέρα</em></span> <span class='ocrx_word' id='word_1_65' title='bbox 776 1268 837 1309; x_wconf 90' lang='grc' dir='ltr'><em>του</em></span> <span class='ocrx_word' id='word_1_66' title='bbox 823 1248 959 1320; x_wconf 76' lang='grc' dir='ltr'><em>καλῶς</em></span> <span class='ocrx_word' id='word_1_67' title='bbox 976 1248 1107 1327; x_wconf 80' lang='grc' dir='ltr'><em>ἔχοντος</em></span> 
     </span>
     <span class='ocr_line' id='line_1_11' title="bbox 107 1338 1108 1433; baseline -0.005 -23"><span class='ocrx_word' id='word_1_68' title='bbox 107 1343 272 1433; x_wconf 77' lang='grc' dir='ltr'><em>φιλόζῳον</em></span> <span class='ocrx_word' id='word_1_69' title='bbox 287 1350 366 1418; x_wconf 88' lang='grc' dir='ltr'><em>λσως</em></span> <span class='ocrx_word' id='word_1_70' title='bbox 380 1342 479 1426; x_wconf 80' lang='grc' dir='ltr'><em>ἐχρῆν</em></span> <span class='ocrx_word' id='word_1_71' title='bbox 497 1343 622 1426; x_wconf 85' lang='grc' dir='ltr'><em>λέγειν,</em></span> <span class='ocrx_word' id='word_1_72' title='bbox 648 1339 708 1408; x_wconf 84' lang='grc' dir='ltr'><em>τόν</em></span> <span class='ocrx_word' id='word_1_73' title='bbox 721 1343 857 1428; x_wconf 78' lang='grc' dir='ltr'><em>Πηλέως</em></span> <span class='ocrx_word' id='word_1_74' title='bbox 877 1343 913 1409; x_wconf 71' lang='grc' dir='ltr'><em>δὲ</em></span> <span class='ocrx_word' id='word_1_75' title='bbox 929 1340 1023 1426; x_wconf 84' lang='grc' dir='ltr'><em>υἱόν,</em></span> <span class='ocrx_word' id='word_1_76' title='bbox 1047 1338 1108 1407; x_wconf 86' lang='grc' dir='ltr'><em>τόν</em></span> 
     </span>
     <span class='ocr_line' id='line_1_12' title="bbox 107 1437 1107 1527; baseline -0.003 -18"><span class='ocrx_word' id='word_1_77' title='bbox 107 1440 427 1524; x_wconf 79' lang='grc' dir='ltr'><em>φιλοκινδυνότατον</em></span> <span class='ocrx_word' id='word_1_78' title='bbox 440 1437 563 1524; x_wconf 84' lang='grc' dir='ltr'><em>ῆράων</em></span> <span class='ocrx_word' id='word_1_79' title='bbox 579 1438 752 1527; x_wconf 81' lang='grc' dir='ltr'><em>ἁπάντων,</em></span> <span class='ocrx_word' id='word_1_80' title='bbox 774 1437 913 1509; x_wconf 87' lang='grc' dir='ltr'><em>ταπεινά</em></span> <span class='ocrx_word' id='word_1_81' title='bbox 930 1439 1018 1507; x_wconf 81' lang='grc' dir='ltr'><em>οὕτω</em></span> <span class='ocrx_word' id='word_1_82' title='bbox 1032 1441 1107 1522; x_wconf 80' lang='grc' dir='ltr'><em>περὶ</em></span> 
     </span>
     <span class='ocr_line' id='line_1_13' title="bbox 107 1535 1108 1626; baseline -0.004 -17"><span class='ocrx_word' id='word_1_83' title='bbox 107 1539 212 1609; x_wconf 81' lang='grc' dir='ltr'><em>αὑτοῦ</em></span> <span class='ocrx_word' id='word_1_84' title='bbox 229 1546 437 1608; x_wconf 80' lang='grc' dir='ltr'><em>διανοεῖσθαι</em></span> <span class='ocrx_word' id='word_1_85' title='bbox 458 1535 563 1624; x_wconf 86' lang='grc' dir='ltr'><em>πολλῆ</em></span> <span class='ocrx_word' id='word_1_86' title='bbox 580 1540 720 1626; x_wconf 81' lang='grc' dir='ltr'><em>αλσχύνη</em></span> <span class='ocrx_word' id='word_1_87' title='bbox 740 1542 794 1608; x_wconf 86' lang='grc' dir='ltr'><em>καλ</em></span> <span class='ocrx_word' id='word_1_88' title='bbox 815 1539 1004 1626; x_wconf 83' lang='grc' dir='ltr'><em>ἐναντιότης</em></span> <span class='ocrx_word' id='word_1_89' title='bbox 1025 1536 1108 1621; x_wconf 82' lang='grc' dir='ltr'><em>πρὸς</em></span> 
     </span>
     <span class='ocr_line' id='line_1_14' title="bbox 109 1636 1108 1728; baseline -0.003 -20"><span class='ocrx_word' id='word_1_90' title='bbox 109 1638 147 1708; x_wconf 82' lang='grc' dir='ltr'><em>τὰ</em></span> <span class='ocrx_word' id='word_1_91' title='bbox 171 1642 385 1726; x_wconf 81' lang='grc' dir='ltr'><em>πεπραγμένα</em></span> <span class='ocrx_word' id='word_1_92' title='bbox 407 1658 460 1705; x_wconf 91' lang='grc' dir='ltr'><em>σοι</em></span> <span class='ocrx_word' id='word_1_93' title='bbox 481 1640 519 1705; x_wconf 81' lang='grc' dir='ltr'><em>ἐν</em></span> <span class='ocrx_word' id='word_1_94' title='bbox 542 1646 588 1728; x_wconf 75' lang='grc' dir='ltr'><em>τῷ</em></span> <span class='ocrx_word' id='word_1_95' title='bbox 602 1645 680 1727; x_wconf 82' lang='grc' dir='ltr'><em>βλφ,</em></span> <span class='ocrx_word' id='word_1_96' title='bbox 707 1636 743 1717; x_wconf 80' lang='grc' dir='ltr'><em>ὃς</em></span> <span class='ocrx_word' id='word_1_97' title='bbox 767 1637 843 1719; x_wconf 81' lang='grc' dir='ltr'><em>ἐξόν</em></span> <span class='ocrx_word' id='word_1_98' title='bbox 863 1638 987 1718; x_wconf 79' lang='grc' dir='ltr'><em>ἀκλεῶς</em></span> <span class='ocrx_word' id='word_1_99' title='bbox 1009 1642 1046 1707; x_wconf 79' lang='grc' dir='ltr'><em>ἐν</em></span> <span class='ocrx_word' id='word_1_100' title='bbox 1068 1645 1108 1727; x_wconf 88' lang='grc' dir='ltr'><em>τῆ</em></span> 
     </span>
     <span class='ocr_line' id='line_1_15' title="bbox 108 1735 1109 1825; baseline -0.004 -17"><span class='ocrx_word' id='word_1_101' title='bbox 108 1739 271 1808; x_wconf 74' lang='grc' dir='ltr'><em>Φθιώτιδι</em></span> <span class='ocrx_word' id='word_1_102' title='bbox 291 1736 516 1823; x_wconf 85' lang='grc' dir='ltr'><em>πολυχρόνιον</em></span> <span class='ocrx_word' id='word_1_103' title='bbox 532 1740 739 1825; x_wconf 80' lang='grc' dir='ltr'><em>βασιλεύειν,</em></span> <span class='ocrx_word' id='word_1_104' title='bbox 765 1735 851 1806; x_wconf 80' lang='grc' dir='ltr'><em>ἑκάν</em></span> <span class='ocrx_word' id='word_1_105' title='bbox 870 1744 1028 1825; x_wconf 81' lang='grc' dir='ltr'><em>προείλου</em></span> <span class='ocrx_word' id='word_1_106' title='bbox 1048 1735 1109 1806; x_wconf 84' lang='grc' dir='ltr'><em>τόν</em></span> 
     </span>
     <span class='ocr_line' id='line_1_16' title="bbox 109 1834 691 1927; baseline -0.002 -22"><span class='ocrx_word' id='word_1_107' title='bbox 109 1837 189 1927; x_wconf 83' lang='grc' dir='ltr'><em>μετά</em></span> <span class='ocrx_word' id='word_1_108' title='bbox 203 1845 261 1926; x_wconf 89' lang='grc' dir='ltr'><em>τῆς</em></span> <span class='ocrx_word' id='word_1_109' title='bbox 274 1834 403 1923; x_wconf 80' lang='grc' dir='ltr'><em>ἀγαθῆς</em></span> <span class='ocrx_word' id='word_1_110' title='bbox 418 1838 514 1923; x_wconf 83' lang='grc' dir='ltr'><em>δόξης</em></span> <span class='ocrx_word' id='word_1_111' title='bbox 530 1838 691 1905; x_wconf 89' lang='grc' dir='ltr'><em>θάνατον.</em></span> 
     </span>
    </p>

    <p class='ocr_par' dir='ltr' id='par_1_5' title="bbox 108 1931 1113 2812">
     <span class='ocr_line' id='line_1_17' title="bbox 191 1931 1109 2024; baseline 0.001 -19"><span class='ocrx_word' id='word_1_112' title='bbox 191 1944 222 2005; x_wconf 82' lang='lat'><em>2.</em></span> <span class='ocrx_word' id='word_1_113' title='bbox 244 1945 315 2005; x_wconf 87' lang='lat' dir='ltr'><em>AX.</em></span> <span class='ocrx_word' id='word_1_114' title='bbox 333 1931 373 2003; x_wconf 78' lang='grc' dir='ltr'><em>Ὦ</em></span> <span class='ocrx_word' id='word_1_115' title='bbox 389 1951 452 2004; x_wconf 77' lang='grc' dir='ltr'><em>παῖ</em></span> <span class='ocrx_word' id='word_1_116' title='bbox 461 1939 646 2023; x_wconf 82' lang='grc' dir='ltr'><em>Νέστορος,</em></span> <span class='ocrx_word' id='word_1_117' title='bbox 662 1935 744 2006; x_wconf 84' lang='grc' dir='ltr'><em>ἀλλά</em></span> <span class='ocrx_word' id='word_1_118' title='bbox 756 1937 829 2006; x_wconf 89' lang='grc' dir='ltr'><em>τότε</em></span> <span class='ocrx_word' id='word_1_119' title='bbox 840 1940 902 2024; x_wconf 77' lang='grc' dir='ltr'><em>μὲν</em></span> <span class='ocrx_word' id='word_1_120' title='bbox 912 1937 1047 2021; x_wconf 87' lang='grc' dir='ltr'><em>ἀπειρος</em></span> <span class='ocrx_word' id='word_1_121' title='bbox 1062 1945 1109 2006; x_wconf 78' lang='grc' dir='ltr'><em>ἔτι</em></span> 
     </span>
     <span class='ocr_line' id='line_1_18' title="bbox 109 2031 1109 2124; baseline -0.001 -20"><span class='ocrx_word' id='word_1_122' title='bbox 109 2044 176 2104; x_wconf 78' lang='grc' dir='ltr'><em>των</em></span> <span class='ocrx_word' id='word_1_123' title='bbox 199 2038 347 2104; x_wconf 81' lang='grc' dir='ltr'><em>ἐνταῦθα</em></span> <span class='ocrx_word' id='word_1_124' title='bbox 373 2031 421 2122; x_wconf 74' lang='grc' dir='ltr'><em>οόν</em></span> <span class='ocrx_word' id='word_1_125' title='bbox 443 2038 498 2104; x_wconf 87' lang='grc' dir='ltr'><em>κοιλ</em></span> <span class='ocrx_word' id='word_1_126' title='bbox 522 2034 558 2103; x_wconf 87' lang='grc' dir='ltr'><em>τό</em></span> <span class='ocrx_word' id='word_1_127' title='bbox 584 2043 715 2124; x_wconf 82' lang='grc' dir='ltr'><em>βέλτιον</em></span> <span class='ocrx_word' id='word_1_128' title='bbox 735 2040 872 2106; x_wconf 76' lang='grc' dir='ltr'><em>ἐκείνων</em></span> <span class='ocrx_word' id='word_1_129' title='bbox 887 2034 1050 2121; x_wconf 86' lang='grc' dir='ltr'><em>ὁπότερον</em></span> <span class='ocrx_word' id='word_1_130' title='bbox 1066 2031 1109 2122; x_wconf 90' lang='grc' dir='ltr'><em>ῆν</em></span> 
     </span>
     <span class='ocr_line' id='line_1_19' title="bbox 108 2133 1108 2224; baseline -0.002 -20"><span class='ocrx_word' id='word_1_131' title='bbox 108 2135 242 2223; x_wconf 82' lang='grc' dir='ltr'><em>ἀγνοῶν</em></span> <span class='ocrx_word' id='word_1_132' title='bbox 249 2133 286 2204; x_wconf 85' lang='grc' dir='ltr'><em>τό</em></span> <span class='ocrx_word' id='word_1_133' title='bbox 294 2136 463 2222; x_wconf 85' lang='grc' dir='ltr'><em>δύστηνον</em></span> <span class='ocrx_word' id='word_1_134' title='bbox 473 2139 578 2204; x_wconf 73' lang='grc' dir='ltr'><em>ἐκεῖνο</em></span> <span class='ocrx_word' id='word_1_135' title='bbox 589 2138 745 2221; x_wconf 81' lang='grc' dir='ltr'><em>δοξάριον</em></span> <span class='ocrx_word' id='word_1_136' title='bbox 754 2143 941 2223; x_wconf 84' lang='grc' dir='ltr'><em>προετίμων</em></span> <span class='ocrx_word' id='word_1_137' title='bbox 951 2144 1058 2224; x_wconf 79' lang='grc' dir='ltr'><em>τούβί</em></span> <span class='ocrx_word' id='word_1_138' title='bbox 1057 2163 1108 2221; x_wconf 94' lang='grc' dir='ltr'><em>ου,</em></span> 
     </span>
     <span class='ocr_line' id='line_1_20' title="bbox 109 2231 1110 2321; baseline -0.002 -19"><span class='ocrx_word' id='word_1_139' title='bbox 109 2243 175 2302; x_wconf 86' lang='grc' dir='ltr'><em>νύν</em></span> <span class='ocrx_word' id='word_1_140' title='bbox 192 2238 227 2302; x_wconf 88' lang='grc' dir='ltr'><em>δε</em></span> <span class='ocrx_word' id='word_1_141' title='bbox 244 2242 380 2321; x_wconf 83' lang='grc' dir='ltr'><em>συνίημι</em></span> <span class='ocrx_word' id='word_1_142' title='bbox 395 2233 496 2321; x_wconf 90' lang='grc' dir='ltr'><em>ῆδη</em></span> <span class='ocrx_word' id='word_1_143' title='bbox 475 2261 520 2313; x_wconf 94' lang='grc' dir='ltr'><em>ως</em></span> <span class='ocrx_word' id='word_1_144' title='bbox 535 2237 694 2320; x_wconf 77' lang='grc' dir='ltr'><em>ἐκείνη</em></span> <span class='ocrx_word' id='word_1_145' title='bbox 659 2261 720 2319; x_wconf 85' lang='grc' dir='ltr'><em>μεν</em></span> <span class='ocrx_word' id='word_1_146' title='bbox 734 2231 972 2319; x_wconf 86' lang='grc' dir='ltr'><em>ἀνωφελῆς,ελ</em></span> <span class='ocrx_word' id='word_1_147' title='bbox 942 2231 1078 2302; x_wconf 79' lang='grc' dir='ltr'><em>ελκαλ’</em></span> <span class='ocrx_word' id='word_1_148' title='bbox 1059 2260 1110 2300; x_wconf 88' lang='grc' dir='ltr'><em>οτι</em></span> 
     </span>
     <span class='ocr_line' id='line_1_21' title="bbox 109 2328 1109 2451; baseline -0.004 -51"><span class='ocrx_word' id='word_1_149' title='bbox 109 2334 294 2420; x_wconf 76' lang='grc' dir='ltr'><em>μάλισταοὶ</em></span> <span class='ocrx_word' id='word_1_150' title='bbox 307 2330 379 2399; x_wconf 87' lang='grc' dir='ltr'><em>ἀνω</em></span> <span class='ocrx_word' id='word_1_151' title='bbox 392 2333 651 2451; x_wconf 75' lang='grc' dir='ltr'><em>ῥαψῳδήσουσι·</em></span> <span class='ocrx_word' id='word_1_152' title='bbox 662 2328 743 2418; x_wconf 84' lang='grc' dir='ltr'><em>μετά</em></span> <span class='ocrx_word' id='word_1_153' title='bbox 757 2329 1109 2418; x_wconf 74' lang='grc' dir='ltr'><em>υεκρωνδὲὸμοτιμία,</em></span> 
     </span>
     <span class='ocr_line' id='line_1_22' title="bbox 109 2425 1111 2550; baseline -0.003 -52"><span class='ocrx_word' id='word_1_154' title='bbox 109 2427 222 2498; x_wconf 83' lang='grc' dir='ltr'><em>καλ”</em></span> <span class='ocrx_word' id='word_1_155' title='bbox 179 2455 257 2498; x_wconf 88' lang='grc' dir='ltr'><em>ουτε</em></span> <span class='ocrx_word' id='word_1_156' title='bbox 274 2427 311 2497; x_wconf 83' lang='grc' dir='ltr'><em>τὸ</em></span> <span class='ocrx_word' id='word_1_157' title='bbox 333 2429 454 2508; x_wconf 86' lang='grc' dir='ltr'><em>κάλλος</em></span> <span class='ocrx_word' id='word_1_158' title='bbox 474 2432 596 2509; x_wconf 78' lang='grc' dir='ltr'><em>ἐκεῖνο,</em></span> <span class='ocrx_word' id='word_1_159' title='bbox 624 2456 650 2496; x_wconf 93' lang='grc' dir='ltr'><em>ω</em></span> <span class='ocrx_word' id='word_1_160' title='bbox 672 2429 850 2550; x_wconf 77' lang='grc' dir='ltr'><em>Ἀντίλοηε,</em></span> <span class='ocrx_word' id='word_1_161' title='bbox 878 2427 956 2495; x_wconf 81' lang='grc' dir='ltr'><em>οὔτε</em></span> <span class='ocrx_word' id='word_1_162' title='bbox 975 2425 998 2547; x_wconf 85' lang='grc' dir='ltr'><em>ῆ</em></span> <span class='ocrx_word' id='word_1_163' title='bbox 1018 2426 1111 2512; x_wconf 84' lang='grc' dir='ltr'><em>λσχύς</em></span> 
     </span>
     <span class='ocr_line' id='line_1_23' title="bbox 110 2523 1110 2617; baseline -0.004 -21"><span class='ocrx_word' id='word_1_164' title='bbox 110 2529 284 2614; x_wconf 90' lang='grc' dir='ltr'><em>πάρεστιν,</em></span> <span class='ocrx_word' id='word_1_165' title='bbox 310 2525 394 2597; x_wconf 84' lang='grc' dir='ltr'><em>ἀλλά</em></span> <span class='ocrx_word' id='word_1_166' title='bbox 419 2526 605 2615; x_wconf 78' lang='grc' dir='ltr'><em>κείμεθα”</em></span> <span class='ocrx_word' id='word_1_167' title='bbox 583 2553 726 2606; x_wconf 90' lang='grc' dir='ltr'><em>απαντες</em></span> <span class='ocrx_word' id='word_1_168' title='bbox 746 2523 812 2594; x_wconf 83' lang='grc' dir='ltr'><em>ὑπὸ</em></span> <span class='ocrx_word' id='word_1_169' title='bbox 839 2533 884 2617; x_wconf 76' lang='grc' dir='ltr'><em>τῷ</em></span> <span class='ocrx_word' id='word_1_170' title='bbox 908 2523 998 2616; x_wconf 76' lang='grc' dir='ltr'><em>αύτῷ</em></span> <span class='ocrx_word' id='word_1_171' title='bbox 1020 2527 1110 2616; x_wconf 83' lang='grc' dir='ltr'><em>ζόφφ</em></span> 
     </span>
     <span class='ocr_line' id='line_1_24' title="bbox 110 2623 1113 2712; baseline -0.006 -16"><span class='ocrx_word' id='word_1_172' title='bbox 110 2626 219 2712; x_wconf 78' lang='grc' dir='ltr'><em>όμοιοι</em></span> <span class='ocrx_word' id='word_1_173' title='bbox 235 2630 289 2695; x_wconf 86' lang='grc' dir='ltr'><em>καὶ</em></span> <span class='ocrx_word' id='word_1_174' title='bbox 301 2654 363 2695; x_wconf 91' lang='grc' dir='ltr'><em>κατ</em></span> <span class='ocrx_word' id='word_1_175' title='bbox 366 2625 489 2695; x_wconf 71' lang='grc' dir='ltr'><em>ὀὐδὲν</em></span> <span class='ocrx_word' id='word_1_176' title='bbox 505 2624 657 2712; x_wconf 79' lang='grc' dir='ltr'><em>ἀλλήλων</em></span> <span class='ocrx_word' id='word_1_177' title='bbox 673 2628 902 2712; x_wconf 79' lang='grc' dir='ltr'><em>διαφέροντες,</em></span> <span class='ocrx_word' id='word_1_178' title='bbox 917 2623 1029 2693; x_wconf 82' lang='grc' dir='ltr'><em>καλ”</em></span> <span class='ocrx_word' id='word_1_179' title='bbox 986 2649 1063 2692; x_wconf 91' lang='grc' dir='ltr'><em>ουτε</em></span> <span class='ocrx_word' id='word_1_180' title='bbox 1079 2626 1113 2690; x_wconf 82' lang='grc' dir='ltr'><em>ολ</em></span> 
     </span>
     <span class='ocr_line' id='line_1_25' title="bbox 110 2722 1112 2848; baseline 0 -58"><span class='ocrx_word' id='word_1_181' title='bbox 110 2750 176 2791; x_wconf 93' lang='grc' dir='ltr'><em>των</em></span> <span class='ocrx_word' id='word_1_182' title='bbox 195 2725 320 2808; x_wconf 85' lang='grc' dir='ltr'><em>Τρωων</em></span> <span class='ocrx_word' id='word_1_183' title='bbox 330 2728 444 2811; x_wconf 77' lang='grc' dir='ltr'><em>νεκροὶ</em></span> <span class='ocrx_word' id='word_1_184' title='bbox 460 2729 590 2794; x_wconf 87' lang='grc' dir='ltr'><em>δεδίασί</em></span> <span class='ocrx_word' id='word_1_185' title='bbox 596 2752 637 2812; x_wconf 90' lang='grc' dir='ltr'><em>με</em></span> <span class='ocrx_word' id='word_1_186' title='bbox 648 2723 724 2792; x_wconf 77' lang='grc' dir='ltr'><em>οὔτε</em></span> <span class='ocrx_word' id='word_1_187' title='bbox 736 2730 769 2793; x_wconf 87' lang='grc' dir='ltr'><em>ολ</em></span> <span class='ocrx_word' id='word_1_188' title='bbox 778 2751 845 2792; x_wconf 92' lang='grc' dir='ltr'><em>των</em></span> <span class='ocrx_word' id='word_1_189' title='bbox 855 2722 994 2810; x_wconf 80' lang='grc' dir='ltr'><em>Ἀχαιάν</em></span> <span class='ocrx_word' id='word_1_190' title='bbox 1004 2733 1112 2848; x_wconf 78' lang='grc' dir='ltr'><em>θερηι-</em></span> 
     </span>
    </p>
   </div>
   <div class='ocr_carea' id='block_1_5' title="bbox 109 2821 1199 2939">
    <p class='ocr_par' dir='ltr' id='par_1_6' title="bbox 109 2821 1199 2939">
     <span class='ocr_line' id='line_1_26' title="bbox 109 2821 1199 2939; baseline -0.002 -51"><span class='ocrx_word' id='word_1_191' title='bbox 109 2822 290 2939; x_wconf 78' lang='grc' dir='ltr'><em>πεύηυσιν,</em></span> <span class='ocrx_word' id='word_1_192' title='bbox 306 2829 458 2909; x_wconf 88' lang='grc' dir='ltr'><em>λσηγορία</em></span> <span class='ocrx_word' id='word_1_193' title='bbox 473 2825 510 2892; x_wconf 70' lang='grc' dir='ltr'><em>δὲ</em></span> <span class='ocrx_word' id='word_1_194' title='bbox 525 2821 663 2912; x_wconf 82' lang='grc' dir='ltr'><em>άκριβῆς</em></span> <span class='ocrx_word' id='word_1_195' title='bbox 677 2827 732 2893; x_wconf 86' lang='grc' dir='ltr'><em>καλ</em></span> <span class='ocrx_word' id='word_1_196' title='bbox 745 2821 864 2907; x_wconf 83' lang='grc' dir='ltr'><em>νεκρός</em></span> <span class='ocrx_word' id='word_1_197' title='bbox 878 2821 991 2910; x_wconf 81' lang='grc' dir='ltr'><em>ὅμοιος</em></span> <span class='ocrx_word' id='word_1_198' title='bbox 1005 2821 1111 2910; x_wconf 86' lang='grc' dir='ltr'><em>,,ῆμεν</em></span> <span class='ocrx_word' id='word_1_199' title='bbox 1193 2871 1199 2886; x_wconf 84' lang='grc'><strong>.</strong></span> 
     </span>
    </p>
   </div>
   <div class='ocr_carea' id='block_1_6' title="bbox 109 2915 1112 3012">
    <p class='ocr_par' dir='ltr' id='par_1_7' title="bbox 109 2915 1112 3012">
     <span class='ocr_line' id='line_1_27' title="bbox 109 2915 1112 3012; baseline 0 -24"><span class='ocrx_word' id='word_1_200' title='bbox 109 2915 211 2996; x_wconf 82' lang='grc' dir='ltr'><em>κακός</em></span> <span class='ocrx_word' id='word_1_201' title='bbox 227 2917 286 3005; x_wconf 88' lang='grc' dir='ltr'><em>ῆδε</em></span> <span class='ocrx_word' id='word_1_202' title='bbox 302 2923 357 2989; x_wconf 82' lang='grc' dir='ltr'><em>καὶ</em></span> <span class='ocrx_word' id='word_1_203' title='bbox 371 2921 501 2999; x_wconf 84' lang='grc' dir='ltr'><em>ἐσθλός.</em></span> <span class='ocrx_word' id='word_1_204' title='bbox 504 2929 526 2964; x_wconf 84' lang='grc'><strong>“</strong></span> <span class='ocrx_word' id='word_1_205' title='bbox 546 2923 650 2989; x_wconf 86' lang='grc' dir='ltr'><em>ταύτά</em></span> <span class='ocrx_word' id='word_1_206' title='bbox 664 2949 705 3007; x_wconf 90' lang='grc' dir='ltr'><em>με</em></span> <span class='ocrx_word' id='word_1_207' title='bbox 720 2920 798 3012; x_wconf 84' lang='grc' dir='ltr'><em>ἀνιηι</em></span> <span class='ocrx_word' id='word_1_208' title='bbox 784 2924 867 2990; x_wconf 79' lang='grc' dir='ltr'><em>καὶ</em></span> <span class='ocrx_word' id='word_1_209' title='bbox 881 2921 1068 3008; x_wconf 83' lang='grc' dir='ltr'><em>ἀχθομαι,</em></span> <span class='ocrx_word' id='word_1_210' title='bbox 1061 2919 1112 2990; x_wconf 83' lang='grc' dir='ltr'><em>ὅτι</em></span> 
     </span>
    </p>
   </div>
   <div class='ocr_carea' id='block_1_7' title="bbox 10 3017 392 3106">
    <p class='ocr_par' dir='ltr' id='par_1_8' title="bbox 10 3017 392 3106">
     <span class='ocr_line' id='line_1_28' title="bbox 10 3017 392 3106; baseline -0.006 -4"><span class='ocrx_word' id='word_1_211' title='bbox 10 3023 15 3032; x_wconf 79' lang='grc'>’</span> <span class='ocrx_word' id='word_1_212' title='bbox 109 3046 154 3106; x_wconf 78' lang='grc' dir='ltr'><em>ιη</em></span> <span class='ocrx_word' id='word_1_213' title='bbox 142 3017 392 3104; x_wconf 65' lang='grc' dir='ltr'><em>θητεύσειν</em></span> 
     </span>
    </p>
   </div>
   <div class='ocr_carea' id='block_1_8' title="bbox 110 3111 1116 3504">
    <p class='ocr_par' dir='ltr' id='par_1_9' title="bbox 110 3111 1116 3504">
     <span class='ocr_line' id='line_1_29' title="bbox 194 3111 1113 3205; baseline 0.005 -20"><span class='ocrx_word' id='word_1_214' title='bbox 194 3123 225 3185; x_wconf 88' lang='grc'><em>3.</em></span> <span class='ocrx_word' id='word_1_215' title='bbox 247 3124 353 3184; x_wconf 89' lang='grc' dir='ltr'><em>ΑΝΤ.</em></span> <span class='ocrx_word' id='word_1_216' title='bbox 373 3116 482 3204; x_wconf 84' lang='grc' dir='ltr'><em>Ὀμως</em></span> <span class='ocrx_word' id='word_1_217' title='bbox 504 3123 538 3186; x_wconf 84' lang='grc' dir='ltr'><em>τί</em></span> <span class='ocrx_word' id='word_1_218' title='bbox 551 3111 615 3185; x_wconf 82' lang='grc' dir='ltr'><em>οὖν</em></span> <span class='ocrx_word' id='word_1_219' title='bbox 635 3117 678 3184; x_wconf 86' lang='grc' dir='ltr'><em>άν</em></span> <span class='ocrx_word' id='word_1_220' title='bbox 693 3145 742 3197; x_wconf 88' lang='grc' dir='ltr'><em>τις</em></span> <span class='ocrx_word' id='word_1_221' title='bbox 762 3120 884 3204; x_wconf 85' lang='grc' dir='ltr'><em>πάθοι,</em></span> <span class='ocrx_word' id='word_1_222' title='bbox 910 3146 936 3187; x_wconf 94' lang='grc' dir='ltr'><em>ω</em></span> <span class='ocrx_word' id='word_1_223' title='bbox 951 3117 1113 3205; x_wconf 71' lang='grc' dir='ltr'><em>Ἀχιλλεύε</em></span> 
     </span>
     <span class='ocr_line' id='line_1_30' title="bbox 110 3213 1114 3305; baseline -0.001 -22"><span class='ocrx_word' id='word_1_224' title='bbox 110 3223 213 3283; x_wconf 84' lang='grc' dir='ltr'><em>ταῦτα</em></span> <span class='ocrx_word' id='word_1_225' title='bbox 229 3213 294 3301; x_wconf 84' lang='grc' dir='ltr'><em>γάρ</em></span> <span class='ocrx_word' id='word_1_226' title='bbox 311 3219 402 3296; x_wconf 76' lang='grc' dir='ltr'><em>ἔδοξε</em></span> <span class='ocrx_word' id='word_1_227' title='bbox 416 3223 456 3305; x_wconf 86' lang='grc' dir='ltr'><em>τῆ</em></span> <span class='ocrx_word' id='word_1_228' title='bbox 473 3215 589 3302; x_wconf 89' lang='grc' dir='ltr'><em>φύσει,</em></span> <span class='ocrx_word' id='word_1_229' title='bbox 613 3216 745 3295; x_wconf 85' lang='grc' dir='ltr'><em>πάντως</em></span> <span class='ocrx_word' id='word_1_230' title='bbox 758 3215 988 3305; x_wconf 82' lang='grc' dir='ltr'><em>ἀποθνήσκειν</em></span> <span class='ocrx_word' id='word_1_231' title='bbox 1004 3215 1114 3284; x_wconf 81' lang='grc' dir='ltr'><em>ἀπαν-</em></span> 
     </span>
     <span class='ocr_line' id='line_1_31' title="bbox 110 3311 1116 3406; baseline 0.001 -26"><span class='ocrx_word' id='word_1_232' title='bbox 110 3339 185 3398; x_wconf 85' lang='grc' dir='ltr'><em>τας,</em></span> <span class='ocrx_word' id='word_1_233' title='bbox 212 3311 296 3381; x_wconf 77' lang='grc' dir='ltr'><em>α’)’στε</em></span> <span class='ocrx_word' id='word_1_234' title='bbox 316 3311 377 3399; x_wconf 82' lang='grc' dir='ltr'><em>χρῆ</em></span> <span class='ocrx_word' id='word_1_235' title='bbox 400 3317 554 3399; x_wconf 80' lang='grc' dir='ltr'><em>ἐμμένειν</em></span> <span class='ocrx_word' id='word_1_236' title='bbox 570 3321 615 3404; x_wconf 75' lang='grc' dir='ltr'><em>τῷ</em></span> <span class='ocrx_word' id='word_1_237' title='bbox 631 3314 724 3406; x_wconf 87' lang='grc' dir='ltr'><em>νόμφ</em></span> <span class='ocrx_word' id='word_1_238' title='bbox 742 3319 796 3384; x_wconf 86' lang='grc' dir='ltr'><em>καὶ</em></span> <span class='ocrx_word' id='word_1_239' title='bbox 812 3314 856 3402; x_wconf 90' lang='grc' dir='ltr'><em>μῆ</em></span> <span class='ocrx_word' id='word_1_240' title='bbox 870 3313 1032 3384; x_wconf 81' lang='grc' dir='ltr'><em>ἀνιᾶσθαι</em></span> <span class='ocrx_word' id='word_1_241' title='bbox 1047 3327 1116 3392; x_wconf 72' lang='grc' dir='ltr'><em>τοῖς</em></span> 
     </span>
     <span class='ocr_line' id='line_1_32' title="bbox 111 3410 1113 3504; baseline 0.002 -26"><span class='ocrx_word' id='word_1_242' title='bbox 111 3413 386 3498; x_wconf 81' lang='grc' dir='ltr'><em>διατεταγμένοις.</em></span> <span class='ocrx_word' id='word_1_243' title='bbox 416 3410 522 3490; x_wconf 83' lang='grc' dir='ltr'><em>άλλως</em></span> <span class='ocrx_word' id='word_1_244' title='bbox 542 3440 578 3481; x_wconf 87' lang='grc' dir='ltr'><em>τε</em></span> <span class='ocrx_word' id='word_1_245' title='bbox 599 3411 679 3504; x_wconf 84' lang='grc' dir='ltr'><em>ὁρᾷς</em></span> <span class='ocrx_word' id='word_1_246' title='bbox 695 3422 763 3481; x_wconf 81' lang='grc' dir='ltr'><em>των</em></span> <span class='ocrx_word' id='word_1_247' title='bbox 784 3418 922 3498; x_wconf 86' lang='grc' dir='ltr'><em>ἑταίρων</em></span> <span class='ocrx_word' id='word_1_248' title='bbox 945 3412 1018 3481; x_wconf 84' lang='grc' dir='ltr'><em>ὅσοι</em></span> <span class='ocrx_word' id='word_1_249' title='bbox 1039 3412 1113 3498; x_wconf 78' lang='grc' dir='ltr'><em>περὶ</em></span> 
     </span>
    </p>
   </div>
   <div class='ocr_carea' id='block_1_9' title="bbox 1123 514 1176 571">
    <p class='ocr_par' dir='ltr' id='par_1_10' title="bbox 1123 514 1176 571">
     <span class='ocr_line' id='line_1_33' title="bbox 1123 514 1176 571; baseline 0.038 -2"><span class='ocrx_word' id='word_1_250' title='bbox 1123 514 1176 571; x_wconf 80' lang='grc'><em>399</em></span> 
     </span>
    </p>
   </div>
   <div class='ocr_carea' id='block_1_10' title="bbox 1126 1752 1176 1805">
    <p class='ocr_par' dir='ltr' id='par_1_11' title="bbox 1126 1752 1176 1805">
     <span class='ocr_line' id='line_1_34' title="bbox 1126 1752 1176 1805; baseline 0 0"><span class='ocrx_word' id='word_1_251' title='bbox 1126 1752 1176 1805; x_wconf 80' lang='lat'><em>40⁰</em></span> 
     </span>
    </p>
   </div>
   <div class='ocr_carea' id='block_1_11' title="bbox 1130 3422 1181 3477">
    <p class='ocr_par' dir='ltr' id='par_1_12' title="bbox 1130 3422 1181 3477">
     <span class='ocr_line' id='line_1_35' title="bbox 1130 3422 1181 3477; baseline 0.02 -1"><span class='ocrx_word' id='word_1_252' title='bbox 1130 3422 1181 3477; x_wconf 82' lang='lat'><em>401</em></span> 
     </span>
    </p>
   </div>
   <div class='ocr_carea' id='block_1_12' title="bbox 0 0 1284 3825">
    <p class='ocr_par' dir='ltr' id='par_1_13' title="bbox 0 0 1284 3825">
     <span class='ocr_line' id='line_1_36' title="bbox 0 0 1284 3825; baseline 0 0"><span class='ocrx_word' id='word_1_253' title='bbox 0 0 1284 3825; x_wconf 95' lang='lat' dir='ltr'><em> </em></span> 
     </span>
    </p>
   </div>
  </div>
 </body>
</html>
