2550 3825
169 183 231 250 378
349 180 351 188 ’
519 189 823 250 Λουαικαον

169 345 384 431 σοφούντων,
406 343 473 414 εἶτα
496 343 576 432 μετά
596 352 694 412 τοῦτο
709 343 746 412 τὸ
761 348 834 431 ἑξῆς
848 341 891 412 ἀν
910 339 954 432 ήν
968 351 1116 432 ζητῆσαι,
1142 335 1167 434 ᾇ

170 444 321 510 πειστέον
335 445 432 511 ἐστίν.

127 619 128 624 1
252 548 355 610 EPM.
371 539 488 629 Ὥστε,
507 535 686 626 ἀΛυκῑνε,
701 547 799 610 τοῦτο
811 540 892 628 φής,
908 539 960 609 ότι
973 537 1046 608 οὐδ’
1059 535 1104 605 ἀν
1114 536 1166 606 διὰ

170 639 276 725 πάσης
291 646 488 725 φιλοσοφίας
498 639 716 726 χωρήσωμεν,
733 637 812 707 οὑδὲ
823 639 898 706 τότε
907 639 1041 716 πάντως
1054 637 1168 720 ἑξομεν

170 734 313 822 τάληθὲς
332 738 487 818 ἐξευρεῖν.
547 769 550 776 ’

254 840 352 902 ΛΤΚ.
376 831 435 920 Μή
454 836 511 919 ἐμέ
516 884 525 918 ,
542 825 672 919 ἀγαθέ,
688 832 809 918 ίρύτα,
826 830 909 901 ἀλλά
923 830 1097 917 τὸνλόγον
1107 824 1169 897 αύ-

102 937 105 942 ’
170 940 227 1009 θις
247 928 367 998 αὐτόν·
399 932 454 998 καὶ
473 940 552 1009 ἴσως
572 926 617 997 ἀν
640 928 855 1012 ἀποκρίναιτό
884 928 939 998 σοι
960 928 1012 997 ὅτι
1030 927 1169 1014 ούδὲπω,
1252 982 1253 1005 ,

80 1026 83 1118 J
171 1027 238 1097 ἔστ’
251 1024 295 1094 άυ
305 1020 462 1115 ἀδηλουή
473 1033 503 1096 εί
512 1028 550 1094 ἑν
560 1053 592 1094 τι
603 1027 732 1094 τούτων
742 1030 831 1096 ἐστὶν
841 1020 889 1095 οἷν
902 1021 996 1096 οὑτοι
1005 1030 1168 1112 λέγουσιν.

253 1130 305 1202 67.
326 1133 429 1194 ΕΡΜ.
461 1123 629 1193 Ούδίποτε
643 1123 708 1209 ἀρα
727 1129 759 1205 ἐξ
776 1119 824 1193 όν
841 1123 885 1193 σύ
905 1123 971 1211 φής
987 1122 1171 1210 εὑρήσομεν
1253 1136 1254 1165 ¹

170 1221 249 1291 οὑδὲ
258 1223 539 1311 φιλοσοφήσομεν,
551 1219 634 1290 ἀλλά
648 1223 758 1308 δεήσει
769 1219 854 1308 ήμάς
864 1222 1000 1307 λδιύτην
1010 1218 1085 1289 τινά
1097 1227 1172 1306 βίον
1253 1226 1254 1229 ’

172 1327 232 1406 ζῆν,
246 1318 452 1398 ἀποστάντας
466 1327 527 1388 τοῦ
542 1329 751 1406 φιλοσοφεῖν.
778 1327 876 1387 τούτο
896 1323 1069 1405 ξυμβαίνει
1083 1345 1122 1403 γε
1140 1320 1173 1396 ἐξ

173 1410 221 1485 άν
233 1418 315 1504 φής,
331 1414 498 1484 ἀδύνατον
510 1415 595 1484 εἶναι
609 1423 833 1503 φιλοσοφῆσαι
848 1418 903 1483 καὶ
916 1413 1097 1503 ἀνέφικτον
1111 1412 1174 1480 ἀν-

170 1515 298 1606 θρύπφ
314 1541 352 1600 γε
369 1512 456 1582 όντι·
482 1513 584 1594 ἀξιοῖς
598 1512 665 1599 γὰρ
678 1512 738 1582 τόν
753 1514 995 1600 φιλοσοφήσειν
1010 1515 1174 1599 μέλλοντα

172 1615 306 1682 ἑλέσθαι
325 1620 457 1694 πρῶτον
477 1619 681 1699 φιλοσοφίαν
701 1611 762 1698 τήν
777 1609 972 1698 ἀρίστην,
955 1638 976 1697 η
993 1614 1029 1679 δ
1047 1614 1174 1693 αἵρεσις

99 1751 102 1758 ,
171 1709 277 1788 οὕτως
291 1730 344 1776 σοι
356 1709 521 1777 ἐδοκει
477 1735 588 1796 μουως
599 1706 770 1797 ακριβης
749 1738 792 1777 αν
804 1713 1027 1795 γενεσθαι,
997 1707 1094 1776 δια
1104 1732 1174 1774 πα
1255 1642 1257 1769 ὑ

172 1831 231 1890 σης
246 1814 442 1892 φιλοσοφίας
455 1807 663 1927 χωρήσαντες
679 1804 885 1929 ἑλοίμεθα
849 1832 911 1893 την
931 1803 1172 1892 ἀληθεστάτην.

172 1902 240 1972 εἶτα
260 1905 468 1991 λογιζόμενος
488 1907 571 1973 ἐτῶν
585 1903 750 1991 ἀριθμόν,
773 1903 898 1983 ’ὁπόσος
911 1904 1032 1993 ἑκάστη
1045 1901 1171 1987 ἱκανός,

171 1997 422 2085 ὑπερεξέπιπτες
438 2000 664 2089 ἀπομηκύνων
678 2000 715 2069 τό
732 2010 866 2089 πρᾶγμα
878 2005 911 2080 ἐς
927 1996 1043 2086 γενεάς
1059 1998 1171 2084 ἄλλας,

103 2112 154 2167 809
175 2098 218 2179 ὡς
241 2097 451 2187 ὑπερήμερον
472 2109 649 2188 γίγνεσθαι
670 2099 811 2187 τάληθὲς
830 2108 891 2169 τοῦ
913 2101 1054 2168 ἑκάστου
1076 2106 1175 2186 βίου·

171 2206 333 2266 τελευτῶν
354 2197 389 2266 δὲ
404 2202 460 2267 καὶ
478 2208 575 2270 τοῦτο
591 2198 673 2268 αύτὺ
690 2198 753 2267 ούκ
772 2199 1010 2267 ἀνενδοίαστον
1025 2195 1175 2282 ἀποφαί-

171 2312 256 2377 νεις,
271 2294 396 2382 ἀδηλον
411 2296 497 2365 εἶναι
510 2303 631 2385 λέγων,
654 2308 719 2367 εἴτε
738 2296 874 2383 εὕρηται
890 2296 973 2380 πρὸς
992 2305 1060 2364 τοῖν
1073 2306 1178 2382 φιλο-

172 2396 371 2482 σοφούντων
384 2396 486 2464 πάλαι
498 2396 640 2484 τάληθὲς
652 2405 715 2464 ελτε
730 2398 784 2462 καὶ
798 2396 853 2481 μή.

253 2500 353 2563 ΛΤΚ.
376 2491 430 2561 Σὺ
445 2496 481 2561 δὲ
496 2502 582 2579 πῶς,
607 2489 633 2561 οἷ
649 2492 837 2579 Ἑρμότιμε,
855 2494 974 2561 δύναιο
991 2489 1034 2559 ἀν
1048 2497 1179 2580 ἐπομο-

172 2593 313 2679 σάμενος
330 2598 434 2661 εἰπεῖν
450 2590 502 2661 ὅτι
517 2592 653 2680 εὕρηται
667 2588 750 2673 πρὸς
767 2589 894 2673 αὐτῶν,

254 2700 359 2760 ΕΡΜ.
379 2688 458 2776 Ἐγὺ
475 2691 536 2776 μὲν
551 2690 613 2759 ούκ
630 2687 674 2760 ἀν
688 2688 852 2777 ὀμόσαιμι.

156 2846 159 2853 ,
254 2798 353 2859 ΛΤΚ.
375 2796 493 2857 Καίτοι
509 2790 596 2867 πόσα
612 2789 695 2859 ἀλλα
709 2790 868 2873 παρεῖδον
883 2786 971 2855 ἑκύν
990 2808 1044 2854 σοι
1060 2788 1179 2867 ἐξετά-

171 2910 254 2965 σεως
268 2893 396 2973 μακράς
408 2890 462 2955 καὶ
478 2885 562 2957 αύτά
580 2889 736 2975 δεόμενα;

148 3014 151 3017 ·
252 2992 303 3054 68.
326 2992 430 3053 ΕΡΜ.
456 2982 503 3053 Τά
519 3000 614 3069 ποίας

252 3092 351 3154 AYK.
372 3082 445 3153 Οὐκ
462 3084 593 3164 ἀκούεις
607 3093 675 3153 τῶν
692 3092 851 3155 Στωικῶν
865 3081 1135 3172 ήΈπικουρείωυ
1150 3080 1179 3170 ἦ

168 3190 393 3253 Πλατωνικῶν
407 3182 490 3253 εἶναι
506 3185 705 3269 φασκόντων
719 3183 798 3263 τούς
813 3185 874 3271 μὲν
886 3188 1008 3255 ελδὲυαι
1018 3180 1097 3261 τούς
1111 3184 1179 3251 λό-

168 3309 249 3369 γους
259 3282 435 3367 ἑκάστους,
452 3281 531 3363 τούς
542 3284 577 3352 δὲ
588 3286 651 3371 μή,
667 3291 773 3354 καίτοι
783 3287 823 3353 τά
834 3312 872 3371 γε
883 3284 965 3354 ἀλλα
977 3285 1069 3352 πάνυ
1080 3279 1178 3365 ἀξιο-

172 3384 306 3467 πίστους
321 3378 435 3463 όνταςη
