2550 3825
180 153 242 217 ³56
542 155 843 214 AOYKIANOY

181 310 308 382 ὁπόταν
317 321 581 401 καταγωνίσηται
591 313 651 382 τόν
658 312 840 382 ἀντίπαλον
851 313 955 382 αύτόν
966 317 1020 382 καὶ
1029 314 1189 401 κρατήση,

181 409 246 478 ὁδ’
263 410 496 502 ἀπαγορεύση,
512 411 618 490 ἄλλως
628 412 664 479 δέ
675 409 734 494 ούς
753 409 798 498 μή
815 419 932 480 τοίνυν
943 415 1026 499 μηδὲ
1036 410 1190 496 Ἑρμότι·

182 534 242 594 μος
263 506 324 596 ἀφ’
352 502 401 577 ῶν
423 506 466 577 ἀν
485 515 520 578 οί
538 511 731 577 διδάσκαλοι
752 507 857 577 αὐτοῦ
879 518 1082 597 σκιαμαχῶσι
1105 507 1190 595 πρός

183 714 267 772 αὕτα
290 703 373 773 εἶναι
389 704 436 785 ῶς
455 705 700 791 ἀνατρέπεσθαι
721 711 858 797 ῥᾳδίως·
888 710 958 776 ἐπεὶ
974 705 1011 774 τό
1033 713 1189 775 τοιοῦτον

183 800 302 888 ὅμοιον
317 800 361 871 ἀν
376 801 460 871 εἶναι
476 819 543 882 τοῖς
557 813 625 872 τῶν
638 809 781 872 παιδίων
795 805 1071 890 οἰκοδομήμασιν,
1088 801 1185 870 ἀκα-

183 902 447 980 τασκευάσαντες
467 905 586 970 ἐκείνοι
608 901 736 989 ἀσθενῆ
753 899 859 981 εὐθύς
879 899 1143 987 ἀνατρέπουσιν,
1167 897 1188 985 ἦ

184 1002 237 1067 καὶ
251 997 292 1086 νή
308 1007 374 1069 Δία
390 1015 458 1079 τοῖς
472 1001 618 1081 τοξεύειν
629 1009 825 1087 μελετῶσιν,
841 1007 877 1068 οἳ
887 1000 1000 1086 κάρφη
1015 999 1091 1069 τινά
1102 1018 1186 1066 συν-

185 1098 360 1185 δήσαντες,
386 1103 496 1166 ἔπειτα
517 1101 569 1167 έπὶ
586 1107 708 1167 κοντοῦ
729 1100 889 1186 πήξαντες
906 1097 947 1166 ού
968 1099 1083 1185 πόρρω
1103 1122 1188 1186 προ-

184 1199 322 1281 θέμενοι
339 1197 549 1282 στοχάζονται
568 1196 736 1284 ἀφιέντες,
757 1200 812 1265 καί
832 1193 875 1284 ἢν
895 1196 1019 1282 τύχωσί
1038 1222 1118 1263 ποτε
1132 1199 1188 1264 καὶ

184 1297 377 1376 διαπείρωσι
392 1292 432 1361 τά
447 1296 576 1382 κάρφη,
592 1294 778 1383 ἀνέκραγον
789 1292 895 1373 εύθύς
911 1293 956 1373 ῶς
970 1322 1001 1363 τι
1014 1297 1098 1380 μέγα
1111 1318 1188 1362 ποι·
1256 1326 1257 1375 γ

183 1391 339 1478 ήσαντες,
356 1397 386 1459 εί
400 1394 634 1479 διεξελήλυθεν
650 1391 762 1472 αὐτοῖς
775 1391 812 1461 τό
827 1397 923 1480 βέλος
943 1391 997 1461 διὰ
1012 1402 1081 1459 τῶν
1096 1417 1187 1478 φρυ-

183 1491 307 1576 γάνων.
330 1488 403 1559 ἀλλ’
420 1491 462 1559 ού
475 1496 601 1578 Πέρσαι
614 1519 653 1579 γε
670 1490 759 1559 οὕτω
772 1498 929 1560 ποιοῦσιν
942 1489 1021 1558 οὐδὲ
1033 1497 1188 1558 Σκυθῶν

185 1586 258 1655 ὅσοι
281 1589 427 1675 τοξόται,
449 1588 532 1659 ἀλλά
555 1598 689 1676 πρῶτον
705 1590 767 1676 μέν
787 1587 881 1656 αὐτοὶ
903 1588 1097 1673 κινούμενοι
1120 1585 1185 1673 ἀφ’

184 1688 297 1753 ’ίππων
312 1685 356 1766 ῶς
370 1685 406 1755 τό
422 1687 508 1757 πολύ
523 1690 733 1773 τοξεύουσιν,
754 1694 865 1756 ἔπειτα
876 1690 912 1756 δέ
926 1690 981 1757 καί
994 1685 1034 1755 τά
1048 1688 1184 1767 τοξευό-
1256 1776 1257 1779 ¹

185 1809 270 1868 μενα
289 1794 455 1851 κινεῖσθαι
469 1781 635 1870 ἀξιοῦσιν,
656 1783 718 1871 οὐχ
733 1787 855 1852 ἑστῶτα
875 1782 953 1852 οὐδὲ
968 1786 1188 1870 περιμένοντα
1256 1796 1257 1799 ’

118 1897 174 1957 775·
188 1878 224 1947 τό
242 1882 352 1968 βέλος,
377 1878 443 1950 ἔστ’
461 1877 504 1950 ἀν
520 1885 659 1971 έμπέση,
679 1881 762 1952 ἀλλά
778 1883 1054 1970 διαδιδράσκοντα
1070 1909 1115 1962 ις
1137 1887 1187 1950 ένι

188 1979 344 2063 μάλιστα·
373 1987 476 2066 θηρία
490 1985 530 2068 γε’
543 2008 594 2049 τοι
614 1981 659 2062 ῶς
675 1980 712 2049 τό
729 1980 816 2051 πολύ
837 1983 1109 2067 κατατοξεύουσι,
1132 1984 1188 2048 καὶ

186 2073 335 2162 ὀρνίθων
349 2083 433 2147 ένιοι
453 2082 684 2167 τυγχάνουσιν.
712 2077 757 2167 ήν
774 2084 812 2149 δέ
824 2083 972 2149 ποτεκαὶ
986 2082 1039 2148 ἐπὶ
1058 2088 1191 2147 σκοποῦ
1257 2153 1258 2156 ¹

187 2178 244 2265 δέη
260 2185 462 2263 πειραθῆναι
476 2186 537 2247 τοῦ
550 2180 652 2247 τόνου
665 2187 723 2265 τῆς
735 2187 877 2266 πληγῆς,
894 2180 994 2258 ξύλον
1005 2176 1190 2245 ἀντίτυπον
1257 2217 1258 2268 χ

186 2270 207 2358 ή
224 2272 346 2345 ἀσπίδα
362 2275 550 2364 ῶμοβοΐνην
565 2282 768 2365 προθέμενοι
784 2279 1016 2362 διελαύνουσι,
1031 2278 1086 2343 καὶ
1097 2273 1191 2342 οὕτω
1257 2285 1258 2358 j

187 2374 398 2461 πιστεύουσι,
415 2371 480 2443 κάν
494 2375 540 2445 δι’
558 2375 672 2443 ὅπλων
689 2387 782 2463 σφίσι
796 2384 942 2464 χωρῆσαι
953 2373 1031 2454 τούς
1045 2375 1189 2452 οἰστούς.

123 2496 125 2501 ·
188 2474 257 2541 είπέ
271 2479 404 2559 τοίνυν,
423 2466 603 2561 ῶΛυκῑνε,
624 2472 703 2561 παρ’
722 2472 817 2561 ήμῶν
825 2472 1007 2564 Ἑρμοτίμῳ
1022 2470 1073 2559 ὅτι
1089 2476 1124 2540 οί
1137 2477 1191 2539 δι-

188 2571 346 2638 δάσκαλοι
366 2568 471 2638 αὐτοῦ
491 2573 649 2660 φρύγανα
673 2578 876 2660 προθέμενοι
899 2571 1192 2657 κατατοξεύουσιν,

189 2667 256 2737 είτά
267 2690 370 2754 φασιν
384 2667 517 2756 ἀνδρῶν
529 2670 747 2760 ὡπλισμένων
761 2676 1013 2760 κεκρατηκέναι,
1027 2673 1082 2740 καί
1099 2672 1193 2739 εἰκό-

187 2794 249 2846 νας
272 2766 366 2853 ήμῶν
390 2769 599 2857 γραυάμενοι
626 2772 831 2839 πυκτεύουσι
854 2768 937 2859 πρός
960 2774 1101 2857 ἐκείνας,
1134 2773 1195 2838 καὶ

187 2867 425 2952 κρατήσαντες,
447 2865 489 2947 ῶς
506 2866 542 2935 τό
559 2871 662 2955 είκός,
683 2868 779 2957 ήμῶν
793 2886 926 2960 κρατεῖν
943 2881 1079 2941 οἴονται.
1103 2867 1194 2940 ἀλλὰ

188 2971 332 3051 φαίημεν
343 2962 387 3033 ἀν
397 2968 532 3046 ἕκαστος
542 2965 624 3052 πρός
635 2965 758 3047 αύτούς
768 2966 808 3036 τά
819 2977 879 3038 τοῦ
891 2968 1059 3056 Ἀχιλλέως
1067 2972 1195 3056 ἐκεῖνα,

187 3064 210 3133 ἀ
224 3086 306 3152 φησι
322 3068 397 3149 περὶ
411 3064 646 3150 τούἝκπορος,
665 3065 716 3137 ὅτι

314 3162 354 3231 ού
368 3164 432 3251 γὰρ
448 3167 527 3251 ἐμῆς
541 3166 690 3250 κόρυθος
704 3169 884 3237 λεύσσουσι
897 3176 1060 3254 μέτωπον.

186 3270 289 3332 ταῦτα
303 3266 364 3350 μέν
379 3268 413 3332 οί
425 3264 610 3350 ξύμπαντες
620 3268 658 3333 έν
671 3274 717 3354 τῷ
729 3270 820 3352 μέρει
830 3268 975 3346 ἕκαστος.
998 3271 1047 3335 34.
1063 3263 1197 3335 ὁΠλά-

185 3388 254 3429 των
269 3359 302 3429 δ’
318 3362 361 3430 ἀν
378 3388 435 3449 μοι
453 3368 546 3431 δοκεῖ
558 3364 612 3431 καὶ
626 3366 852 3450 διηγήσασθαί
862 3392 893 3432 τι
906 3373 974 3433 τῶν
989 3370 1198 3447 έκΣικελίαςΙ
