<?xml version="1.0" encoding="UTF-8"?>
<!DOCTYPE html PUBLIC "-//W3C//DTD XHTML 1.0 Transitional//EN"
    "http://www.w3.org/TR/xhtml1/DTD/xhtml1-transitional.dtd">
<html xmlns="http://www.w3.org/1999/xhtml" xml:lang="en" lang="en">
 <head>
  <title>
</title>
<meta http-equiv="Content-Type" content="text/html;charset=utf-8" />
  <meta name='ocr-system' content='tesseract 3.04.00' />
  <meta name='ocr-capabilities' content='ocr_page ocr_carea ocr_par ocr_line ocrx_word'/>
</head>
<body>
  <div class='ocr_page' id='page_1' title='image "./lucianisamosate03jacogoog/lucianisamosate03jacogoog_0133.png"; bbox 0 0 2550 3825; ppageno 0'>
   <div class='ocr_carea' id='block_1_1' title="bbox 181 187 834 250">
    <p class='ocr_par' dir='ltr' id='par_1_1' title="bbox 181 187 834 250">
     <span class='ocr_line' id='line_1_1' title="bbox 181 187 834 250; baseline 0 -2"><span class='ocrx_word' id='word_1_1' title='bbox 181 187 242 248; x_wconf 81' lang='lat'><strong><em>114</em></strong></span> <span class='ocrx_word' id='word_1_2' title='bbox 525 189 834 250; x_wconf 71' lang='grc' dir='ltr'><strong><em>ΛΟῬΚΙΑΝΟΊ1</em></strong></span> 
     </span>
    </p>
   </div>
   <div class='ocr_carea' id='block_1_2' title="bbox 112 344 1271 3484">
    <p class='ocr_par' dir='ltr' id='par_1_2' title="bbox 178 344 1182 1022">
     <span class='ocr_line' id='line_1_2' title="bbox 178 344 1180 435; baseline 0.001 -22"><span class='ocrx_word' id='word_1_3' title='bbox 178 365 240 425; x_wconf 87' lang='grc' dir='ltr'><strong><em>σας</em></strong></span> <span class='ocrx_word' id='word_1_4' title='bbox 259 344 296 414; x_wconf 87' lang='grc' dir='ltr'>τό</span> <span class='ocrx_word' id='word_1_5' title='bbox 318 346 423 434; x_wconf 79' lang='grc' dir='ltr'><strong><em>ἅρμα,</em></strong></span> <span class='ocrx_word' id='word_1_6' title='bbox 445 346 480 428; x_wconf 80' lang='grc' dir='ltr'><strong><em>ὃς</em></strong></span> <span class='ocrx_word' id='word_1_7' title='bbox 499 346 539 416; x_wconf 87' lang='grc' dir='ltr'><strong><em>τά</em></strong></span> <span class='ocrx_word' id='word_1_8' title='bbox 556 352 618 434; x_wconf 77' lang='grc' dir='ltr'><strong><em>μὲν</em></strong></span> <span class='ocrx_word' id='word_1_9' title='bbox 636 352 812 434; x_wconf 80' lang='grc' dir='ltr'><strong><em>κατέφλεξε</em></strong></span> <span class='ocrx_word' id='word_1_10' title='bbox 832 349 1007 435; x_wconf 76' lang='grc' dir='ltr'><strong><em>πρόσγειος</em></strong></span> <span class='ocrx_word' id='word_1_11' title='bbox 1024 351 1180 434; x_wconf 85' lang='grc' dir='ltr'><strong><em>ἐνεχθείς,</em></strong></span> 
     </span>
     <span class='ocr_line' id='line_1_3' title="bbox 178 440 1180 535; baseline 0.002 -25"><span class='ocrx_word' id='word_1_12' title='bbox 178 440 219 510; x_wconf 82' lang='grc' dir='ltr'><strong><em>τά</em></strong></span> <span class='ocrx_word' id='word_1_13' title='bbox 231 443 266 512; x_wconf 79' lang='grc' dir='ltr'><strong><em>δὲ</em></strong></span> <span class='ocrx_word' id='word_1_14' title='bbox 279 441 344 512; x_wconf 81' lang='grc' dir='ltr'><strong><em>ὑπὸ</em></strong></span> <span class='ocrx_word' id='word_1_15' title='bbox 357 447 482 531; x_wconf 78' lang='grc' dir='ltr'><strong><em>κρύους</em></strong></span> <span class='ocrx_word' id='word_1_16' title='bbox 494 451 723 534; x_wconf 77' lang='grc' dir='ltr'><strong><em>διαφθαρῆναι</em></strong></span> <span class='ocrx_word' id='word_1_17' title='bbox 735 450 866 535; x_wconf 87' lang='grc' dir='ltr'><strong><em>ἐποίησε</em></strong></span> <span class='ocrx_word' id='word_1_18' title='bbox 877 444 963 516; x_wconf 80' lang='grc' dir='ltr'><strong><em>πολύ</em></strong></span> <span class='ocrx_word' id='word_1_19' title='bbox 974 444 1086 514; x_wconf 80' lang='grc' dir='ltr'><strong><em>αὐτῶν</em></strong></span> <span class='ocrx_word' id='word_1_20' title='bbox 1097 443 1180 512; x_wconf 77' lang='grc' dir='ltr'><strong><em>άπο·</em></strong></span> 
     </span>
     <span class='ocr_line' id='line_1_4' title="bbox 179 541 1182 630; baseline -0.001 -21"><span class='ocrx_word' id='word_1_21' title='bbox 179 541 308 621; x_wconf 80' lang='grc' dir='ltr'><strong><em>σπάσας</em></strong></span> <span class='ocrx_word' id='word_1_22' title='bbox 322 570 357 612; x_wconf 93' lang='grc' dir='ltr'><strong><em>το</em></strong></span> <span class='ocrx_word' id='word_1_23' title='bbox 375 552 459 630; x_wconf 83' lang='grc' dir='ltr'><strong><em>πῦρ,</em></strong></span> <span class='ocrx_word' id='word_1_24' title='bbox 481 547 536 614; x_wconf 81' lang='grc' dir='ltr'><strong><em>καὶ</em></strong></span> <span class='ocrx_word' id='word_1_25' title='bbox 558 543 643 623; x_wconf 82' lang='grc' dir='ltr'><strong><em>ὅλος</em></strong></span> <span class='ocrx_word' id='word_1_26' title='bbox 659 543 759 614; x_wconf 68' lang='grc' dir='ltr'><strong><em>οὐδὲν</em></strong></span> <span class='ocrx_word' id='word_1_27' title='bbox 775 544 839 612; x_wconf 84' lang='grc' dir='ltr'><strong><em>ὅτι</em></strong></span> <span class='ocrx_word' id='word_1_28' title='bbox 859 543 901 612; x_wconf 88' lang='grc' dir='ltr'><strong><em>ού</em></strong></span> <span class='ocrx_word' id='word_1_29' title='bbox 915 545 1111 627; x_wconf 76' lang='grc' dir='ltr'><strong><em>ξυνετάραξε</em></strong></span> <span class='ocrx_word' id='word_1_30' title='bbox 1126 543 1182 609; x_wconf 78' lang='grc' dir='ltr'><strong><em>καὶ</em></strong></span> 
     </span>
     <span class='ocr_line' id='line_1_5' title="bbox 179 639 1182 731; baseline 0 -25"><span class='ocrx_word' id='word_1_31' title='bbox 179 643 325 725; x_wconf 79' lang='grc' dir='ltr'><strong><em>ξυνέχεε,</em></strong></span> <span class='ocrx_word' id='word_1_32' title='bbox 347 642 402 709; x_wconf 83' lang='grc' dir='ltr'><strong><em>καὶ</em></strong></span> <span class='ocrx_word' id='word_1_33' title='bbox 418 648 448 709; x_wconf 85' lang='grc' dir='ltr'><strong><em>εί</em></strong></span> <span class='ocrx_word' id='word_1_34' title='bbox 466 639 509 727; x_wconf 87' lang='grc' dir='ltr'><strong><em>μῆ</em></strong></span> <span class='ocrx_word' id='word_1_35' title='bbox 526 640 590 727; x_wconf 81' lang='grc' dir='ltr'><strong><em>έγιδ</em></strong></span> <span class='ocrx_word' id='word_1_36' title='bbox 606 645 714 722; x_wconf 81' lang='grc' dir='ltr'><strong><em>ξυνεὶς</em></strong></span> <span class='ocrx_word' id='word_1_37' title='bbox 729 641 766 711; x_wconf 86' lang='grc' dir='ltr'><strong><em>τδ</em></strong></span> <span class='ocrx_word' id='word_1_38' title='bbox 782 644 984 731; x_wconf 86' lang='grc' dir='ltr'><strong><em>γιγνόμενον</em></strong></span> <span class='ocrx_word' id='word_1_39' title='bbox 999 645 1182 727; x_wconf 86' lang='grc' dir='ltr'><strong><em>κατέβαλον</em></strong></span> 
     </span>
     <span class='ocr_line' id='line_1_6' title="bbox 179 735 1182 829; baseline 0.001 -25"><span class='ocrx_word' id='word_1_40' title='bbox 179 735 284 805; x_wconf 81' lang='grc' dir='ltr'><strong><em>αιἰτδν</em></strong></span> <span class='ocrx_word' id='word_1_41' title='bbox 294 745 339 828; x_wconf 77' lang='grc' dir='ltr'><strong><em>τῷ</em></strong></span> <span class='ocrx_word' id='word_1_42' title='bbox 355 749 525 829; x_wconf 73' lang='grc' dir='ltr'><strong><em>κεραυνῷ,</em></strong></span> <span class='ocrx_word' id='word_1_43' title='bbox 542 739 620 808; x_wconf 69' lang='grc' dir='ltr'><strong><em>οὐδὲ</em></strong></span> <span class='ocrx_word' id='word_1_44' title='bbox 634 749 795 821; x_wconf 80' lang='grc' dir='ltr'><strong><em>λείψανον</em></strong></span> <span class='ocrx_word' id='word_1_45' title='bbox 805 739 1000 826; x_wconf 82' lang='grc' dir='ltr'><strong><em>άνθράπων</em></strong></span> <span class='ocrx_word' id='word_1_46' title='bbox 1011 743 1182 825; x_wconf 80' lang='grc' dir='ltr'><strong><em>ἐπέμεινεν</em></strong></span> 
     </span>
     <span class='ocr_line' id='line_1_7' title="bbox 178 834 1181 926; baseline 0.004 -24"><span class='ocrx_word' id='word_1_47' title='bbox 178 834 237 902; x_wconf 87' lang='grc' dir='ltr'><strong><em>άν·</em></strong></span> <span class='ocrx_word' id='word_1_48' title='bbox 260 846 414 905; x_wconf 83' lang='grc' dir='ltr'><strong><em>τοιούτου</em></strong></span> <span class='ocrx_word' id='word_1_49' title='bbox 425 834 505 924; x_wconf 77' lang='grc' dir='ltr'><strong><em>ἡμῖν</em></strong></span> <span class='ocrx_word' id='word_1_50' title='bbox 517 835 654 926; x_wconf 86' lang='grc' dir='ltr'><strong><em>ῆνίοχου</em></strong></span> <span class='ocrx_word' id='word_1_51' title='bbox 667 841 727 908; x_wconf 90' lang='grc' dir='ltr'><strong><em>τόν</em></strong></span> <span class='ocrx_word' id='word_1_52' title='bbox 739 840 843 910; x_wconf 82' lang='grc' dir='ltr'><strong><em>καλὸν</em></strong></span> <span class='ocrx_word' id='word_1_53' title='bbox 854 845 983 909; x_wconf 75' lang='grc' dir='ltr'><strong><em>ἐκεῖνον</em></strong></span> <span class='ocrx_word' id='word_1_54' title='bbox 993 842 1047 908; x_wconf 82' lang='grc' dir='ltr'><strong><em>καὶ</em></strong></span> <span class='ocrx_word' id='word_1_55' title='bbox 1059 843 1181 924; x_wconf 87' lang='grc' dir='ltr'><strong><em>διφρη-</em></strong></span> 
     </span>
     <span class='ocr_line' id='line_1_8' title="bbox 179 935 520 1022; baseline 0 -20"><span class='ocrx_word' id='word_1_56' title='bbox 179 935 284 1021; x_wconf 86' lang='grc' dir='ltr'><strong><em>λάτην</em></strong></span> <span class='ocrx_word' id='word_1_57' title='bbox 300 937 520 1022; x_wconf 79' lang='grc' dir='ltr'><strong><em>ἐκπέπομφας.</em></strong></span> 
     </span>
    </p>

    <p class='ocr_par' dir='ltr' id='par_1_3' title="bbox 179 1029 1183 1319">
     <span class='ocr_line' id='line_1_9' title="bbox 263 1029 1183 1126; baseline 0.001 -25"><span class='ocrx_word' id='word_1_58' title='bbox 263 1041 337 1101; x_wconf 90' lang='grc' dir='ltr'><strong><em>ΗΛ.</em></strong></span> <span class='ocrx_word' id='word_1_59' title='bbox 351 1032 538 1123; x_wconf 86' lang='grc' dir='ltr'><strong><em>Ἥμαρτον,</em></strong></span> <span class='ocrx_word' id='word_1_60' title='bbox 557 1029 583 1104; x_wconf 68' lang='grc' dir='ltr'><strong><em>οἶ</em></strong></span> <span class='ocrx_word' id='word_1_61' title='bbox 592 1045 675 1123; x_wconf 81' lang='grc' dir='ltr'><strong><em>Ζεῦ,</em></strong></span> <span class='ocrx_word' id='word_1_62' title='bbox 690 1035 773 1107; x_wconf 84' lang='grc' dir='ltr'><strong><em>άλλά</em></strong></span> <span class='ocrx_word' id='word_1_63' title='bbox 788 1035 832 1126; x_wconf 86' lang='grc' dir='ltr'><strong><em>μή</em></strong></span> <span class='ocrx_word' id='word_1_64' title='bbox 847 1041 1039 1124; x_wconf 80' lang='grc' dir='ltr'><strong><em>χαλέπαινε,</em></strong></span> <span class='ocrx_word' id='word_1_65' title='bbox 1055 1042 1084 1104; x_wconf 89' lang='grc' dir='ltr'><strong><em>εί</em></strong></span> <span class='ocrx_word' id='word_1_66' title='bbox 1093 1039 1183 1103; x_wconf 88' lang='grc' dir='ltr'><strong><em>έπεί·</em></strong></span> 
     </span>
     <span class='ocr_line' id='line_1_10' title="bbox 180 1133 1182 1223; baseline 0.001 -25"><span class='ocrx_word' id='word_1_67' title='bbox 180 1142 271 1218; x_wconf 87' lang='grc' dir='ltr'><strong><em>σθην</em></strong></span> <span class='ocrx_word' id='word_1_68' title='bbox 287 1137 351 1223; x_wconf 76' lang='grc' dir='ltr'><strong><em>υίῷ</em></strong></span> <span class='ocrx_word' id='word_1_69' title='bbox 371 1133 477 1202; x_wconf 85' lang='grc' dir='ltr'><strong><em>πολλά</em></strong></span> <span class='ocrx_word' id='word_1_70' title='bbox 498 1136 698 1204; x_wconf 68' lang='grc' dir='ltr'><strong><em>ίκετεύοντιτ</em></strong></span> <span class='ocrx_word' id='word_1_71' title='bbox 725 1136 834 1204; x_wconf 87' lang='grc' dir='ltr'><strong><em>πόθεν</em></strong></span> <span class='ocrx_word' id='word_1_72' title='bbox 849 1135 913 1223; x_wconf 84' lang='grc' dir='ltr'><strong><em>γάρ</em></strong></span> <span class='ocrx_word' id='word_1_73' title='bbox 930 1133 974 1204; x_wconf 84' lang='grc' dir='ltr'><strong><em>άν</em></strong></span> <span class='ocrx_word' id='word_1_74' title='bbox 989 1138 1044 1204; x_wconf 82' lang='grc' dir='ltr'><strong><em>καὶ</em></strong></span> <span class='ocrx_word' id='word_1_75' title='bbox 1059 1133 1182 1220; x_wconf 79' lang='grc' dir='ltr'><strong><em>ἤλπισα</em></strong></span> 
     </span>
     <span class='ocr_line' id='line_1_11' title="bbox 179 1233 706 1319; baseline 0.009 -22"><span class='ocrx_word' id='word_1_76' title='bbox 179 1238 352 1315; x_wconf 84' lang='grc' dir='ltr'><strong><em>τηλικοῦτο</em></strong></span> <span class='ocrx_word' id='word_1_77' title='bbox 366 1233 569 1319; x_wconf 86' lang='grc' dir='ltr'><strong><em>γενήσεσθαι</em></strong></span> <span class='ocrx_word' id='word_1_78' title='bbox 585 1235 706 1315; x_wconf 83' lang='grc' dir='ltr'><strong><em>κακόν;</em></strong></span> 
     </span>
    </p>

    <p class='ocr_par' dir='ltr' id='par_1_4' title="bbox 180 1329 1183 1617">
     <span class='ocr_line' id='line_1_12' title="bbox 264 1329 1183 1421; baseline -0.002 -23"><span class='ocrx_word' id='word_1_79' title='bbox 264 1338 389 1399; x_wconf 73' lang='grc' dir='ltr'><em>ΖΕΥΣ.</em></span> <span class='ocrx_word' id='word_1_80' title='bbox 409 1329 482 1399; x_wconf 85' lang='grc' dir='ltr'><strong><em>Οὐκ</em></strong></span> <span class='ocrx_word' id='word_1_81' title='bbox 492 1330 598 1421; x_wconf 82' lang='grc' dir='ltr'><strong><em>ῆδεις,</em></strong></span> <span class='ocrx_word' id='word_1_82' title='bbox 616 1331 696 1419; x_wconf 81' lang='grc' dir='ltr'><strong><em>ὅσης</em></strong></span> <span class='ocrx_word' id='word_1_83' title='bbox 706 1335 808 1401; x_wconf 77' lang='grc' dir='ltr'><strong><em>ἐδεῖτο</em></strong></span> <span class='ocrx_word' id='word_1_84' title='bbox 821 1330 988 1419; x_wconf 71' lang='grc' dir='ltr'><strong><em>ἀκριβείας</em></strong></span> <span class='ocrx_word' id='word_1_85' title='bbox 1000 1330 1036 1400; x_wconf 87' lang='grc' dir='ltr'><strong><em>τδ</em></strong></span> <span class='ocrx_word' id='word_1_86' title='bbox 1048 1338 1183 1416; x_wconf 79' lang='grc' dir='ltr'><strong><em>πρᾶγμα</em></strong></span> 
     </span>
     <span class='ocr_line' id='line_1_13' title="bbox 181 1427 1182 1519; baseline 0.001 -24"><span class='ocrx_word' id='word_1_87' title='bbox 181 1427 314 1515; x_wconf 75' lang='grc' dir='ltr'><strong><em>καλάς,</em></strong></span> <span class='ocrx_word' id='word_1_88' title='bbox 341 1435 371 1498; x_wconf 87' lang='grc' dir='ltr'><strong><em>εί</em></strong></span> <span class='ocrx_word' id='word_1_89' title='bbox 389 1431 497 1517; x_wconf 89' lang='grc' dir='ltr'><strong><em>βραχύ</em></strong></span> <span class='ocrx_word' id='word_1_90' title='bbox 517 1457 565 1509; x_wconf 90' lang='grc' dir='ltr'><strong><em>τις</em></strong></span> <span class='ocrx_word' id='word_1_91' title='bbox 586 1434 700 1519; x_wconf 80' lang='grc' dir='ltr'><strong><em>ἐκβαίη</em></strong></span> <span class='ocrx_word' id='word_1_92' title='bbox 722 1439 778 1517; x_wconf 89' lang='grc' dir='ltr'><strong><em>τῆς</em></strong></span> <span class='ocrx_word' id='word_1_93' title='bbox 795 1429 893 1516; x_wconf 83' lang='grc' dir='ltr'><strong><em>ὁδοῦ,</em></strong></span> <span class='ocrx_word' id='word_1_94' title='bbox 921 1441 1041 1517; x_wconf 85' lang='grc' dir='ltr'><strong><em>οίχεται</em></strong></span> <span class='ocrx_word' id='word_1_95' title='bbox 1056 1430 1182 1511; x_wconf 71' lang='grc' dir='ltr'><strong><em>πάντας</em></strong></span> 
     </span>
     <span class='ocr_line' id='line_1_14' title="bbox 180 1525 1183 1617; baseline 0.001 -24"><span class='ocrx_word' id='word_1_96' title='bbox 180 1525 312 1613; x_wconf 87' lang='grc' dir='ltr'><strong><em>ήγυόεις</em></strong></span> <span class='ocrx_word' id='word_1_97' title='bbox 334 1527 370 1594; x_wconf 75' lang='grc' dir='ltr'><strong><em>δέ</em></strong></span> <span class='ocrx_word' id='word_1_98' title='bbox 390 1531 444 1596; x_wconf 80' lang='grc' dir='ltr'><strong><em>καλ</em></strong></span> <span class='ocrx_word' id='word_1_99' title='bbox 464 1536 532 1597; x_wconf 70' lang='grc' dir='ltr'><strong><em>τοῖν</em></strong></span> <span class='ocrx_word' id='word_1_100' title='bbox 547 1532 660 1597; x_wconf 82' lang='grc' dir='ltr'><strong><em>ἵππων</em></strong></span> <span class='ocrx_word' id='word_1_101' title='bbox 674 1529 734 1597; x_wconf 87' lang='grc' dir='ltr'><strong><em>τδν</em></strong></span> <span class='ocrx_word' id='word_1_102' title='bbox 745 1533 875 1617; x_wconf 90' lang='grc' dir='ltr'><strong><em>θυμόν,</em></strong></span> <span class='ocrx_word' id='word_1_103' title='bbox 902 1527 945 1608; x_wconf 80' lang='grc' dir='ltr'><strong><em>ὡς</em></strong></span> <span class='ocrx_word' id='word_1_104' title='bbox 965 1534 1017 1598; x_wconf 78' lang='grc' dir='ltr'><strong><em>δεῖ</em></strong></span> <span class='ocrx_word' id='word_1_105' title='bbox 1035 1531 1183 1614; x_wconf 84' lang='grc' dir='ltr'><strong><em>ξυνέχειν</em></strong></span> 
     </span>
    </p>

    <p class='ocr_par' dir='ltr' id='par_1_5' title="bbox 144 1623 1184 2109">
     <span class='ocr_line' id='line_1_15' title="bbox 144 1623 1184 1716; baseline 0.002 -26"><span class='ocrx_word' id='word_1_106' title='bbox 144 1683 147 1688; x_wconf 97' lang='grc'>.</span> <span class='ocrx_word' id='word_1_107' title='bbox 181 1623 311 1713; x_wconf 89' lang='grc' dir='ltr'><strong><em>άνάγκη</em></strong></span> <span class='ocrx_word' id='word_1_108' title='bbox 332 1623 391 1692; x_wconf 79' lang='grc' dir='ltr'><strong><em>τὸν</em></strong></span> <span class='ocrx_word' id='word_1_109' title='bbox 410 1628 564 1712; x_wconf 81' lang='grc' dir='ltr'><strong><em>χαλινόν;</em></strong></span> <span class='ocrx_word' id='word_1_110' title='bbox 585 1634 615 1695; x_wconf 90' lang='grc' dir='ltr'><strong><em>εί</em></strong></span> <span class='ocrx_word' id='word_1_111' title='bbox 634 1627 699 1714; x_wconf 86' lang='grc' dir='ltr'><strong><em>γάρ</em></strong></span> <span class='ocrx_word' id='word_1_112' title='bbox 722 1633 832 1716; x_wconf 80' lang='grc' dir='ltr'><strong><em>ἐνδοίη</em></strong></span> <span class='ocrx_word' id='word_1_113' title='bbox 849 1630 914 1714; x_wconf 77' lang='grc' dir='ltr'><strong><em>τἰς,</em></strong></span> <span class='ocrx_word' id='word_1_114' title='bbox 940 1624 1184 1714; x_wconf 78' lang='grc' dir='ltr'><strong><em>ἀφηνιάζουσιν</em></strong></span> 
     </span>
     <span class='ocr_line' id='line_1_16' title="bbox 182 1723 1183 1814; baseline 0.002 -25"><span class='ocrx_word' id='word_1_115' title='bbox 182 1723 304 1808; x_wconf 80' lang='grc' dir='ltr'><strong><em>εὐθύς,</em></strong></span> <span class='ocrx_word' id='word_1_116' title='bbox 324 1723 434 1810; x_wconf 75' lang='grc' dir='ltr'><strong><em>ὥσπερ</em></strong></span> <span class='ocrx_word' id='word_1_117' title='bbox 446 1725 558 1811; x_wconf 88' lang='grc' dir='ltr'><strong><em>άμέλει</em></strong></span> <span class='ocrx_word' id='word_1_118' title='bbox 568 1729 623 1794; x_wconf 81' lang='grc' dir='ltr'><strong><em>καλ</em></strong></span> <span class='ocrx_word' id='word_1_119' title='bbox 634 1734 754 1796; x_wconf 84' lang='grc' dir='ltr'><strong><em>τοῦτον</em></strong></span> <span class='ocrx_word' id='word_1_120' title='bbox 766 1729 961 1814; x_wconf 84' lang='grc' dir='ltr'><strong><em>ἐξήνεγκαν,</em></strong></span> <span class='ocrx_word' id='word_1_121' title='bbox 974 1725 1048 1811; x_wconf 87' lang='grc' dir='ltr'><strong><em>άρτι</em></strong></span> <span class='ocrx_word' id='word_1_122' title='bbox 1059 1726 1119 1811; x_wconf 84' lang='grc' dir='ltr'><strong><em>μέν</em></strong></span> <span class='ocrx_word' id='word_1_123' title='bbox 1131 1725 1183 1791; x_wconf 80' lang='grc' dir='ltr'><strong><em>έπλ</em></strong></span> 
     </span>
     <span class='ocr_line' id='line_1_17' title="bbox 181 1820 1184 1908; baseline 0.002 -20"><span class='ocrx_word' id='word_1_124' title='bbox 181 1820 221 1888; x_wconf 89' lang='grc' dir='ltr'><strong><em>τά</em></strong></span> <span class='ocrx_word' id='word_1_125' title='bbox 236 1822 329 1907; x_wconf 91' lang='grc' dir='ltr'><strong><em>λαιά,</em></strong></span> <span class='ocrx_word' id='word_1_126' title='bbox 345 1820 416 1908; x_wconf 88' lang='grc' dir='ltr'><strong><em>μετ’</em></strong></span> <span class='ocrx_word' id='word_1_127' title='bbox 436 1821 550 1908; x_wconf 85' lang='grc' dir='ltr'><strong><em>ὀλίγον</em></strong></span> <span class='ocrx_word' id='word_1_128' title='bbox 566 1824 600 1892; x_wconf 77' lang='grc' dir='ltr'><strong><em>δὲ</em></strong></span> <span class='ocrx_word' id='word_1_129' title='bbox 616 1826 670 1892; x_wconf 78' lang='grc' dir='ltr'><strong><em>ἐπὶ</em></strong></span> <span class='ocrx_word' id='word_1_130' title='bbox 684 1823 724 1892; x_wconf 87' lang='grc' dir='ltr'><strong><em>τά</em></strong></span> <span class='ocrx_word' id='word_1_131' title='bbox 741 1825 847 1908; x_wconf 87' lang='grc' dir='ltr'><strong><em>δεξιά,</em></strong></span> <span class='ocrx_word' id='word_1_132' title='bbox 865 1827 919 1893; x_wconf 86' lang='grc' dir='ltr'><strong><em>καὶ</em></strong></span> <span class='ocrx_word' id='word_1_133' title='bbox 934 1827 966 1903; x_wconf 88' lang='grc' dir='ltr'><strong><em>ές</em></strong></span> <span class='ocrx_word' id='word_1_134' title='bbox 981 1821 1016 1891; x_wconf 80' lang='grc' dir='ltr'><strong><em>τὸ</em></strong></span> <span class='ocrx_word' id='word_1_135' title='bbox 1031 1827 1184 1892; x_wconf 89' lang='grc' dir='ltr'><strong><em>ἐναντίον</em></strong></span> 
     </span>
     <span class='ocr_line' id='line_1_18' title="bbox 182 1922 1184 2011; baseline 0.003 -24"><span class='ocrx_word' id='word_1_136' title='bbox 182 1928 242 1989; x_wconf 84' lang='grc' dir='ltr'><strong><em>τοῦ</em></strong></span> <span class='ocrx_word' id='word_1_137' title='bbox 256 1922 386 2007; x_wconf 92' lang='grc' dir='ltr'><strong><em>δρόμου</em></strong></span> <span class='ocrx_word' id='word_1_138' title='bbox 401 1924 523 2008; x_wconf 88' lang='grc' dir='ltr'><strong><em>ένίοτε,</em></strong></span> <span class='ocrx_word' id='word_1_139' title='bbox 539 1926 593 1991; x_wconf 84' lang='grc' dir='ltr'><strong><em>καὶ</em></strong></span> <span class='ocrx_word' id='word_1_140' title='bbox 609 1922 680 1991; x_wconf 81' lang='grc' dir='ltr'><strong><em>άυεο</em></strong></span> <span class='ocrx_word' id='word_1_141' title='bbox 694 1928 749 1992; x_wconf 78' lang='grc' dir='ltr'><strong><em>καὶ</em></strong></span> <span class='ocrx_word' id='word_1_142' title='bbox 763 1925 868 2010; x_wconf 87' lang='grc' dir='ltr'><strong><em>κάτω,</em></strong></span> <span class='ocrx_word' id='word_1_143' title='bbox 884 1923 969 2003; x_wconf 82' lang='grc' dir='ltr'><strong><em>ὅλως</em></strong></span> <span class='ocrx_word' id='word_1_144' title='bbox 985 1930 1070 1992; x_wconf 81' lang='grc' dir='ltr'><strong><em>ἔνθα</em></strong></span> <span class='ocrx_word' id='word_1_145' title='bbox 1084 1923 1184 2011; x_wconf 83' lang='grc' dir='ltr'><strong><em>ἐβού-</em></strong></span> 
     </span>
     <span class='ocr_line' id='line_1_19' title="bbox 182 2018 1066 2109; baseline -0.001 -19"><span class='ocrx_word' id='word_1_146' title='bbox 182 2029 282 2090; x_wconf 92' lang='grc' dir='ltr'><strong><em>λοντο</em></strong></span> <span class='ocrx_word' id='word_1_147' title='bbox 296 2018 407 2089; x_wconf 82' lang='grc' dir='ltr'><strong><em>αὐτοί·</em></strong></span> <span class='ocrx_word' id='word_1_148' title='bbox 432 2019 449 2088; x_wconf 90' lang='grc' dir='ltr'><strong>ὁ</strong></span> <span class='ocrx_word' id='word_1_149' title='bbox 466 2025 502 2089; x_wconf 77' lang='grc' dir='ltr'><strong><em>δὲ</em></strong></span> <span class='ocrx_word' id='word_1_150' title='bbox 520 2020 582 2089; x_wconf 87' lang='grc' dir='ltr'><strong><em>ούκ</em></strong></span> <span class='ocrx_word' id='word_1_151' title='bbox 597 2021 683 2109; x_wconf 78' lang='grc' dir='ltr'><strong><em>εἶχεν</em></strong></span> <span class='ocrx_word' id='word_1_152' title='bbox 698 2022 718 2090; x_wconf 84' lang='grc' dir='ltr'>ὅ</span> <span class='ocrx_word' id='word_1_153' title='bbox 730 2051 761 2090; x_wconf 93' lang='grc' dir='ltr'><strong><em>τι</em></strong></span> <span class='ocrx_word' id='word_1_154' title='bbox 774 2023 931 2109; x_wconf 89' lang='grc' dir='ltr'><strong><em>χρήσαιτο</em></strong></span> <span class='ocrx_word' id='word_1_155' title='bbox 946 2020 1066 2101; x_wconf 79' lang='grc' dir='ltr'><strong><em>αὐτοῖς.</em></strong></span> 
     </span>
    </p>

    <p class='ocr_par' dir='ltr' id='par_1_6' title="bbox 266 2118 1184 2209">
     <span class='ocr_line' id='line_1_20' title="bbox 266 2118 1184 2209; baseline -0.003 -22"><span class='ocrx_word' id='word_1_156' title='bbox 266 2126 294 2187; x_wconf 70' lang='lat'><strong><em>2.</em></strong></span> <span class='ocrx_word' id='word_1_157' title='bbox 316 2127 389 2188; x_wconf 87' lang='lat' dir='ltr'><strong><em>HA.</em></strong></span> <span class='ocrx_word' id='word_1_158' title='bbox 412 2121 528 2189; x_wconf 91' lang='grc' dir='ltr'><strong><em>Πάντα</em></strong></span> <span class='ocrx_word' id='word_1_159' title='bbox 548 2123 609 2208; x_wconf 85' lang='grc' dir='ltr'><strong><em>μέν</em></strong></span> <span class='ocrx_word' id='word_1_160' title='bbox 622 2121 811 2209; x_wconf 91' lang='grc' dir='ltr'><strong><em>ήπιστάμην</em></strong></span> <span class='ocrx_word' id='word_1_161' title='bbox 828 2128 931 2188; x_wconf 80' lang='grc' dir='ltr'><strong><em>ταῦτα</em></strong></span> <span class='ocrx_word' id='word_1_162' title='bbox 946 2123 1000 2188; x_wconf 82' lang='grc' dir='ltr'><strong><em>καὶ</em></strong></span> <span class='ocrx_word' id='word_1_163' title='bbox 1014 2118 1069 2187; x_wconf 87' lang='grc' dir='ltr'><strong><em>διά</em></strong></span> <span class='ocrx_word' id='word_1_164' title='bbox 1085 2125 1184 2186; x_wconf 83' lang='grc' dir='ltr'><strong><em>τοῦτο</em></strong></span> 
     </span>
    </p>

    <p class='ocr_par' dir='ltr' id='par_1_7' title="bbox 112 2216 1271 3484">
     <span class='ocr_line' id='line_1_21' title="bbox 112 2216 1183 2309; baseline -0.006 -20"><span class='ocrx_word' id='word_1_165' title='bbox 112 2234 164 2289; x_wconf 74' lang='lat'><strong><em>279</em></strong></span> <span class='ocrx_word' id='word_1_166' title='bbox 184 2216 335 2304; x_wconf 82' lang='grc' dir='ltr'><strong><em>άντεῑχου</em></strong></span> <span class='ocrx_word' id='word_1_167' title='bbox 348 2220 400 2287; x_wconf 86' lang='grc' dir='ltr'><strong><em>ἐπὶ</em></strong></span> <span class='ocrx_word' id='word_1_168' title='bbox 421 2217 506 2287; x_wconf 83' lang='grc' dir='ltr'><strong><em>πολύ</em></strong></span> <span class='ocrx_word' id='word_1_169' title='bbox 526 2223 580 2287; x_wconf 80' lang='grc' dir='ltr'><strong><em>καὶ</em></strong></span> <span class='ocrx_word' id='word_1_170' title='bbox 604 2218 665 2287; x_wconf 86' lang='grc' dir='ltr'><strong><em>ούκ</em></strong></span> <span class='ocrx_word' id='word_1_171' title='bbox 680 2223 852 2287; x_wconf 88' lang='grc' dir='ltr'><strong><em>ἐπίστευον</em></strong></span> <span class='ocrx_word' id='word_1_172' title='bbox 868 2216 957 2309; x_wconf 76' lang='grc' dir='ltr'><strong><em>αὐτῷ</em></strong></span> <span class='ocrx_word' id='word_1_173' title='bbox 974 2216 1036 2304; x_wconf 91' lang='grc' dir='ltr'><strong><em>τῆν</em></strong></span> <span class='ocrx_word' id='word_1_174' title='bbox 1053 2224 1183 2286; x_wconf 81' lang='grc' dir='ltr'><strong><em>ἔλασιν·</em></strong></span> 
     </span>
     <span class='ocr_line' id='line_1_22' title="bbox 184 2312 1183 2404; baseline -0.003 -18"><span class='ocrx_word' id='word_1_175' title='bbox 184 2320 252 2386; x_wconf 79' lang='grc' dir='ltr'><strong><em>ἐπεὶ</em></strong></span> <span class='ocrx_word' id='word_1_176' title='bbox 263 2320 299 2385; x_wconf 76' lang='grc' dir='ltr'><strong><em>δὲ</em></strong></span> <span class='ocrx_word' id='word_1_177' title='bbox 309 2319 548 2404; x_wconf 86' lang='grc' dir='ltr'><strong><em>κατελιπάρησε</em></strong></span> <span class='ocrx_word' id='word_1_178' title='bbox 561 2319 717 2401; x_wconf 78' lang='grc' dir='ltr'><strong><em>δακρύων</em></strong></span> <span class='ocrx_word' id='word_1_179' title='bbox 728 2322 781 2386; x_wconf 82' lang='grc' dir='ltr'><strong><em>καὶ</em></strong></span> <span class='ocrx_word' id='word_1_180' title='bbox 792 2315 813 2404; x_wconf 85' lang='grc' dir='ltr'><em>ἡ</em></span> <span class='ocrx_word' id='word_1_181' title='bbox 825 2318 931 2403; x_wconf 84' lang='grc' dir='ltr'><strong><em>μήτηρ</em></strong></span> <span class='ocrx_word' id='word_1_182' title='bbox 942 2320 1100 2403; x_wconf 83' lang='grc' dir='ltr'><strong><em>Κλυμένη</em></strong></span> <span class='ocrx_word' id='word_1_183' title='bbox 1110 2312 1183 2403; x_wconf 88' lang='grc' dir='ltr'><strong><em>μετ’</em></strong></span> 
     </span>
     <span class='ocr_line' id='line_1_23' title="bbox 184 2412 1185 2504; baseline -0.006 -19"><span class='ocrx_word' id='word_1_184' title='bbox 184 2416 304 2503; x_wconf 81' lang='grc' dir='ltr'><strong><em>αὐτοῦ,</em></strong></span> <span class='ocrx_word' id='word_1_185' title='bbox 333 2415 620 2504; x_wconf 82' lang='grc' dir='ltr'><strong><em>ἀναβιβασάμενος</em></strong></span> <span class='ocrx_word' id='word_1_186' title='bbox 642 2419 694 2485; x_wconf 84' lang='grc' dir='ltr'><strong><em>ἐπὶ</em></strong></span> <span class='ocrx_word' id='word_1_187' title='bbox 712 2414 749 2483; x_wconf 82' lang='grc' dir='ltr'><strong><em>τὰ</em></strong></span> <span class='ocrx_word' id='word_1_188' title='bbox 770 2414 860 2501; x_wconf 83' lang='grc' dir='ltr'><strong><em>άρμα</em></strong></span> <span class='ocrx_word' id='word_1_189' title='bbox 878 2412 1067 2501; x_wconf 83' lang='grc' dir='ltr'><strong><em>ὑπεθέμην,</em></strong></span> <span class='ocrx_word' id='word_1_190' title='bbox 1094 2414 1185 2493; x_wconf 84' lang='grc' dir='ltr'><strong><em>ὅπως</em></strong></span> 
     </span>
     <span class='ocr_line' id='line_1_24' title="bbox 183 2511 1185 2603; baseline -0.002 -20"><span class='ocrx_word' id='word_1_191' title='bbox 183 2518 245 2603; x_wconf 76' lang='grc' dir='ltr'><strong><em>μὲν</em></strong></span> <span class='ocrx_word' id='word_1_192' title='bbox 254 2513 314 2602; x_wconf 88' lang='grc' dir='ltr'><strong><em>χρῆ</em></strong></span> <span class='ocrx_word' id='word_1_193' title='bbox 327 2518 503 2602; x_wconf 83' lang='grc' dir='ltr'><strong><em>βεβηκέναι</em></strong></span> <span class='ocrx_word' id='word_1_194' title='bbox 515 2512 636 2599; x_wconf 89' lang='grc' dir='ltr'><strong><em>αύτόυ,</em></strong></span> <span class='ocrx_word' id='word_1_195' title='bbox 652 2512 707 2601; x_wconf 87' lang='grc' dir='ltr'><strong><em>ἐφ’</em></strong></span> <span class='ocrx_word' id='word_1_196' title='bbox 720 2512 848 2582; x_wconf 83' lang='grc' dir='ltr'><strong><em>ὁπόσον</em></strong></span> <span class='ocrx_word' id='word_1_197' title='bbox 860 2515 895 2581; x_wconf 77' lang='grc' dir='ltr'><strong><em>δέ</em></strong></span> <span class='ocrx_word' id='word_1_198' title='bbox 907 2516 939 2593; x_wconf 85' lang='grc' dir='ltr'><strong><em>ές</em></strong></span> <span class='ocrx_word' id='word_1_199' title='bbox 948 2511 986 2581; x_wconf 83' lang='grc' dir='ltr'><strong><em>τὸ</em></strong></span> <span class='ocrx_word' id='word_1_200' title='bbox 997 2512 1068 2581; x_wconf 84' lang='grc' dir='ltr'><strong><em>άνω</em></strong></span> <span class='ocrx_word' id='word_1_201' title='bbox 1079 2512 1185 2596; x_wconf 85' lang='grc' dir='ltr'><strong><em>άφέυ-</em></strong></span> 
     </span>
     <span class='ocr_line' id='line_1_25' title="bbox 184 2606 1185 2697; baseline -0.001 -18"><span class='ocrx_word' id='word_1_202' title='bbox 184 2640 223 2679; x_wconf 90' lang='grc' dir='ltr'><strong><em>τα</em></strong></span> <span class='ocrx_word' id='word_1_203' title='bbox 237 2608 515 2697; x_wconf 75' lang='grc' dir='ltr'><strong><em>ὑπερενεχθῆναι,</em></strong></span> <span class='ocrx_word' id='word_1_204' title='bbox 538 2610 606 2680; x_wconf 82' lang='grc' dir='ltr'><strong><em>εἶτα</em></strong></span> <span class='ocrx_word' id='word_1_205' title='bbox 621 2615 654 2691; x_wconf 94' lang='grc' dir='ltr'><strong><em>ἐς</em></strong></span> <span class='ocrx_word' id='word_1_206' title='bbox 669 2610 706 2680; x_wconf 88' lang='grc' dir='ltr'><strong><em>τδ</em></strong></span> <span class='ocrx_word' id='word_1_207' title='bbox 725 2612 883 2690; x_wconf 82' lang='grc' dir='ltr'><strong><em>κάταντες</em></strong></span> <span class='ocrx_word' id='word_1_208' title='bbox 897 2606 999 2692; x_wconf 77' lang='grc' dir='ltr'><strong><em>αὖθις</em></strong></span> <span class='ocrx_word' id='word_1_209' title='bbox 1016 2611 1185 2682; x_wconf 76' lang='grc' dir='ltr'><strong><em>ἐπινεύειν</em></strong></span> 
     </span>
     <span class='ocr_line' id='line_1_26' title="bbox 182 2706 1184 2801; baseline 0 -24"><span class='ocrx_word' id='word_1_210' title='bbox 182 2713 237 2778; x_wconf 79' lang='grc' dir='ltr'><strong><em>καὶ</em></strong></span> <span class='ocrx_word' id='word_1_211' title='bbox 253 2706 296 2785; x_wconf 80' lang='grc' dir='ltr'><strong><em>ὡς</em></strong></span> <span class='ocrx_word' id='word_1_212' title='bbox 310 2710 450 2795; x_wconf 88' lang='grc' dir='ltr'><strong><em>ἐγκρατῆ</em></strong></span> <span class='ocrx_word' id='word_1_213' title='bbox 466 2707 549 2777; x_wconf 85' lang='grc' dir='ltr'><strong><em>εἶναι</em></strong></span> <span class='ocrx_word' id='word_1_214' title='bbox 563 2717 631 2777; x_wconf 81' lang='grc' dir='ltr'><strong><em>τῶν</em></strong></span> <span class='ocrx_word' id='word_1_215' title='bbox 645 2707 748 2796; x_wconf 79' lang='grc' dir='ltr'><strong><em>ἡνιῶν</em></strong></span> <span class='ocrx_word' id='word_1_216' title='bbox 759 2712 813 2777; x_wconf 81' lang='grc' dir='ltr'><strong><em>καλ</em></strong></span> <span class='ocrx_word' id='word_1_217' title='bbox 826 2708 871 2796; x_wconf 86' lang='grc' dir='ltr'><strong><em>μῆ</em></strong></span> <span class='ocrx_word' id='word_1_218' title='bbox 884 2712 1012 2796; x_wconf 84' lang='grc' dir='ltr'><strong><em>ἐφιέναι</em></strong></span> <span class='ocrx_word' id='word_1_219' title='bbox 1025 2719 1071 2801; x_wconf 77' lang='grc' dir='ltr'><strong><em>τῷ</em></strong></span> <span class='ocrx_word' id='word_1_220' title='bbox 1082 2717 1184 2798; x_wconf 74' lang='grc' dir='ltr'><strong><em>θυμῷ</em></strong></span> 
     </span>
     <span class='ocr_line' id='line_1_27' title="bbox 183 2805 1186 2896; baseline 0.003 -25"><span class='ocrx_word' id='word_1_221' title='bbox 183 2812 250 2871; x_wconf 78' lang='grc' dir='ltr'><strong><em>τῶν</em></strong></span> <span class='ocrx_word' id='word_1_222' title='bbox 265 2807 392 2873; x_wconf 80' lang='grc' dir='ltr'><strong><em>ἵππων·</em></strong></span> <span class='ocrx_word' id='word_1_223' title='bbox 421 2805 515 2873; x_wconf 77' lang='grc' dir='ltr'><strong><em>εἶπον</em></strong></span> <span class='ocrx_word' id='word_1_224' title='bbox 533 2809 568 2875; x_wconf 78' lang='grc' dir='ltr'><strong><em>δέ</em></strong></span> <span class='ocrx_word' id='word_1_225' title='bbox 589 2810 645 2875; x_wconf 82' lang='grc' dir='ltr'><strong><em>καλ</em></strong></span> <span class='ocrx_word' id='word_1_226' title='bbox 660 2805 772 2893; x_wconf 88' lang='grc' dir='ltr'><strong><em>ήλίκος</em></strong></span> <span class='ocrx_word' id='word_1_227' title='bbox 789 2805 807 2874; x_wconf 88' lang='grc' dir='ltr'><strong>ὁ</strong></span> <span class='ocrx_word' id='word_1_228' title='bbox 822 2813 993 2896; x_wconf 88' lang='grc' dir='ltr'><strong><em>κίνδυνος,</em></strong></span> <span class='ocrx_word' id='word_1_229' title='bbox 1019 2817 1049 2877; x_wconf 90' lang='grc' dir='ltr'><strong><em>εί</em></strong></span> <span class='ocrx_word' id='word_1_230' title='bbox 1063 2806 1107 2895; x_wconf 90' lang='grc' dir='ltr'><strong><em>μῆ</em></strong></span> <span class='ocrx_word' id='word_1_231' title='bbox 1125 2805 1186 2893; x_wconf 87' lang='grc' dir='ltr'><strong><em>ὀρ-</em></strong></span> 
     </span>
     <span class='ocr_line' id='line_1_28' title="bbox 182 2897 1187 2993; baseline -0.002 -20"><span class='ocrx_word' id='word_1_232' title='bbox 182 2902 252 2990; x_wconf 89' lang='grc' dir='ltr'><strong><em>θήν</em></strong></span> <span class='ocrx_word' id='word_1_233' title='bbox 269 2904 419 2971; x_wconf 90' lang='grc' dir='ltr'><strong><em>ἐλαύνοι·</em></strong></span> <span class='ocrx_word' id='word_1_234' title='bbox 450 2902 466 2972; x_wconf 88' lang='grc' dir='ltr'><strong>ὁ</strong></span> <span class='ocrx_word' id='word_1_235' title='bbox 486 2908 522 2973; x_wconf 80' lang='grc' dir='ltr'><strong><em>δὲ</em></strong></span> <span class='ocrx_word' id='word_1_236' title='bbox 536 2946 579 2958; x_wconf 86' lang='grc'><strong>-</strong></span> <span class='ocrx_word' id='word_1_237' title='bbox 593 2921 669 2984; x_wconf 78' lang='grc' dir='ltr'><strong><em>παῖς</em></strong></span> <span class='ocrx_word' id='word_1_238' title='bbox 688 2904 753 2991; x_wconf 86' lang='grc' dir='ltr'><strong><em>γάρ</em></strong></span> <span class='ocrx_word' id='word_1_239' title='bbox 772 2897 815 2991; x_wconf 82' lang='grc' dir='ltr'><strong><em>ἦν</em></strong></span> <span class='ocrx_word' id='word_1_240' title='bbox 829 2946 872 2955; x_wconf 91' lang='grc'><strong>-</strong></span> <span class='ocrx_word' id='word_1_241' title='bbox 888 2905 1003 2993; x_wconf 80' lang='grc' dir='ltr'><strong><em>ἐπιβάς</em></strong></span> <span class='ocrx_word' id='word_1_242' title='bbox 1021 2906 1187 2975; x_wconf 81' lang='grc' dir='ltr'><strong><em>τοσούτου</em></strong></span> 
     </span>
     <span class='ocr_line' id='line_1_29' title="bbox 184 2999 1185 3093; baseline -0.001 -22"><span class='ocrx_word' id='word_1_243' title='bbox 184 2999 290 3087; x_wconf 81' lang='grc' dir='ltr'><strong><em>πυρὸς</em></strong></span> <span class='ocrx_word' id='word_1_244' title='bbox 311 3004 365 3071; x_wconf 84' lang='grc' dir='ltr'><strong><em>καὶ</em></strong></span> <span class='ocrx_word' id='word_1_245' title='bbox 383 3004 545 3084; x_wconf 76' lang='grc' dir='ltr'><strong><em>ἐπικύψας</em></strong></span> <span class='ocrx_word' id='word_1_246' title='bbox 565 3008 597 3084; x_wconf 85' lang='grc' dir='ltr'><strong><em>ές</em></strong></span> <span class='ocrx_word' id='word_1_247' title='bbox 617 3007 725 3093; x_wconf 91' lang='grc' dir='ltr'><strong><em>βάθος</em></strong></span> <span class='ocrx_word' id='word_1_248' title='bbox 746 3001 863 3090; x_wconf 76' lang='grc' dir='ltr'><strong><em>άχανές</em></strong></span> <span class='ocrx_word' id='word_1_249' title='bbox 882 3006 1059 3092; x_wconf 86' lang='grc' dir='ltr'><strong><em>ἐξεπλάγη,</em></strong></span> <span class='ocrx_word' id='word_1_250' title='bbox 1086 3002 1130 3083; x_wconf 82' lang='grc' dir='ltr'><strong><em>ὡς</em></strong></span> <span class='ocrx_word' id='word_1_251' title='bbox 1145 3002 1185 3071; x_wconf 83' lang='grc' dir='ltr'><strong><em>τὸ</em></strong></span> 
     </span>
     <span class='ocr_line' id='line_1_30' title="bbox 184 3098 1188 3192; baseline -0.001 -22"><span class='ocrx_word' id='word_1_252' title='bbox 184 3099 287 3178; x_wconf 88' lang='grc' dir='ltr'><strong><em>είκός·</em></strong></span> <span class='ocrx_word' id='word_1_253' title='bbox 314 3104 348 3167; x_wconf 85' lang='grc' dir='ltr'><strong><em>ολ</em></strong></span> <span class='ocrx_word' id='word_1_254' title='bbox 361 3103 397 3167; x_wconf 74' lang='grc' dir='ltr'><strong><em>δὲ</em></strong></span> <span class='ocrx_word' id='word_1_255' title='bbox 418 3103 514 3170; x_wconf 74' lang='grc' dir='ltr'><strong><em>ἵπποι</em></strong></span> <span class='ocrx_word' id='word_1_256' title='bbox 529 3100 572 3180; x_wconf 80' lang='grc' dir='ltr'><strong><em>ὡς</em></strong></span> <span class='ocrx_word' id='word_1_257' title='bbox 591 3102 737 3192; x_wconf 79' lang='grc' dir='ltr'><strong><em>ᾔσθοντο</em></strong></span> <span class='ocrx_word' id='word_1_258' title='bbox 753 3098 815 3169; x_wconf 83' lang='grc' dir='ltr'><strong><em>οὐκ</em></strong></span> <span class='ocrx_word' id='word_1_259' title='bbox 832 3100 913 3169; x_wconf 84' lang='grc' dir='ltr'><strong><em>ὅντα</em></strong></span> <span class='ocrx_word' id='word_1_260' title='bbox 927 3103 983 3189; x_wconf 79' lang='grc' dir='ltr'><strong><em>έμέ</em></strong></span> <span class='ocrx_word' id='word_1_261' title='bbox 996 3102 1057 3169; x_wconf 81' lang='grc' dir='ltr'><strong><em>τὸν</em></strong></span> <span class='ocrx_word' id='word_1_262' title='bbox 1073 3104 1188 3188; x_wconf 86' lang='grc' dir='ltr'><strong><em>ἐπιβε-</em></strong></span> 
     </span>
     <span class='ocr_line' id='line_1_31' title="bbox 183 3197 1186 3288; baseline 0.004 -22"><span class='ocrx_word' id='word_1_263' title='bbox 183 3197 322 3285; x_wconf 89' lang='grc' dir='ltr'><strong><em>βηκότα,</em></strong></span> <span class='ocrx_word' id='word_1_264' title='bbox 348 3202 659 3288; x_wconf 84' lang='grc' dir='ltr'><strong><em>καταφρονήσαντες</em></strong></span> <span class='ocrx_word' id='word_1_265' title='bbox 685 3208 746 3268; x_wconf 85' lang='grc' dir='ltr'><strong><em>τού</em></strong></span> <span class='ocrx_word' id='word_1_266' title='bbox 769 3207 942 3287; x_wconf 85' lang='grc' dir='ltr'><strong><em>μειρακίου</em></strong></span> <span class='ocrx_word' id='word_1_267' title='bbox 968 3200 1186 3286; x_wconf 79' lang='grc' dir='ltr'><strong><em>ἐξετράποντο</em></strong></span> 
     </span>
     <span class='ocr_line' id='line_1_32' title="bbox 183 3293 1271 3387; baseline 0.001 -22"><span class='ocrx_word' id='word_1_268' title='bbox 183 3304 240 3383; x_wconf 91' lang='grc' dir='ltr'><strong><em>τῆς</em></strong></span> <span class='ocrx_word' id='word_1_269' title='bbox 262 3293 344 3363; x_wconf 84' lang='grc' dir='ltr'><strong><em>ὁδοῦ</em></strong></span> <span class='ocrx_word' id='word_1_270' title='bbox 364 3296 478 3365; x_wconf 77' lang='grc' dir='ltr'><strong><em>καὶτὰ</em></strong></span> <span class='ocrx_word' id='word_1_271' title='bbox 499 3297 592 3368; x_wconf 84' lang='grc' dir='ltr'><strong><em>δεινά</em></strong></span> <span class='ocrx_word' id='word_1_272' title='bbox 608 3306 710 3367; x_wconf 83' lang='grc' dir='ltr'><strong><em>ταῦτα</em></strong></span> <span class='ocrx_word' id='word_1_273' title='bbox 731 3301 905 3387; x_wconf 84' lang='grc' dir='ltr'><strong><em>ἐποίησαν·</em></strong></span> <span class='ocrx_word' id='word_1_274' title='bbox 933 3296 1005 3366; x_wconf 78' lang='grc' dir='ltr'><strong><em>ὁδέ</em></strong></span> <span class='ocrx_word' id='word_1_275' title='bbox 1019 3296 1077 3376; x_wconf 84' lang='grc' dir='ltr'><strong><em>τάς</em></strong></span> <span class='ocrx_word' id='word_1_276' title='bbox 1090 3295 1188 3385; x_wconf 83' lang='grc' dir='ltr'><strong><em>ἡνίας</em></strong></span> <span class='ocrx_word' id='word_1_277' title='bbox 1264 3310 1271 3321; x_wconf 87' lang='grc'><em>“</em></span> 
     </span>
     <span class='ocr_line' id='line_1_33' title="bbox 183 3391 1187 3484; baseline 0.002 -22"><span class='ocrx_word' id='word_1_278' title='bbox 183 3393 295 3480; x_wconf 87' lang='grc' dir='ltr'><strong><em>άφείς,</em></strong></span> <span class='ocrx_word' id='word_1_279' title='bbox 311 3391 398 3481; x_wconf 78' lang='grc' dir='ltr'><strong><em>οἶμαι</em></strong></span> <span class='ocrx_word' id='word_1_280' title='bbox 419 3393 533 3476; x_wconf 78' lang='grc' dir='ltr'><strong><em>δεδιάς</em></strong></span> <span class='ocrx_word' id='word_1_281' title='bbox 548 3395 591 3484; x_wconf 83' lang='grc' dir='ltr'><strong><em>μή</em></strong></span> <span class='ocrx_word' id='word_1_282' title='bbox 608 3399 728 3484; x_wconf 87' lang='grc' dir='ltr'><strong><em>ἐκπέση</em></strong></span> <span class='ocrx_word' id='word_1_283' title='bbox 747 3394 863 3483; x_wconf 76' lang='grc' dir='ltr'><strong><em>αὐτάς,</em></strong></span> <span class='ocrx_word' id='word_1_284' title='bbox 889 3406 991 3484; x_wconf 80' lang='grc' dir='ltr'><strong><em>εἴχετο</em></strong></span> <span class='ocrx_word' id='word_1_285' title='bbox 1011 3404 1068 3483; x_wconf 88' lang='grc' dir='ltr'><strong><em>τῆς</em></strong></span> <span class='ocrx_word' id='word_1_286' title='bbox 1082 3393 1187 3464; x_wconf 80' lang='grc' dir='ltr'><strong><em>άντυ-</em></strong></span> 
     </span>
    </p>
   </div>
   <div class='ocr_carea' id='block_1_3' title="bbox 0 0 1288 3825">
    <p class='ocr_par' dir='ltr' id='par_1_8' title="bbox 0 0 1288 3825">
     <span class='ocr_line' id='line_1_34' title="bbox 0 0 1288 3825; baseline 0 0"><span class='ocrx_word' id='word_1_287' title='bbox 0 0 1288 3825; x_wconf 95' lang='lat' dir='ltr'><strong><em> </em></strong></span> 
     </span>
    </p>
   </div>
  </div>
 </body>
</html>
