2550 3825
504 193 704 251 ΑΛΙΕνΣ.
945 269 948 271 .
1044 190 1108 257 m

104 363 185 411 στου
199 347 282 430 πρὸς
296 342 391 434 ἡμῶν
406 344 576 433 ἀμείλικτα
594 347 765 436 ὀργίζεσθε
779 354 834 420 καὶ
848 355 901 421 ε’πλ
914 351 1052 443 θανάτῳ
1065 375 1105 435 με

105 444 339 530 ξυνειλήφατες

120 594 123 599 .
187 549 322 610 ΠΛΑΤ.
338 541 452 611 ’Ἀτινα
467 543 528 629 μέν
549 555 698 631 εἴργασαι
714 544 800 634 ἡμᾶς
816 544 856 614 τά
874 549 986 632 δεινά,
1007 567 1107 614 σεαυ-

103 638 164 708 τὸν
177 642 300 728 ἐρώτα,
317 633 344 708 ά
357 644 507 728 κάκιστε,
523 645 578 711 καὶ
593 643 671 723 τούς
682 643 805 723 καλούς
816 649 963 724 ἐκείνους
976 667 1039 713 σου
1048 646 1107 714 λό-

103 764 200 824 γους,
217 742 255 807 ἐν
272 735 321 818 οἷς
335 747 538 825 φιλοσοφίαν
548 768 583 809 τε
598 739 704 828 αὐτὴν
713 749 823 820 κακῶς
837 741 997 828 ἠγόρευες
1010 746 1064 810 καὶ
1074 746 1107 821 ἐς

103 833 190 922 ἡμᾶς
206 835 336 923 ὕβριζες
349 835 460 922 ὥσπερ
473 839 505 918 ἐξ
521 836 644 924 ἀγοράς
654 837 892 926 ἀποκηρύττων
906 838 1035 926 σοφούς
1045 841 1103 908 ἀν-

103 938 202 1020 δρας,
225 937 280 1003 καὶ
295 934 331 1004 τό
348 939 521 1022 μέγιστον,
539 941 754 1023 ἐλευθέρους·
776 936 831 1025 ἐφ’
852 935 901 1017 οἱς
918 936 1107 1024 ἀγανακτη-

104 1052 221 1112 σαντες
241 1031 500 1119 ἀνεληλύθαμεν
516 1037 569 1102 ἐπὶ
589 1035 625 1102 σὲ
638 1037 922 1123 παραιτησάμενοι
937 1034 1021 1121 πρὸς
1036 1035 1106 1104 όλί-

104 1158 166 1216 γον
180 1129 240 1199 τόν
252 1129 424 1216 Ἀϊδωνέα,
439 1133 635 1218 Χρύσιππος
652 1133 765 1202 ούτοσλ
780 1138 835 1202 καὶ
848 1131 1038 1219 Ἐπίκουρος
1051 1136 1106 1201 καὶ

103 1227 281 1296 δΠλάτων
295 1227 359 1316 έγάι
379 1233 434 1298 καὶ
453 1229 675 1318 Ἀριστοτέλης
694 1235 836 1301 ἐκεινοσὶ
857 1237 911 1302 καὶ
931 1233 950 1300 ὁ
971 1239 1105 1299 σιωπῶν

103 1319 201 1405 οὗτος
211 1327 418 1414 Πυθαγόρας
432 1332 486 1397 καί
500 1328 517 1396 ὁ
529 1334 694 1417 Διογένης
707 1333 761 1398 καὶ
771 1329 915 1409 ἅπαντες
926 1329 1027 1409 ὅσους
1038 1333 1106 1397 διέ-

104 1445 202 1510 συρες
218 1429 254 1493 ἐν
270 1441 337 1505 τοῖς
352 1425 471 1512 λόγοις.

189 1529 218 1592 5.
238 1531 370 1592 AOYK.
390 1523 608 1592 Ἀνέπνευσα·
631 1523 672 1592 ού
685 1524 749 1611 γάρ
765 1525 977 1595 ἀποκτενεῖτέ
987 1553 1044 1612 με,
1062 1521 1106 1612 ἢν

104 1622 234 1707 μάθητε
247 1619 360 1699 ὁποῖος
380 1619 444 1707 ε’γεδ
466 1625 541 1704 περὶ
560 1620 648 1709 ὑμᾶς
662 1623 840 1709 ἐγενόμην·
869 1623 952 1692 ὕστε
966 1621 1107 1708 ἀπορρί-

104 1732 187 1798 ψατε
200 1717 278 1797 τούς
293 1725 428 1805 λίθους,
449 1727 576 1805 μᾶλλον
592 1719 627 1787 δὲ
643 1722 832 1807 φυλάττετε.
860 1723 1024 1808 χρήσεσθε
1039 1718 1104 1806 γάρ

104 1818 216 1898 αύτοῖς
229 1819 312 1887 κατά
327 1827 393 1887 τῶν
408 1818 518 1900 ἀξίων.

187 1924 322 1986 ΠΛΑΤ.
345 1926 475 2004 Ληρεῖς.
496 1922 533 1989 σέ
545 1919 581 1987 δέ
591 1922 736 2008 τήμερον
746 1917 807 2006 χρη
819 1918 1036 2002 ἀπολωλέναι,
1052 1919 1107 1985 καὶ

104 2015 166 2102 ἤδη
186 2044 223 2102 νε

204 2114 322 2181 λάϊνον
331 2116 408 2181 έσσο
418 2123 539 2199 χιτῶνα
548 2123 662 2183 κακῶν
671 2114 769 2201 ἕνεχ’,
779 2114 862 2183 ὅσσα
873 2122 1000 2200 ἔοργας.

182 2219 311 2279 ΛΟΤΚ.
344 2215 410 2280 Καὶ
430 2214 512 2299 μήν,
539 2206 732 2298 εόάριστοι,
761 2209 802 2279 ὕν
821 2214 920 2296 ἐχρην
945 2212 1052 2295 μόνον
1073 2211 1106 2289 ἐξ

105 2304 263 2374 ἁπάντων
278 2312 426 2377 ἐπαινεῖν
447 2310 571 2377 οίκεῖόν
591 2336 626 2377 τε
646 2308 727 2396 ύμῖν
748 2307 828 2377 ὄντα
843 2310 898 2375 καλ
913 2305 1037 2373 εὔνουν
1051 2308 1107 2373 καὶ

104 2404 326 2491 ὁμογνώμονα
342 2415 413 2493 καί,
435 2413 465 2475 εί
479 2404 523 2492 μὴ
539 2405 701 2491 φορτικὸν
714 2411 832 2490 εἰπεῖν,
856 2403 1025 2489 κηδεμόνα
1039 2411 1107 2470 τοῖν

104 2504 387 2589 ἐπιτηδευμάτων,
404 2497 443 2571 εύ
457 2514 525 2572 ίστε
537 2502 814 2587 ἀποκτενοῦντες,
829 2498 873 2587 ἢν
885 2502 940 2586 ἐμὲ
952 2499 1107 2568 ἀποκτεί-

106 2627 181 2686 νητε
195 2608 338 2670 τοσαῦτα
359 2604 433 2683 περὶ
447 2599 544 2687 ὑμῶν
563 2602 783 2686 πεπονηκότα.
812 2597 911 2684 ὁρᾶτε
931 2592 995 2665 ούν
1007 2596 1051 2683 μη
1069 2596 1104 2665 τό
1123 2612 1174 2667 5⁷5

102 2706 171 2765 τῶν
185 2706 251 2767 νῦν
265 2699 463 2785 φιλοσόφων
477 2696 558 2767 αύτὸ
571 2712 712 2784 ποιεῖτε,
727 2696 897 2785 ἀχάριστοι
910 2698 965 2763 καὶ
979 2694 1106 2782 ὀργίλοι

103 2799 157 2862 καὶ
175 2794 367 2881 ἀγνώμονες
381 2798 581 2883 φαινόμενοι
597 2795 681 2882 πρὸς
695 2795 802 2880 ἀνδρα
819 2794 1005 2881 εὐεργέτην.

185 2901 281 2961 ΠΛΑ
285 2902 319 2961 Τ.
336 2888 377 2961 Ὦ
392 2903 450 2980 τῆς
465 2894 707 2981 ἀναισχυντίας.
729 2898 784 2963 καὶ
797 2895 894 2980 χάριν
906 2914 959 2961 σοι
973 2901 1030 2979 τῆς
1045 2920 1106 2961 κα·
1131 2968 1136 2974 ,

102 2998 260 3077 κηγορίας
279 3000 564 3078 προσοφείλομενς
587 2991 695 3070 οὕτως
715 2990 760 3070 ὡς
779 2990 1003 3076 ἀνδραπόδοις
1024 2991 1104 3077 άλη-

101 3095 173 3165 θῶς
195 3098 257 3156 οίει
283 3090 495 3172 διαλέγεσθαι
521 3094 575 3158 καὶ
601 3087 794 3175 εὐεργεσίαν
820 3096 999 3175 καταλογιῇ
1023 3086 1107 3175 πρὸς

101 3181 187 3269 ἡμᾶς
202 3187 255 3252 ἐπὶ
270 3192 309 3272 τῇ
326 3186 470 3273 τοσαύτη
485 3184 582 3274 ὕβρει
599 3188 654 3255 καὶ
668 3193 826 3275 παροινία
839 3193 908 3254 τῶν
924 3188 1050 3272 λόγων;

186 3289 215 3349 6.
239 3289 371 3351 AOYK.
401 3290 477 3351 Ποῦ
496 3282 561 3371 γάρ
581 3282 646 3370 ἐγω
662 3283 749 3371 ὑμᾶς
769 3281 791 3371 ἢ
808 3285 888 3352 πότε
909 3282 1046 3370 ὕβρικα,
1069 3280 1108 3362 ὕς

101 3374 152 3443 ἀεὶ
168 3384 372 3463 φιλοσοφίαν
388 3405 423 3446 τε
443 3381 626 3467 θαυμάζων
641 3384 847 3450 διατετέλεκα
867 3381 922 3447 καλ
940 3378 1027 3466 ὑμᾶς
1044 3378 1107 3448 αύ-
