2550 3825
178 164 243 226 226
525 166 835 225 AOYKIANOT

177 329 382 411 δεραστοῦσα
396 324 433 391 δέ
454 330 502 391 ἔτι
521 326 575 391 καὶ
600 329 827 408 ζηλοτυποῦσα
848 325 901 389 καὶ
921 319 983 389 τόν
997 320 1108 387 ’Ἀττιν
1126 321 1175 386 ἐπὶ

176 431 244 492 τῶν
260 423 407 491 λεόντων
423 424 666 507 περιφέρουσα,
689 423 744 487 καὶ
765 426 867 485 ταῦτα
883 420 1044 505 χρήσιμον
1064 419 1176 503 μηκέτι

78 562 87 577 ·
178 521 263 590 εἶναι
284 523 490 609 δυνάμενον;
518 519 602 587 ὥστε
622 528 692 597 πῶς
712 515 756 585 ἀν
778 524 825 586 ἔτι
841 518 1003 604 μέμφοιτό
1022 544 1071 595 τις
1092 514 1114 602 ἢ
1138 522 1177 604 τῇ

173 618 368 707 Ἀφροδίτῃ,
384 618 434 687 ότι
450 619 652 704 μοιχεύεται,
669 614 742 705 ἢτῇ
752 616 885 703 Σελήνῃ
895 615 980 700 πρός
992 614 1051 682 τόν
1062 613 1177 683 Ἐνδυ-

178 723 285 802 μίωνα
299 716 460 804 κατιούσῃ
471 715 629 791 πολλάκις
645 718 680 781 έκ
695 720 794 799 μέσης
803 722 860 799 τῆς
875 712 974 795 ὁδοῦ;
996 720 1026 780 8.
1045 716 1126 799 φέρε
1142 714 1178 779 δὲ
1272 710 1273 715 ’

177 812 242 899 ἤδη
258 813 387 880 τούτων
402 812 561 899 ἀφέμενοι
582 820 650 879 τῶν
669 814 780 897 λόγων
800 815 833 889 ἐς
853 809 957 878 αὐτόν
982 810 1177 895 ἀνέλθωμεν

178 909 239 977 τόν
262 908 410 995 οὐρανόν
436 918 613 996 ποιητικῶς
634 909 859 995 ἀναπτάμενοι
883 908 966 977 κατά
987 908 1050 995 τὴν
1074 905 1179 993 αὐτὴν

173 1005 303 1098 Ὁμήρῳ
317 1012 371 1077 καὶ
387 1007 530 1099 Ἡσιόδῳ
545 1007 626 1077 ὁδόν
647 1012 702 1077 καὶ
714 1009 919 1095 θεασώμεθα
935 1006 1025 1087 ὅπως
1042 1012 1179 1076 ἕκαστον

179 1107 434 1192 διακεκόσμηται
450 1116 518 1174 των
538 1106 625 1175 άνω·
656 1110 712 1175 καὶ
735 1108 785 1175 ότι
805 1108 867 1193 μέν
886 1116 1029 1193 χαλκοῦς
1052 1112 1118 1176 ἐστι
1139 1105 1178 1173 τά

180 1207 257 1288 ἔξω,
284 1205 340 1271 καὶ
359 1204 424 1287 πρό
439 1203 534 1291 ἡμῶν
554 1213 614 1273 τοῦ
632 1203 779 1291 Ὁμήρου
801 1207 954 1290 λέγοντος
973 1202 1178 1291 ἠκούσαμεν·

180 1299 365 1387 ὑπερβάντι
379 1305 416 1369 δὲ
429 1307 484 1371 καλ
495 1301 704 1386 ἀνακύψαντι
718 1302 840 1388 μικρόν
856 1307 888 1382 ές
898 1302 934 1371 τό
951 1303 1021 1370 ἀνω
1036 1305 1091 1369 καὶ
1105 1298 1179 1367 ἀτε-

179 1406 266 1484 χνῶς
280 1401 332 1467 ἐπὶ
346 1408 407 1468 τοῦ
418 1402 526 1469 νότου
540 1406 708 1492 γενομένῳ
723 1410 795 1488 φῶς
808 1429 844 1469 τε
857 1402 1087 1488 λαμπρότερον
1101 1404 1180 1485 φαί-

180 1522 272 1563 νεται
285 1498 341 1563 καὶ
353 1495 447 1582 ἥλιος
461 1502 696 1586 καθαρώτερος
712 1503 767 1568 καὶ
784 1499 887 1585 ἀστρα
899 1502 1112 1585 διαυγέστερα
1126 1518 1181 1563 και

180 1590 217 1660 τό
238 1600 307 1660 πῦυ
329 1591 435 1680 ἡμέρα
456 1601 511 1665 καλ
528 1607 677 1685 χρυσοῦν
703 1598 738 1666 τό
766 1599 925 1665 δάπεδον·
959 1599 1118 1666 ἐσιόντων
1144 1593 1181 1660 δὲ

181 1697 295 1775 πρωτα
306 1693 367 1776 μὲν
377 1699 527 1762 οἰκοῦσιν
537 1702 574 1764 αι’
581 1689 692 1780 Ὧραι·
716 1705 908 1781 πυλωροῦσι
923 1697 1004 1781 γάρ·
1026 1701 1135 1762 ἔπειτα
1146 1688 1177 1758 δ’

180 1781 289 1873 ἡἹρις
303 1791 357 1854 καὶ
371 1786 517 1877 ὁἙρμης
533 1792 626 1871 όντες
636 1792 797 1880 ὑπηρέται
807 1796 862 1861 καὶ
873 1790 1112 1878 ἀγγελιαφόροι
1121 1793 1181 1855 τοῦ

115 1903 164 1961 533
181 1882 279 1967 Διός,
295 1884 366 1968 ἑξῆς
376 1887 412 1952 δὲ
423 1894 483 1954 τοῦ
492 1884 675 1974 Ἡφαίστου
685 1887 722 1956 τό
733 1898 885 1976 χαλκεῖον
896 1888 1082 1975 ἀνάμεστον
1093 1885 1181 1954 ἀπά-

182 2002 242 2066 σης
256 1981 385 2070 τέχνης,
401 1982 481 2068 μετά
497 1985 533 2053 δὲ
549 1992 586 2054 αί
600 1995 669 2053 τῶν
682 1996 775 2056 θεῶν
790 1995 889 2057 οἰκίαι
904 1991 959 2056 καὶ
973 1995 1034 2054 τοῦ
1044 1983 1128 2062 Διός
1140 1980 1181 2049 τὰ

181 2083 346 2164 βασίλεια,
367 2088 471 2146 ταῦτα
488 2082 596 2151 πάντα
617 2093 796 2171 περικαλλῆ
811 2093 872 2153 τοῦ
882 2084 1065 2170 Ἡφαίστου
1081 2107 1182 2149 κατα-

182 2176 414 2257 σκευάσαντος.
447 2187 478 2248 9.
500 2188 557 2268 ,,οί
576 2182 612 2250 δὲ
632 2187 706 2252 θεοὶ
726 2182 793 2269 πάρ
812 2182 1123 2270 Ζηνὶ·καθήμενοι“
1143 2217 1181 2230 -

182 2277 299 2360 πρέπει
314 2277 397 2364 γάρ,
414 2278 519 2366 οἶμαι,
543 2280 614 2349 ἀνω
633 2283 714 2350 ὅντα
730 2293 969 2369 μεγαληγορεῖν
980 2322 1024 2332 ι-
1036 2277 1181 2347 άποσκο·

182 2382 304 2443 ποῦσιν
320 2378 353 2454 ές
365 2374 428 2462 τὴν
441 2386 506 2464 γῆν
519 2384 574 2448 καὶ
589 2382 697 2468 πάντη
712 2385 969 2469 περιβλέπουσιν
983 2381 1185 2450 ἐπικύπτον-

182 2500 250 2557 τες,
277 2483 310 2541 εί
319 2484 428 2542 ποθεν
443 2474 582 2557 ὄψονται
602 2487 670 2564 πῦρ
687 2479 919 2567 ἀναπτόμενον
933 2476 955 2566 ἢ
972 2477 1184 2563 ἀναφερομέ-

182 2599 248 2657 νην
258 2586 377 2639 κνῖσαν
388 2577 627 2662 ,,ἑλισσομε’νην
637 2582 712 2661 περὶ
723 2586 873 2668 καπνῳ.“
893 2574 959 2646 κάν
970 2579 1032 2663 μὲν
1041 2575 1113 2664 θύῃ
1123 2601 1183 2656 τις,

184 2667 386 2754 εὐωχοῦνται
401 2671 522 2751 πάντες
542 2676 768 2761 ἐπικεχηνότες
782 2685 827 2767 τῷ
844 2686 960 2769 καπνῷ
979 2680 1033 2744 καὶ
1049 2672 1085 2742 τὸ
1104 2669 1184 2760 αἷμα

183 2774 335 2845 πίνοντες
355 2783 422 2847 τοῖς
437 2778 560 2856 βωμοῖς
579 2776 815 2860 περιχεάμευου
831 2775 941 2862 ὥσπερ
956 2781 993 2844 αί
1004 2789 1112 2861 μυῖαι·
1141 2768 1186 2857 ἢν

183 2864 220 2931 δέ
234 2865 391 2933 οίκόσιτοι
404 2859 481 2953 οἷσι,
497 2874 615 2956 νέκταρ
626 2875 680 2940 καλ
691 2871 854 2960 ἀμβροσία
865 2872 902 2941 τὸ
915 2879 1059 2942 δεῖπνον.
1082 2870 1184 2939 πάλαι

183 2967 245 3051 μὲν
260 2956 322 3030 ούν
336 2967 390 3032 καὶ
406 2965 581 3052 ἅνθρωποι
598 2979 832 3040 συνειστιῶντο
853 2975 909 3040 καὶ
926 2976 1107 3040 συνέπινον
1123 2969 1186 3036 αύ-

182 3074 268 3148 τοίς,
284 3058 301 3129 ὁ
317 3059 419 3142 Ἰξίων
429 3069 483 3134 καὶ
498 3065 516 3135 ὁ
532 3070 716 3149 Τάνταλος·
739 3073 807 3138 ἐπεὶ
819 3071 855 3139 δὲ
866 3064 953 3157 ἦσαν
964 3070 1118 3160 ὑβρισταὶ
1131 3070 1188 3136 καὶ

182 3161 295 3248 λάλοι,
312 3164 433 3231 έκεῖνοι
447 3165 509 3251 μὲν
524 3172 571 3236 ἔτι
585 3169 641 3236 καὶ
655 3177 720 3236 νῦν
732 3169 941 3256 κολάζονται,
957 3167 1079 3256 ἀβατος
1093 3169 1129 3235 δὲ
1140 3175 1189 3258 τῷ

182 3267 299 3351 θνητῷ
313 3263 403 3347 γένει
423 3265 478 3332 καὶ
498 3261 685 3352 ἀπόρρητος
706 3265 723 3335 ὁ
746 3265 897 3352 οὐρανός.
933 3273 981 3336 10.
1004 3263 1188 3344 τοιοῦτοςὸ

184 3367 254 3442 βίος
269 3367 338 3428 τῶν
350 3369 451 3430 θεῶν.
474 3374 654 3452 τοιγαροῦν
666 3369 720 3435 καὶ
732 3372 766 3434 οἱ
773 3366 948 3455 ἀνθρωποι
959 3365 1094 3455 συνῳδὰ
1105 3365 1187 3433 τού-
