2550 3825
336 182 584 240 ΝΕΚΡΙΚΟΙ
606 185 864 247 ΔΙΑΛΟΓΟΙ,
1043 185 1104 248 159

101 335 273 426 πορθμεύς
293 335 338 426 μή
360 333 529 424 διαρκέσαι
552 335 664 418 αὐτοῖς
686 341 760 410 τότε
786 355 822 410 το
851 355 994 425 σκάφος.
1019 347 1103 415 ἄλλα

101 442 229 524 σχεδίας
239 440 447 524 πηξαμένους
456 436 534 516 τούς
545 435 688 516 πολλούς
699 437 810 506 αὐτῶν
821 444 1025 511 διαπλεῦσαι.
1046 450 1101 511 και
1118 458 1166 513 ³82

100 542 202 602 ταῦτα
219 539 412 621 διέπραττον
430 531 530 614 αύτός
551 535 829 619 προκινδυνεύων
846 539 900 606 καὶ
924 555 1102 625 τιτρωσκε-

101 645 183 698 σθαι
197 627 308 710 άξιῶντ
330 633 454 699 καί-ἵνα
470 634 521 700 σοί
535 629 579 718 μή
594 629 634 698 τά
650 635 687 699 ἐν
707 633 805 722 Τύρῳ
819 636 902 720 μηδὲ
915 632 955 702 τά
973 638 1010 704 ἐν
1025 634 1082 719 ‘Ao

100 728 213 816 βήλοις
225 729 447 816 διηγήσωμαι,
463 726 546 798 ά-λλά
561 732 718 815 καὶμέχρι
731 729 845 799 Ἰνδῶν
854 727 964 818 ήλθον
976 736 1031 803 καί
1042 732 1101 802 τόν

96 825 258 896 Ὠκεανόν
281 826 363 913 ὅρον
379 827 584 914 ἐποιησάμην
603 833 661 912 τῆς
675 825 776 914 ἀρχῆς
790 832 845 898 καί
861 827 941 909 τούς
960 833 1101 914 ἐλέφαν-

99 951 156 1004 τας
173 924 284 993 αὐτῶν
305 921 395 994 εἷλον
414 927 469 992 καὶ
483 931 607 1005 Πῶρον
623 926 864 1012 ἐχειρωσάμην,
891 929 945 995 καὶ
959 928 1100 1008 Σκύθας

99 1025 136 1090 δὲ
157 1020 219 1090 ούκ
242 1020 553 1108 εὐκαταφρονήτους
574 1019 699 1105 ἄνδρας
717 1021 866 1111 ὑπερβάς
891 1023 950 1091 τόν
974 1025 1100 1094 Τάναϊν

8 1120 14 1136 ’
31 1142 42 1165 ·‘
99 1123 234 1205 ἐνίκησα
249 1119 375 1207 μεγάλη
389 1124 587 1208 ἱππομαχία,
608 1121 662 1187 καί
679 1119 757 1200 τούς
772 1129 891 1206 φίλους
910 1116 949 1189 εύ
963 1125 1099 1209 ἐποίησα

98 1221 154 1287 καὶ
169 1215 248 1296 τούς
262 1215 403 1304 ἐχθρούς
418 1215 606 1304 ἠμυνάμην.
630 1224 660 1287 εί
672 1219 708 1286 δὲ
719 1220 775 1286 καί
788 1218 869 1297 θεός
880 1219 1021 1288 ἐδόκουν
1032 1237 1100 1299 τοῖς

98 1314 307 1402 άυθρῶποις,
333 1317 540 1401 συγγνωστοὶ
561 1318 681 1384 ἐκεῖνοι
704 1313 788 1401 πρός
805 1314 842 1383 τό
868 1319 1009 1403 μέγεθος
1031 1326 1099 1385 τῶν

98 1418 301 1499 πραγμάτων
312 1415 366 1480 καί
374 1413 529 1482 τοιοῦτόν
540 1441 570 1480 τι
581 1413 815 1492 πιστεύσαντες
826 1417 901 1500 περὶ
912 1418 1001 1501 ἐμοῦ.
1018 1413 1097 1482 6.τό

98 1509 130 1580 δ’
149 1505 214 1580 οὖν
228 1507 418 1582 τελευταῖον
433 1510 496 1600 ἐγῶ
511 1513 572 1600 μὲν
587 1513 774 1600 βασιλεύων
790 1509 980 1597 άπέθανον,
1001 1504 1099 1589 οὗτος

98 1614 134 1679 δὲ
146 1613 182 1678 ἐν
194 1619 286 1700 φυγή
298 1609 345 1678 ῶν
357 1609 446 1698 παρόι
456 1619 609 1701 Προυσίᾳ
620 1617 666 1700 τῷ
676 1618 827 1700 Βιθυνῷ,
840 1612 993 1692 καθάπερ
1005 1608 1098 1690 άξιον

96 1701 141 1797 ἦν
155 1709 428 1796 πανουργότατον
444 1711 498 1778 καὶ
510 1707 680 1796 ὠμότατον
695 1706 791 1776 όντα·
815 1706 858 1786 ῶς
871 1706 935 1795 γάρ
948 1707 987 1794 δή
999 1704 1099 1793 ἐκρά-

96 1828 176 1894 τησε
190 1816 259 1875 τῶν
270 1806 420 1893 Ἰταλῶν,
440 1813 483 1878 ἐῶ
497 1813 606 1897 λέγειν
624 1807 674 1877 ὅτι
691 1807 752 1877 ούκ
766 1810 871 1895 ἰσχύι,
893 1805 976 1877 ἀλλά
992 1833 1099 1894 πονη-
1121 1806 1126 1816 ’

98 1914 153 1996 ρίηι
171 1909 225 1975 καί
239 1904 372 1998 άπιστίηι
387 1911 441 1978 καί
458 1910 583 1995 δόλοις,
603 1909 747 1996 νόμιμον
762 1911 798 1978 δὲ
814 1902 836 1996 ή
852 1907 1022 1994 προφανὲς
1039 1903 1099 1974 ού-

97 2008 164 2075 δέν.
196 2008 265 2074 ἐπεί
281 2010 320 2074 δέ
335 2034 392 2093 μοι
417 2005 565 2076 ῶνείδισε
584 2006 646 2094 τήν
663 2010 812 2096 τρυφήν,
834 2011 1033 2093 ἐκλελῆσθαί
1044 2032 1099 2093 μοι

96 2110 191 2177 δοκεῖ
204 2101 256 2174 οἷα
273 2109 375 2176 ἐποίει
395 2110 432 2175 ἐν
447 2108 570 2195 Καπύη
585 2112 725 2195 ἑταίραις
740 2108 855 2176 σννῶν
871 2111 925 2176 καί
939 2105 1018 2185 τούς
1038 2113 1097 2173 τοῦ
1115 2125 1166 2178 388

96 2204 244 2290 πολέμου
259 2202 395 2291 καιρούς
414 2203 429 2273 ό
448 2204 635 2293 θαυμάσιος
650 2211 915 2294 καθηδυπαθῶν.
938 2202 1003 2291 ἐγῶ
1018 2206 1054 2271 δὲ
1069 2210 1099 2271 εί

95 2300 140 2388 μή
158 2300 260 2388 μικρά
277 2303 317 2371 τά
333 2305 466 2389 ἑσπέρια
482 2305 579 2385 δόξας
599 2308 651 2375 ἐπὶ
665 2305 727 2393 τήν
742 2308 786 2373 ἕω
804 2312 931 2392 μᾶλλον
949 2302 1095 2389 ῶρμησα,

94 2409 129 2469 τί
140 2398 184 2470 άν
198 2406 281 2489 μέγα
297 2408 419 2487 ἔπραξα
437 2400 574 2471 Ἰταλίαν
590 2407 750 2491 άναιμωτί
765 2402 879 2492 λαβῶν
895 2404 949 2470 καί
965 2401 1096 2488 Λιβύην

95 2502 150 2569 καί
163 2499 204 2568 τά
219 2504 311 2587 μέχρι
326 2507 497 2588 Γαδείρων
512 2500 738 2589 ὑπαγόμενος;
766 2500 842 2571 ἀλλ’
861 2499 924 2568 οόκ
938 2498 1096 2585 ἀξιόμαχα

95 2596 190 2678 ἒδόξέ
202 2624 258 2685 μοι
274 2600 382 2665 ίκείνα
394 2595 649 2687 ὑποπτήσσοντα
662 2600 726 2688 ήδη
736 2602 790 2669 καὶ
801 2599 965 2685 δεσπότην
976 2595 1097 2685 ὁμολο-

94 2705 229 2784 γοῦντα.
255 2707 384 2783 είρηκα·
409 2694 451 2763 σύ
464 2701 509 2785 δέ,
521 2691 548 2765 ῶ
559 2706 686 2783 Μίνως,
704 2703 826 2779 δίκαζε·
846 2698 944 2765 ίκαυά
954 2693 1018 2782 γάρ
1031 2690 1095 2763 άπό

93 2803 229 2865 πολλῶν
244 2798 298 2863 καὶ
316 2804 426 2864 ταῦτα.

180 2901 208 2965 7.
232 2902 370 2964 ΣΚΗΠ.
394 2893 454 2983 Μή
469 2895 648 2980 πρότερον,
663 2888 706 2979 ἢν
720 2892 764 2979 μή
779 2896 834 2961 καί
849 2896 930 2979 ε’μοῶ
941 2892 1095 2983 άκούσης.

178 3001 281 3061 ΜΙΝ.
309 3000 365 3072 Τίς
381 2990 445 3079 γάρ
461 2991 504 3079 εί,
522 2987 548 3059 ῶ
562 2996 726 3081 βέλτιστες
747 2989 892 3079 ήπόθεν
907 2989 956 3061 ῶν
972 2996 1069 3076 ε’ρεῑςς

178 3098 316 3161 ΣΚΗΠ.
335 3088 517 3177 Ἰταλιῶτης
533 3099 694 3178 Σκηπίων
709 3089 889 3178 στρατηγός
908 3089 1097 3162 ὁκαθελῶν

51 3174 55 3185 ’
92 3189 294 3277 Καρχηδόνα
308 3191 363 3257 καί
379 3190 544 3276 κρατήσας
557 3189 696 3277 Λιβύων
710 3189 867 3276 μεγάλαις
880 3188 1007 3275 μάχαις.

179 3293 281 3356 ΜΙΝ.
308 3293 351 3355 Τί
361 3280 425 3354 ούν
439 3290 494 3356 καὶ
508 3284 550 3355 σύ
565 3290 664 3373 ἕρεῑςς

179 3392 319 3455 ΣΚΗΠ.
338 3382 557 3472 Ἀλεξάνδρου
570 3384 632 3468 μὲν
652 3383 761 3471 ἥττων
776 3382 876 3466 εἶναι,
898 3390 959 3450 τού
973 3383 1009 3452 δὲ
1022 3382 1097 3453 Ἀν·
