2550 3825
156 159 194 223 12
511 160 808 217 ΛΟΥΚΙΑΝΟΤ

97 326 131 380 ³6
153 316 338 406 ἡμετέροις·
361 316 382 406 ἢ
403 316 492 405 παρά
514 326 574 385 τού
595 315 661 403 γάρ
683 312 726 383 άν
741 320 957 407 ε’κλείιτομενς
983 325 1014 388 εί
1025 314 1070 406 μη
1088 315 1152 401 ἀρα

153 418 274 504 τιςέμὲ
291 420 426 487 διέλαθε
447 416 620 496 τοιούτους
644 417 894 502 πιτυοκάμπτας
917 422 971 486 καλ
989 417 1152 503 τραγελά·

1257 249 1261 360 ¹

154 540 240 599 φους
257 518 312 584 καί
335 514 434 594 αύτός
458 516 692 594 συντεθεικώς.
718 514 806 602 πλην
820 516 904 586 ἀλλά
918 524 953 585 τί
965 514 1011 585 ἀν
1026 516 1152 583 πάθοι·
1259 523 1260 580 λ

100 630 132 686 ³7
154 640 204 699 μι;
228 616 423 700 ἐμμενετέον
434 612 498 699 γάρ
511 608 560 691 οἷς
571 611 658 692 άπαξ
668 614 886 700 προειλόμην·
909 618 978 684 ἐπεὶ
992 613 1030 683 τό
1047 641 1084 699 γε
1094 638 1154 700 με-
1259 609 1260 636 ³

154 714 418 797 ταβονλεύεσθαι
430 711 634 799 Ἐπιμηθέως
650 717 760 798 ἔργον,
776 712 817 779 ού
833 717 1040 801 Προμηθέως
1054 717 1144 781 ἐστίν

564 894 759 903 —————

258 1058 411 1126 ΠΡΟΣ
437 1061 718 1131 ΝΙΓΡΙΝΟΝ
741 1061 1053 1129 ΕΠΙΣΤΟΛΗ

348 1180 538 1259 Λουκιανός
552 1190 705 1273 Νιγρίνῳ
722 1176 761 1249 εύ
776 1181 941 1266 πράττειν.

233 1316 293 1395 Ἣ
305 1325 366 1407 μὲν
380 1331 541 1411 παροιμία
556 1333 648 1412 φησί,
664 1333 799 1393 Γλαῦκα
816 1332 862 1403 εἰς
875 1324 1026 1410 Ἀθήνας,
1042 1317 1085 1398 ὡς
1098 1345 1156 1405 γε·

101 1431 137 1485 88
158 1429 251 1488 λοίον
273 1417 315 1489 όν
336 1430 370 1487 εί
385 1448 433 1500 τις
461 1426 530 1491 ἐκεῖ
548 1429 675 1509 κομίζοι
694 1432 853 1509 γλαῦκας,
869 1421 920 1489 ὅτι
939 1423 1057 1487 πολλαί
1079 1412 1155 1502 παρ’

158 1513 270 1595 αὐτοῖς
285 1522 377 1584 εἰσιν.
400 1514 464 1601 ἐγω
482 1516 513 1583 δ’
533 1524 563 1584 εί
577 1518 639 1601 μὲν
651 1517 796 1603 δύναμιν
809 1519 919 1603 λόγων
931 1519 1159 1593 ἐπιδείξασθαι

159 1614 364 1701 βουλόμενος
386 1618 497 1681 ἔπειτα
516 1621 670 1704 Νιγρίνῳ
697 1616 828 1702 γράηας
848 1622 979 1702 βιβλίον
999 1619 1158 1698 ἔπεμπον,

160 1716 296 1799 εἰχόμην
310 1710 354 1779 ἀν
374 1720 419 1801 τῷ
433 1720 552 1804 γελοίῳ
566 1722 713 1799 γλαῦκας
725 1712 769 1791 ὡς
783 1712 917 1799 ἀληθῶς
932 1710 1160 1798 ἐμπορευόμεὲ

160 1838 232 1889 υος·
255 1814 324 1880 ἐπεὶ
341 1815 377 1879 δὲ
393 1812 501 1898 μόνην
520 1832 573 1880 σοι
593 1817 738 1898 δηλῶσαι
748 1810 812 1898 την
829 1812 910 1898 ε’μην
921 1812 1060 1897 γνώμην
1081 1810 1162 1875 ἐθέ-

159 1920 217 1996 λω,
235 1910 326 1990 ὅπως
339 1937 374 1978 τε
385 1918 451 1978 νῦν
466 1917 528 1997 ἔχω
540 1915 594 1978 καὶ
609 1910 659 1978 ὅτι
672 1908 715 1998 μὴ
728 1914 901 1996 παρέργως
912 1919 1066 1996 εἴλημμαι
1075 1904 1161 1994 πρὸς

159 2018 227 2076 τῶν
249 2018 319 2077 σύν
340 2010 468 2096 λόγων,
490 2008 711 2096 ἀποφεύγοιμ’
738 2006 781 2076 ἀν
804 2009 937 2086 είκότως
960 2012 1015 2076 καὶ
1040 2005 1161 2075 τὸτοῦ

160 2113 372 2176 Θουκυδίδου
387 2113 553 2194 λέγοντος,
568 2107 655 2194 ὅτιη
674 2107 803 2193 ἀμαθία
820 2110 882 2192 μὲν
892 2117 1040 2192 θρασεῖς,
1058 2105 1163 2192 ὀκνη-

160 2206 241 2290 ρούς
262 2210 298 2274 δὲ
318 2206 354 2274 τό
380 2209 616 2292 λελογισμένον
640 2206 870 2291 ἀπεργάζεται·
899 2210 1002 2293 δῆλον
1027 2204 1092 2292 γάρ
1116 2203 1162 2283 ὡς

160 2305 254 2394 ούχὴ
272 2304 400 2393 ἀμαθία
415 2332 471 2393 μοι
486 2307 573 2392 μόνη
597 2312 654 2389 της
675 2306 829 2390 τοιαύτης
847 2305 985 2390 τόλμης,
1007 2301 1161 2371 ἀλλὰκαὶ

159 2402 177 2472 ὁ
197 2403 280 2490 πρὸς
296 2403 376 2484 τούς
391 2405 515 2490 λόγους
530 2410 613 2489 ἔρως
628 2413 741 2482 αίτιος.
775 2409 913 2489 ἔρρωσο.

216 2593 443 2654 ΝΙΓΡΙΝΟΣ
461 2601 490 2649 Η
514 2593 625 2654 ΠΕΡΙ
642 2593 912 2655 ΦΙΛΟΣΟΦΟΥ
930 2591 1094 2652 ΗΟΟῬΣ.

396 2705 608 2767 ΕΤΑΙΡΟΣ,
640 2703 920 2758 ΔΟΤΚΙΑΝΘΣ.

248 2804 275 2865 1.
299 2802 418 2863 ETAI.
449 2793 508 2875 Ὡς
530 2796 650 2882 σεμνὸς
668 2797 749 2884 ἡμῖν
772 2797 903 2882 σφόδρα
924 2798 979 2886 καί
999 2819 1168 2880 μετεωρος

108 2911 141 2966 ³9
164 2895 423 2980 ἐπανελήλυθας.
447 2892 489 2962 ού
509 2902 626 2962 τοίνυν
647 2898 868 2983 προσβλέπειν
887 2893 973 2982 ἡμᾶς
992 2900 1039 2962 ἔτι
1059 2890 1168 2973 ἀξιοῖς

164 2993 243 3063 οὔθ’
260 2991 391 3079 ὁμιλίας
407 2997 588 3078 μεταδίδως
602 2994 679 3062 ούτε
691 3009 862 3071 κοινωνεῖς
877 3001 946 3061 τῶν
961 2991 1086 3080 ὁμοίων
1101 2993 1143 3060 λό
1154 3031 1167 3042 -

161 3121 242 3182 γων,
259 3089 332 3159 ἀλλ’
349 3090 447 3177 ἀφνω
458 3098 697 3180 μεταβέβλησαι
709 3095 762 3160 καὶ
775 3091 861 3171 ὅλως
874 3091 1085 3181 ὑπεροπτικῷ
1094 3117 1168 3158 τινι

162 3199 282 3270 ἔοικας.
303 3189 408 3278 ἡδέως
429 3189 460 3259 δ’
486 3189 530 3259 ἀν
552 3193 643 3278 παρά
667 3201 731 3259 σού
745 3199 935 3278 πυθοίμην,
956 3187 1170 3271 ὅθενούτως

163 3289 293 3370 ἀτόπως
309 3295 391 3376 ἔχεις
406 3293 460 3359 καί
474 3297 508 3359 τί
519 3292 650 3358 τούτων
666 3302 781 3360 αίτιου.

246 3395 376 3457 ΛΟῬΚ.
404 3395 445 3456 Τί
459 3387 524 3475 γάρ
544 3388 623 3458 άλλο
638 3417 688 3477 γε,
708 3382 864 3474 ύὲταϊρε,
880 3387 903 3477 ἢ
918 3393 1070 3475 ευτυχίος
