2550 3825
346 207 568 264 ΕΝΑΛΙΟΙ
594 207 852 264 ΔΙΑΛΟΓΟΙ.
1041 205 1101 267 133

105 365 302 452 ἐκάθευδον,
318 364 425 451 οἶμαι,
444 363 511 431 ὁδὲ
525 363 701 450 ἀποτεμὼν
711 372 768 450 τῆς
779 365 959 452 Μεδούσης
974 393 1033 452 την
1045 393 1102 433 κε-

104 459 211 554 φαλὴν
225 460 326 552 η’έχετο
339 461 578 546 ἀποπτάμενος.

75 567 77 570 ’
182 567 241 628 ΙΦ.
263 560 448 639 Πωςίδεόνς
468 557 604 626 ἀθέατοι
616 559 682 645 γάρ
694 564 793 626 εἰσιν·
815 556 888 646 ἢδς
898 557 942 627 ἀν
952 566 1022 649 ἰδη,
1039 556 1101 629 οάκ
1120 576 1170 632 ³23

103 658 143 726 ἀν
158 686 189 726 τι
207 659 288 726 ἀλλο
304 655 385 744 μετά
401 657 522 734 τούτοις
538 661 612 724 ἰδοι.

186 764 261 825 ΤΡΙ
262 765 295 823 T.
312 753 356 822 Ἡ
369 753 496 840 Ἀθηνᾶ
510 752 572 840 τὴν
587 754 709 821 ἀσπίδα
728 763 964 842 προφαίνουσα
978 799 1022 821 -«
1033 781 1104 824 τοι·

28 849 38 954 ,
103 863 182 922 αὐτα
199 851 263 940 γάρ
282 851 410 939 ἥκουσα
426 854 650 937 διηγουμένου
670 849 775 918 αὐτοῦ
790 850 873 936 πρὸς
888 850 949 939 τὴν
968 851 1104 940 Ἀνδρο-

103 957 202 1041 μέδαν
217 953 272 1020 καὶ
288 948 371 1036 πρὸς
391 946 451 1016 τόν
464 953 583 1036 Κηφέα
597 947 740 1033 ὕστερον
757 991 794 1001 -
813 949 833 1037 η
851 949 978 1037 Ἀθηνά
993 948 1032 1038 δη
1052 954 1104 1019 έπί

103 1061 156 1138 τῆς
181 1048 319 1128 ἀσπίδος
341 1046 604 1134 ἀποστιλβούσης
625 1046 736 1135 ὥσπερ
757 1051 809 1118 ἐπὶ
833 1057 893 1116 τοῦ
915 1050 1103 1134 κατόπτρου

12 1229 14 1236 ⁴
102 1152 261 1234 παρέσχεν
276 1145 365 1236 αὐτῷ
381 1150 464 1212 ἰδεῑν
480 1142 542 1232 την
554 1145 667 1213 εἰκόνα
678 1152 736 1231 τῆς
745 1147 942 1232 Μεδούσης·
964 1145 1032 1214 εἶτα
1042 1154 1103 1213 λα-

101 1248 241 1334 βόμενος
261 1252 300 1333 τῇ
324 1251 400 1334 λαιᾷ
422 1252 479 1331 τῆς
499 1243 619 1330 κόμης,
641 1247 769 1329 ἐνορῶν
791 1240 825 1311 δ’
841 1247 873 1324 ἐς
894 1244 956 1331 τὴν
979 1244 1102 1329 εἰκόνα,

102 1354 140 1434 τῇ
155 1349 245 1433 δεξιᾷ
261 1343 324 1430 την
340 1341 450 1429 ἅρπην
467 1349 566 1428 έχων,
588 1341 726 1428 ἀπέτεμε
747 1340 809 1430 την
822 1341 973 1430 κεφαλὴν
990 1342 1101 1429 αὐτῆς,

101 1447 154 1512 καί
169 1445 249 1527 πρὶν
264 1441 465 1529 ἀνεγρέσθαι
478 1438 536 1520 τάς
551 1439 698 1526 ἀδελφὰς
711 1439 882 1508 ἀνέπτατο.
914 1447 944 1509 3.
976 1445 1045 1509 ἐπεὶ
1067 1445 1103 1509 δέ

100 1537 183 1609 κατά
194 1537 255 1626 τὴν
266 1539 431 1623 παράλιον
442 1540 567 1625 ταύτην
578 1545 761 1607 Αἰθιοπίαν
770 1543 909 1626 ἐγένετο,
921 1540 984 1627 ἤδη
997 1540 1103 1626 πρόσ-

100 1665 188 1724 γειος
203 1638 398 1724 πετόμενος,
423 1635 487 1725 ὁρᾷ
505 1635 567 1723 τὴν
580 1636 801 1723 Ἀνδρομέδαν
815 1642 1036 1726 προκειμένην
1051 1642 1106 1707 ἐπί

102 1763 190 1814 τινος
213 1739 333 1818 πέτρας
354 1742 538 1821 προβλῆτος
552 1739 968 1823 προσπεπατταλευμένην,
989 1744 1104 1805 καλλί-

102 1856 200 1922 στην,
223 1827 355 1921 ἀθεοί,
378 1835 583 1920 καθειμένην
596 1830 655 1910 τάς
672 1832 791 1921 κόμας,
813 1831 1003 1921 ἡμίγυμνον
1016 1833 1103 1902 πολύ

102 1942 242 2018 ἔνερθεν
256 1940 323 2001 τῶν
338 1940 489 2019 μαστῶν·
521 1936 575 1999 καί
593 1931 629 2000 τό
645 1934 707 2019 μὲν
721 1940 854 2018 πρῶτον
869 1941 1029 2020 οἰκτείρας
1042 1935 1105 2021 την

102 2032 204 2117 τύχην
223 2028 324 2115 αὐτῆς
345 2027 499 2115 ἀνηρεότα
518 2026 580 2115 τὴν
599 2036 707 2097 αἰτίαν
724 2037 782 2115 τῆς
804 2036 997 2117 καταδίκης,
1022 2031 1104 2099 κατὰ

100 2126 221 2214 μικρὸν
235 2131 271 2195 δὲ
285 2126 387 2205 ἁλούς
402 2133 499 2211 ἔρωτι
516 2168 552 2179 -
569 2130 669 2213 ἐχρῆν
683 2123 748 2213 γάρ
768 2135 937 2195 σεσῶσθαι
952 2127 1014 2213 τὴν
1029 2146 1106 2196 παί-

100 2230 142 2293 δα
154 2265 197 2275 -
208 2233 349 2311 βοηθεῖν
370 2226 507 2310 διέγνω·
535 2226 589 2291 καί
605 2220 717 2309 ἐπειδὴ
738 2220 774 2290 τό
798 2230 896 2309 κῆτος
911 2224 1003 2311 ἐπῄει
1017 2225 1105 2310 μάλα

80 2315 84 2326 ’
99 2324 250 2412 φοβερὰν
262 2322 305 2403 ὡς
315 2324 560 2410 καταπιόμενον
571 2322 632 2409 τὴν
644 2320 882 2407 Ἀνδρομέδαν,
894 2318 1106 2408 ὑπεραιωρη-

29 2406 41 2433 ⁰
98 2427 172 2501 θεὶς
187 2422 203 2490 ὁ
218 2428 391 2499 νεανίσκος
404 2420 586 2505 πρόκωπον
598 2427 683 2505 έχων
693 2418 754 2504 τὴν
768 2417 880 2505 ἀρπην
891 2427 929 2508 τῇ
941 2422 1003 2505 μὲν
1017 2431 1103 2489 καθ-

99 2536 255 2607 ικνεῖται,
283 2529 322 2609 τῇ
343 2521 378 2589 δὲ
398 2518 598 2605 προδεικνὺς
619 2519 680 2604 τὴν
701 2517 856 2604 Γοργόνα
875 2526 975 2587 λίθον
1001 2522 1104 2587 ἐποίει

99 2616 183 2687 αὐτό
190 2670 200 2701 ,
217 2616 254 2686 τό
267 2617 303 2687 δὲ
314 2620 479 2704 τέθνηκεν
490 2616 577 2704 ὁμοῦ
591 2620 646 2685 καί
660 2620 808 2703 πέπηγεν
817 2615 922 2685 αύτού
933 2615 973 2686 τά
985 2617 1102 2704 πολλά,
1122 2640 1174 2695 324

99 2716 162 2785 όσα
178 2716 245 2785 εἰδε
258 2714 321 2803 την
336 2721 536 2784 Μέδουσαν·
565 2712 582 2782 ὁ
598 2718 633 2783 δὲ
652 2716 755 2792 λύσας
769 2713 809 2782 τά
826 2714 929 2802 δεσμά
944 2723 1002 2802 τῆς
1018 2741 1106 2799 παρ-

98 2818 224 2899 θένου,
242 2812 400 2899 ὑποσχών
415 2812 478 2899 τὴν
497 2828 589 2899 χεῖρα
610 2811 788 2893 ὑπεδέξατο
810 2810 1011 2900 ἀκροποδητὶ
1027 2841 1106 2881 κατ-

99 2921 222 2980 ιοῦσαν
246 2916 281 2979 ἐκ
301 2920 358 2998 της
378 2917 497 2998 πέτρας
512 2910 695 2997 ὀλισθηρᾶς
712 2910 829 2996 ούσης,
854 2916 909 2979 καί
929 2921 995 2980 νύν
1010 2926 1110 2999 γαμεῖ

98 3014 136 3079 ἐν
156 3018 219 3079 τού
234 3016 376 3097 Κηφέως
397 3014 452 3079 καί
466 3009 583 3089 ἀπάξει
598 3007 705 3095 αύτην
720 3012 752 3087 ές
766 3008 904 3095 Ἄργος,
929 3008 1011 3077 ὥστε
1034 3009 1107 3079 ἀντί

96 3111 254 3177 θανάτου
268 3110 378 3196 γάμον
394 3107 434 3176 ού
449 3106 508 3175 τδν
522 3110 663 3194 τυχόντα
679 3105 801 3194 εύρετο.

183 3214 214 3277 4.
236 3215 296 3276 ΙΦ.
316 3206 397 3293 Ἐγώ
413 3207 475 3293 μὲν
497 3204 539 3273 ού
553 3207 646 3273 πάνυ
661 3212 706 3295 τῷ
721 3205 875 3290 γεγονότι
892 3203 1053 3292 ἀχθομαι·
1075 3222 1106 3274 τί

97 3306 163 3389 γὰρ
179 3305 200 3389 ἡ
219 3319 295 3383 παῖς
311 3302 418 3389 ἠδίκει
432 3302 533 3390 ἡμᾶς,
552 3313 585 3371 εἰ
595 3330 626 3371 τι
637 3301 658 3384 ἡ
670 3302 777 3387 μήτηρ
790 3305 1041 3389 ἐμεγαλαυχεῖτο
1052 3304 1104 3372 καί

98 3401 195 3486 ἠξίου
211 3408 357 3470 καλλίων
376 3400 478 3481 εἰναις
555 3488 559 3501 ,
