2550 3825
488 216 712 266 PRAEFATIO
1111 229 1136 262 ιιι

21 248 35 303 ἃ

78 366 96 399 ο.
113 350 140 399 11
164 343 194 400 οἱ
216 344 246 401 bt
270 343 321 401 οόκ
355 345 386 401 οἴ
401 344 432 401 δ’
449 345 500 401 οόκ
519 354 555 403 id.
591 354 650 405 ibid.
671 346 700 411 ἐς
717 353 770 418 γῆν
790 356 889 405 restitui
905 370 952 419 pro
970 348 998 410 ἐς
1013 343 1067 416 τήν
1083 348 1137 415 γῆν

78 435 96 467 ο.
115 418 144 469 13
161 414 261 502 η’ρέμα]
277 412 367 485 η’μερα
382 422 460 471 Diud.
478 423 578 473 vitiose.
614 424 675 473 ibid.
696 417 789 479 πάσας
806 438 863 473 oum
881 424 938 474 eod,
954 438 1000 488 pro
1016 416 1065 470 καί
1082 413 1136 468 πά-

77 501 122 545 σας
152 488 210 539 ibid.
231 484 330 556 ου’τως]
349 479 421 539 οὕτω
435 491 472 539 id.
509 508 531 541 ο,
551 492 584 542 14
601 487 671 554 πρὶν
688 480 719 557 ἢ]
736 492 834 541 πλεῖον
851 507 870 555 η
886 491 922 541 id.

142 559 225 609 Vitar.
244 560 321 613 Λυσι.
341 576 364 611 ο.
383 562 401 609 4
417 554 536 623 τέσσαρα
549 576 606 610 oum
622 561 698 610 Dind.
716 577 763 627 pro
780 558 896 623 τέτταρα
930 560 989 610 ibid.
1009 551 1056 607 int
1073 571 1135 605 του-

75 620 154 675 τέοισι
173 626 233 677 dedi
254 644 301 693 pro
319 625 368 678 καί
390 618 438 677 int
456 641 529 677 τουτ.
575 646 597 682 ο.
617 630 635 681 6
653 621 725 693 αἷμα
743 624 774 679 bi
788 626 904 695 ποιέεις]
922 621 993 691 αἷμα
1008 619 1136 689 ποιήσεις

74 695 143 745 Diod.
177 696 238 746 ibid.
257 688 337 764 ἀλλὰ]
356 688 413 746 ἀλλ’
431 698 467 748 id.
504 702 553 749 c.7
568 695 790 763 προσκαλέσηται
805 700 837 749 de
854 714 911 749 meo
929 698 988 747 dedi
1003 712 1049 762 pro
1068 709 1135 758 προ.

74 760 212 829 καλέσηται
246 767 307 816 ibid.
327 758 427 832 οὕτως]
451 756 522 815 οὕτω
540 767 615 822 Dind.
652 785 673 821 ο.
692 769 709 819 9
730 763 912 833 πειθόμενος]
930 761 1086 829 πυθόμενος
1100 764 1134 815 id.

74 850 92 885 ο.
112 834 144 885 10
166 823 264 900 οὕτως]
288 826 359 884 οὕτω
378 836 412 885 id.
451 852 472 889 ο.
500 836 533 885 12
555 835 768 904 ὃιοίισθαίυων]
792 832 983 887 διολισθάνων
1001 836 1038 885 td.
1074 834 1134 883 ibid.

73 894 206 965 εὐδοκίμει
217 906 314 953 restitui
331 920 377 970 pro
393 895 539 968 vindoninse
574 906 636 955 ibid.
646 902 751 973 μένειν]
769 908 864 970 μενεῖν
882 906 958 956 Dind.
994 920 1016 955 o.
1028 903 1061 954 13
1070 916 1135 949 nev-

73 970 142 1038 θῶν]
160 970 279 1021 πενθεῖν
292 974 328 1024 id.
348 976 474 1037 imperite,
510 989 533 1023 e.
554 976 588 1025 14
611 974 749 1039 συντίθης
770 992 827 1025 oum
850 976 909 1027 eod.
928 990 973 1039 pro
992 969 1135 1027 σνντιθεῖς

72 1042 128 1091 ibid.
143 1040 244 1107 enimv]
263 1044 336 1090 τοῖσι
349 1044 384 1093 id.
420 1043 479 1093 ibid.
497 1038 603 1109 τουτοϊ]
622 1039 700 1093 τουτί
717 1045 752 1094 id.
789 1045 850 1096 ibid.
870 1037 901 1094 bi
918 1039 1011 1107 ἔγωγε]
1025 1031 1056 1090 θ’
1070 1034 1135 1104 ἔγω-

21 1128 22 1138 *
72 1123 100 1173 γε
115 1111 150 1159 id.
184 1111 243 1161 ibid.
262 1109 408 1174 μενοῦσιν,
428 1112 641 1173 quemadmodum
662 1128 710 1178 ego
730 1129 830 1177 quoque
850 1114 910 1163 olim
928 1113 1060 1168 dederam,
1077 1124 1134 1158 eum
1229 1114 1234 1122 '

73 1179 125 1229 eod.
143 1193 188 1243 pro
204 1174 335 1242 μένουσιν
371 1196 391 1231 ο,
414 1180 447 1231 15
464 1173 575 1230 ἀκοόσει
606 1172 713 1248 α’κοόση
731 1184 767 1238 id,
802 1183 863 1232 ibid.
882 1175 1018 1247 λεγόντοιν
1034 1180 1068 1229 id.
1087 1193 1135 1227 uu·

72 1250 105 1297 eis
127 1246 251 1297 liberavit.
288 1264 311 1299 ο.
333 1248 367 1300 16
385 1246 483 1314 ταῦτα]
504 1248 571 1297 ταῦτ
597 1251 632 1300 id.
670 1268 692 1302 ο.
712 1250 745 1302 18
763 1248 871 1318 Βαβαῖ]
894 1244 983 1318 Βαβαῖ
1000 1250 1037 1298 id.
1072 1248 1133 1297 ibid.

70 1310 102 1365 τὰ
116 1306 174 1383 ἐπὶ]
191 1308 260 1367 τάπὶ
278 1318 314 1368 id.
350 1334 372 1369 ο.
392 1316 425 1367 lo
442 1311 648 1399 Συρακρόσχος]
664 1311 840 1400 Σιχρακόριος
855 1321 902 1379 id,
921 1316 1134 1395 quemadmodum

70 1400 234 1504 {bibiti
250 1378 1133 1523 idpffld'niddd'i‘f‘diddgdss“et¹‘¹1iaudo²{tdsswddffl
1211 1491 1217 1526 γ

70 1524 112 1582 id,
130 1532 155 1573 ut
168 1525 217 1573 sibi
235 1540 286 1575 non
299 1531 404 1574 onustat.
442 1541 464 1574 ο.
478 1528 512 1576 24
528 1524 633 1593 εἵνεκα]
650 1540 733 1577 ενεκα
749 1526 785 1578 id.
819 1526 879 1576 ibid.
896 1516 981 1590 ἐχρῆν
999 1524 1059 1574 dedi
1075 1538 1132 1572 oum

70 1594 123 1643 eod.
145 1594 176 1643 de
194 1592 297 1657 Sengeri
315 1595 463 1653 coniectura,
481 1596 587 1661 probata
604 1596 648 1645 iiia
666 1598 741 1645 etiam
758 1596 933 1645 obFritzsehio
950 1596 983 1644 ad
1001 1590 1133 1655 Aristoph.

70 1662 158 1713 thesm.
177 1676 203 1727 p.
221 1662 281 1714 201.
316 1679 338 1711 ο.
357 1664 391 1713 25
407 1670 475 1713 extr.
491 1662 541 1713 τοῦ
557 1662 719 1728 θερίζοντος
733 1667 785 1713 iam
802 1680 858 1713 oum
869 1664 965 1714 Geistio
979 1662 1080 1712 restitui
1089 1675 1134 1724 pro

69 1728 115 1780 τοῦ
131 1728 293 1790 θεοίζθντθς
310 1722 393 1793 λόγου
433 1747 455 1781 ο.
483 1732 517 1785 26
539 1724 573 1781 od
596 1725 768 1799 γελαστικὸν]
792 1725 826 1781 οὐ
841 1723 1001 1796 γελαστικὸν
1013 1725 1081 1765 1***
1098 1730 1133 1778 id.

68 1816 81 1847 ο
106 1803 139 1851 27
157 1797 296 1865 Πυρρίας]
309 1792 436 1877 ΡΠόρροιν
454 1802 489 1851 id.
508 1810 611 1855 temere.
645 1805 706 1854 ibid.
722 1801 810 1869 ΦΙΛ]
830 1800 987 1852 ΠΥΡΡΩΝ
1000 1801 1037 1850 id.
1072 1798 1133 1847 ibid.

69 1865 116 1920 καὶ
132 1860 163 1918 τὸ
183 1860 287 1934 τυφλὸς
303 1860 362 1933 ἀμα
379 1864 427 1919 καὶ
443 1862 549 1937 κυφὸς]
567 1867 615 1922 καί
630 1866 726 1936 κωφὸς
741 1860 800 1933 ἀμα
816 1866 865 1920 καὶ
883 1862 986 1935 τυφλὸς
1005 1870 1040 1922 id.
1071 1867 1128 1924 ibid,

68 1929 179 2003 ἄκριτός
196 1937 237 2005 τε]
256 1929 369 2000 ἄκριτός
386 1953 415 2002 γε
432 1940 466 1989 td.
502 1941 563 1990 ibid.
581 1933 688 2010 οὐθενὶ]
707 1933 789 1992 οὐδὲν
806 1943 842 1992 id.

134 2007 233 2058 Pt'eeat.
254 2023 276 2058 ο.
298 2011 314 2058 2
335 1999 417 2064 ὄντας
434 2001 518 2075 ἡμᾶς]
542 2003 615 2074 ἡμᾶς
639 2013 709 2062 deest
726 2012 795 2076 opud
809 2009 886 2062 Diod.
921 2009 983 2059 ibid.
1005 2001 1132 2054 ΦΙΛΟΣ.

66 2079 96 2126 Α.
107 2068 186 2140 Ἐμοὶ
203 2068 271 2143 md]
286 2078 322 2126 itu
339 2077 398 2128 dedi
411 2093 468 2127 ourn
485 2080 575 2130 eodem
611 2089 730 2130 meeunte
747 2082 798 2128 ium
813 2095 846 2129 ex
858 2076 1039 2144 purteSoiano.
1056 2073 1132 2137 uulgo

66 2146 245 2196 haecomnia:
270 2136 347 2209 Ἐμοὶ
363 2139 413 2210 μὲν
435 2163 516 2210 usque
537 2147 571 2198 ad
593 2095 786 2213 ξἀῖμπεῖόκίεις
811 2146 903 2209 δοκεῖς
930 2148 976 2195 uui
992 2144 1134 2193 tribuuntur

21 2207 32 2230 ⁸
65 2214 174 2265 Plutoni.
210 2230 232 2270 ο,
249 2213 266 2266 3
283 2209 433 2282 κακηγόρε]
452 2208 596 2280 κακηφόρε
611 2219 797 2268 Dindvitiose.
833 2218 892 2267 ibid.
913 2213 951 2265 Τι’
967 2209 1025 2277 θός]
1043 2208 1081 2260 Τί
1098 2200 1132 2267 ‹5'3

21 2293 22 2296 ’
65 2285 98 2333 id.
135 2286 187 2337 eb
203 2284 318 2344 ποιεῖτε]
338 2283 436 2348 ποιῆτε
453 2286 490 2336 id.
503 2286 625 2350 imperite.
663 2304 684 2336 o.
699 2286 716 2337 6
734 2280 857 2350 ἕκαστος]
873 2279 990 2334 ἕκαστον
1009 2283 1044 2331 id.
1084 2279 1132 2328 oi

64 2351 144 2402 τοῦτο
162 2350 272 2409 δίκαιος
300 2346 328 2402 εί
350 2355 449 2404 restitui
470 2369 516 2418 pro
540 2353 621 2404 τοῦτο
644 2350 760 2419 μάλιστα
779 2353 889 2410 δίκαιος
910 2342 1023 2414 ἀνείης
1059 2346 1132 2400 σ.11

21 2483 22 2490 χ
65 2420 157 2471 καίτοι
175 2413 265 2472 πολὺν
283 2422 341 2472 dedi
357 2437 404 2506 ρσο
419 2421 512 2472 καίτοι
527 2418 603 2473 πάνυ
621 2419 710 2474 ποῖον
746 2440 767 2472 ο.
787 2425 820 2474 12
844 2415 892 2471 ἐπὶ
909 2414 1000 2476 πόδας
1022 2403 1075 2466 οὖν
1093 2430 1133 2498 fe·

64 2494 134 2541 stitui
153 2507 200 2556 pro
218 2488 304 2541 ταῦτα
321 2484 391 2540 ibov
412 2483 459 2540 ἐπὶ
477 2485 568 2548 πόδας
583 2478 619 2541 αι’)
655 2511 676 2544 ο.
704 2493 736 2543 13
758 2484 922 2556 Ἀκαδημίας
957 2481 1133 2550 Ἀκαδημειας

64 2561 139 2613 1)1οι1.
179 2577 202 2611 ο.
221 2560 255 2610 14
279 2559 395 2644 γίνεται]
437 2559 542 2626 ίγνεται
560 2563 596 2614 id.
632 2579 654 2612 ο.
673 2562 706 2612 17
727 2552 800 2612 iiii&
824 2554 904 2626 ἡμῖν]
929 2550 991 2625 Ait’
1006 2548 1076 2621 ἡμῖν
1095 2554 1130 2606 id.

64 2645 84 2677 ο.
103 2630 138 2681 19
155 2619 225 2678 ἀλλά
240 2621 311 2696 εἰπέ]
329 2619 379 2678 ἀλλ
404 2576 464 2680 εἶπέ
479 2631 514 2681 id.
551 2647 573 2680 υ.
591 2631 624 2682 20
649 2622 970 2696 1έγοιδὲ]1ε’γοιὸὴίι1.
1003 2626 1064 2677 ibid.
1085 2620 1133 2686 φί-

21 2729 22 2732 =
62 2697 120 2764 1ου]
142 2697 211 2761 φίῖο
230 2699 265 2750 id.
284 2707 385 2748 auotore
402 2700 509 2760 Halmio,
528 2702 660 2762 quisnam
679 2702 706 2750 iu
724 2717 778 2751 rem
794 2701 853 2751 citet
873 2698 1002 2764 Aristoph.
1021 2709 1092 2773 vegp.
1107 2709 1131 2741 v·

63 2769 94 2816 77
112 2783 174 2830 sqq.
211 2783 232 2816 ο.
253 2770 286 2821 22
302 2760 537 2832 ἐπιτηδειότατος]
555 2759 776 2832 ἐπιτηδειότερος
790 2772 825 2820 id.
862 2785 883 2820 ο.
903 2769 938 2821 23
951 2765 1032 2816 τοῦτο
1049 2775 1133 2823 οπερ-

62 2828 155 2903 μάχει]
174 2829 274 2886 τοότου
289 2827 389 2900 ὑπερμ.
407 2838 442 2888 id.
479 2853 500 2887 υ.
517 2839 552 2888 24
565 2829 720 2902 ἐκκέχυται]
735 2829 877 2903 ἐγκέχυται
893 2840 930 2888 id.
949 2836 1073 2900 imperite.
1107 2846 1131 2910 ο.

21 2907 23 2940 ²
62 2906 92 2954 27
108 2896 184 2955 ἀλλὰ
200 2897 332 2972 vivonio]
351 2897 410 2954 ἀλλ’
423 2897 543 2969 ἀνανθρ.
563 2909 599 2961 id.
635 2908 694 2958 ibid.
714 2901 745 2958 bi
759 2901 787 2974 ὁ]
807 2902 837 2957 θ’
854 2901 870 2958 ὁ
887 2909 923 2957 id.
958 2905 1019 2957 ibid.
1038 2894 1133 2964 θὲέγε-

62 2973 127 3041 1ου]
148 2967 183 3023 d’
198 2964 296 3038 ἐγέλων
311 2975 345 3025 id.
382 2991 406 3024 ο.
416 2975 450 3028 28
460 2964 574 3024 ἅπαντα
592 2979 666 3026 eiecit
682 2977 717 3029 id.
753 2977 814 3031 ibid,
835 2972 880 3026 σοὶ
894 2968 946 3040 γάρ
960 2965 991 3023 τὸ
1011 2970 1062 3020 νῦν
1073 2962 1132 3033 ῥεῖ]

62 3044 93 3092 ita
115 3046 173 3094 inm
192 3045 284 3108 scripsi
301 3053 422 3105 sequutus
443 3044 641 3095 Burmeisterum
662 3061 689 3111 p.
712 3048 791 3111 ⁴ipro
813 3042 858 3096 σοὶ
876 3035 977 3109 γὰρτὸ
997 3033 1073 3103 ὕδωρ
1091 3030 1136 3103 ἀεὶ

61 3110 108 3161 νῦν
147 3129 173 3162 ο.
187 3111 223 3164 29
240 3105 428 3178 αἰτιάσεσθαι]
448 3106 625 3163 αἰτιάσαισθε
642 3113 718 3164 Diod.
752 3116 813 3168 ibid.
834 3106 905 3165 καίά
920 3115 947 3164 id
965 3114 1021 3162 sine
1036 3116 1130 3160 munet·

61 3179 86 3230 iis
123 3198 150 3232 ο.
171 3181 203 3232 31
224 3170 381 3247 ἐπιτρίψαι]
401 3173 547 3247 ἐπιτρῖψαι
569 3185 604 3238 id.
624 3184 725 3233 sublata
739 3185 941 3250 interpunctione
959 3190 1017 3232 ante
1035 3188 1060 3228 et
1076 3185 1134 3256 post

59 3246 102 3310 μοὶ
120 3248 211 3300 δοκεῖ
243 3267 265 3300 ο.
275 3249 309 3301 32
324 3241 445 3316 ἐμιμεῖτο
465 3255 619 3317 necopinum
637 3253 694 3303 eod.
711 3267 756 3317 pro
773 3243 895 3303 ἐποιεῖτο
929 3268 952 3302 ο.
964 3249 998 3302 33
1012 3239 1133 3307 bitini.

59 3322 159 3371 restitui
178 3335 226 3387 pro
243 3311 302 3368 ἀλλ’
319 3311 363 3383 di.
398 3321 459 3372 ibid.
479 3323 541 3370 τοῖν
558 3319 654 3386 θεοῖν]
678 3323 744 3370 ταῖν
767 3320 854 3372 θεαῖν
880 3322 955 3372 1)1ο(1.
972 3319 1052 3375 mole3
1079 3314 1131 3363 vid·

59 3385 193 3440 Schaeteri
212 3389 308 3438 melett.
330 3405 357 3454 p.
379 3389 413 3442 30
431 3405 470 3454 sq.
505 3391 565 3441 ibid.
585 3382 778 3451 ἀποτρόπαιον
800 3384 849 3457 ὥς]
874 3380 1067 3450 ἀποτρόπαιον
1088 3371 1134 3457 όν]-

58 3471 105 3516 τος
125 3459 209 3511 Dind.
248 3456 318 3508 Geist
333 3449 370 3516 ὥς
388 3459 489 3509 delevit.
525 3476 546 3508 υ.
568 3459 602 3510 34
624 3451 879 3524 ἀναγιγνώσκοντες
897 3458 972 3508 Diud.
1007 3455 1067 3503 ibid.
1087 3463 1136 3497 ov*
