<?xml version="1.0" encoding="UTF-8"?>
<!DOCTYPE html PUBLIC "-//W3C//DTD XHTML 1.0 Transitional//EN"
    "http://www.w3.org/TR/xhtml1/DTD/xhtml1-transitional.dtd">
<html xmlns="http://www.w3.org/1999/xhtml" xml:lang="en" lang="en">
 <head>
  <title>
</title>
<meta http-equiv="Content-Type" content="text/html;charset=utf-8" />
  <meta name='ocr-system' content='tesseract 3.04.00' />
  <meta name='ocr-capabilities' content='ocr_page ocr_carea ocr_par ocr_line ocrx_word'/>
</head>
<body>
  <div class='ocr_page' id='page_1' title='image "./lucianisamosate03jacogoog_0109.png"; bbox 0 0 2550 3825; ppageno 0'>
   <div class='ocr_carea' id='block_1_1' title="bbox 97 481 147 534">
    <p class='ocr_par' dir='ltr' id='par_1_1' title="bbox 97 481 147 534">
     <span class='ocr_line' id='line_1_1' title="bbox 97 481 147 534; baseline 0 0"><span class='ocrx_word' id='word_1_1' title='bbox 97 481 147 534; x_wconf 75' lang='lat'><strong><em>233</em></strong></span> 
     </span>
    </p>
   </div>
   <div class='ocr_carea' id='block_1_2' title="bbox 96 2214 147 2268">
    <p class='ocr_par' dir='ltr' id='par_1_2' title="bbox 96 2214 147 2268">
     <span class='ocr_line' id='line_1_2' title="bbox 96 2214 147 2268; baseline -0.02 0"><span class='ocrx_word' id='word_1_2' title='bbox 96 2214 147 2268; x_wconf 71' lang='lat'><strong><em>234</em></strong></span> 
     </span>
    </p>
   </div>
   <div class='ocr_carea' id='block_1_3' title="bbox 520 175 810 235">
    <p class='ocr_par' dir='ltr' id='par_1_3' title="bbox 520 175 810 235">
     <span class='ocr_line' id='line_1_3' title="bbox 520 175 810 235; baseline 0 -2"><span class='ocrx_word' id='word_1_3' title='bbox 520 175 705 234; x_wconf 77' lang='lat' dir='ltr'><em>AOYKIA</em></span> <span class='ocrx_word' id='word_1_4' title='bbox 716 175 810 235; x_wconf 79' lang='grc' dir='ltr'><strong><em>ΝΟΤ</em></strong></span> 
     </span>
    </p>
   </div>
   <div class='ocr_carea' id='block_1_4' title="bbox 355 370 976 536">
    <p class='ocr_par' dir='ltr' id='par_1_4' title="bbox 355 370 976 536">
     <span class='ocr_line' id='line_1_4' title="bbox 641 370 691 431; baseline -0.02 0"><span class='ocrx_word' id='word_1_5' title='bbox 641 370 691 431; x_wconf 75' lang='lat'><strong><em>12.</em></strong></span> 
     </span>
     <span class='ocr_line' id='line_1_5' title="bbox 355 480 976 536; baseline 0 -2"><span class='ocrx_word' id='word_1_6' title='bbox 355 481 643 536; x_wconf 77' lang='grc' dir='ltr'><strong><em>λοΡοΔιΤΗΣ</em></strong></span> <span class='ocrx_word' id='word_1_7' title='bbox 664 483 747 534; x_wconf 69' lang='grc' dir='ltr'><strong><em>παι</em></strong></span> <span class='ocrx_word' id='word_1_8' title='bbox 774 480 976 534; x_wconf 72' lang='lat' dir='ltr'><strong><em>mm.</em></strong></span> 
     </span>
    </p>
   </div>
   <div class='ocr_carea' id='block_1_5' title="bbox 164 609 1171 1689">
    <p class='ocr_par' dir='ltr' id='par_1_5' title="bbox 164 609 1171 1492">
     <span class='ocr_line' id='line_1_6' title="bbox 250 609 1168 701; baseline -0.001 -19"><span class='ocrx_word' id='word_1_9' title='bbox 250 621 278 682; x_wconf 89' lang='lat' dir='ltr'><strong><em>l.</em></strong></span> <span class='ocrx_word' id='word_1_10' title='bbox 301 623 399 684; x_wconf 87' lang='grc' dir='ltr'><em>ΑΦΡ.</em></span> <span class='ocrx_word' id='word_1_11' title='bbox 418 609 456 684; x_wconf 73' lang='grc' dir='ltr'><em>Ὠ</em></span> <span class='ocrx_word' id='word_1_12' title='bbox 470 618 588 684; x_wconf 89' lang='grc' dir='ltr'><strong><em>τέκνον</em></strong></span> <span class='ocrx_word' id='word_1_13' title='bbox 601 613 718 701; x_wconf 78' lang='grc' dir='ltr'><strong><em>Ἔρως,</em></strong></span> <span class='ocrx_word' id='word_1_14' title='bbox 735 613 798 698; x_wconf 89' lang='grc' dir='ltr'><strong><em>όρα</em></strong></span> <span class='ocrx_word' id='word_1_15' title='bbox 813 611 866 683; x_wconf 85' lang='grc' dir='ltr'><strong><em>οἷα</em></strong></span> <span class='ocrx_word' id='word_1_16' title='bbox 881 628 1000 693; x_wconf 77' lang='grc' dir='ltr'><em>ποιεῖς·</em></span> <span class='ocrx_word' id='word_1_17' title='bbox 1023 611 1065 680; x_wconf 86' lang='grc' dir='ltr'><strong><em>οῦ</em></strong></span> <span class='ocrx_word' id='word_1_18' title='bbox 1080 612 1119 679; x_wconf 80' lang='grc' dir='ltr'><strong><em>τά</em></strong></span> <span class='ocrx_word' id='word_1_19' title='bbox 1130 613 1168 681; x_wconf 81' lang='grc' dir='ltr'><strong><em>ἐν</em></strong></span> 
     </span>
     <span class='ocr_line' id='line_1_7' title="bbox 164 707 1170 802; baseline -0.004 -22"><span class='ocrx_word' id='word_1_20' title='bbox 164 721 257 802; x_wconf 75' lang='grc' dir='ltr'><strong><em>τῇγῇ</em></strong></span> <span class='ocrx_word' id='word_1_21' title='bbox 267 719 368 798; x_wconf 83' lang='grc' dir='ltr'><strong><em>λέγω,</em></strong></span> <span class='ocrx_word' id='word_1_22' title='bbox 386 711 494 781; x_wconf 83' lang='grc' dir='ltr'><strong><em>ὁπόσα</em></strong></span> <span class='ocrx_word' id='word_1_23' title='bbox 504 712 582 791; x_wconf 85' lang='grc' dir='ltr'><strong><em>τοῦς</em></strong></span> <span class='ocrx_word' id='word_1_24' title='bbox 593 709 797 795; x_wconf 71' lang='grc' dir='ltr'><strong><em>ἀνθρώπους</em></strong></span> <span class='ocrx_word' id='word_1_25' title='bbox 807 710 1000 790; x_wconf 69' lang='grc' dir='ltr'><em>ἀναπείθεις</em></span> <span class='ocrx_word' id='word_1_26' title='bbox 1011 708 1091 781; x_wconf 88' lang='grc' dir='ltr'><strong><em>καθ’</em></strong></span> <span class='ocrx_word' id='word_1_27' title='bbox 1104 707 1170 777; x_wconf 86' lang='grc' dir='ltr'><strong><em>αῦ-</em></strong></span> 
     </span>
     <span class='ocr_line' id='line_1_8' title="bbox 165 806 1169 898; baseline -0.004 -19"><span class='ocrx_word' id='word_1_28' title='bbox 165 821 232 879; x_wconf 84' lang='grc' dir='ltr'><strong><em>τιῦυ</em></strong></span> <span class='ocrx_word' id='word_1_29' title='bbox 247 807 268 897; x_wconf 80' lang='grc' dir='ltr'><strong><em>ἢ</em></strong></span> <span class='ocrx_word' id='word_1_30' title='bbox 284 809 356 879; x_wconf 87' lang='grc' dir='ltr'><strong><em>κατ’</em></strong></span> <span class='ocrx_word' id='word_1_31' title='bbox 373 809 527 897; x_wconf 82' lang='grc' dir='ltr'><strong><em>ἀλλήλων</em></strong></span> <span class='ocrx_word' id='word_1_32' title='bbox 542 811 754 896; x_wconf 79' lang='grc' dir='ltr'><strong><em>ἐργάζεσθαι,</em></strong></span> <span class='ocrx_word' id='word_1_33' title='bbox 770 808 853 878; x_wconf 88' lang='grc' dir='ltr'><strong><em>άλλόι</em></strong></span> <span class='ocrx_word' id='word_1_34' title='bbox 869 814 924 878; x_wconf 81' lang='grc' dir='ltr'><strong><em>καὶ</em></strong></span> <span class='ocrx_word' id='word_1_35' title='bbox 937 809 977 878; x_wconf 81' lang='grc' dir='ltr'><strong><em>τά</em></strong></span> <span class='ocrx_word' id='word_1_36' title='bbox 992 813 1029 878; x_wconf 87' lang='grc' dir='ltr'><strong><em>έν</em></strong></span> <span class='ocrx_word' id='word_1_37' title='bbox 1045 815 1090 898; x_wconf 75' lang='grc' dir='ltr'><strong><em>τῷ</em></strong></span> <span class='ocrx_word' id='word_1_38' title='bbox 1107 806 1169 876; x_wconf 86' lang='grc' dir='ltr'><strong><em>οῦ·</em></strong></span> 
     </span>
     <span class='ocr_line' id='line_1_9' title="bbox 166 905 1169 996; baseline -0.003 -20"><span class='ocrx_word' id='word_1_39' title='bbox 166 916 275 996; x_wconf 81' lang='grc' dir='ltr'><strong><em>ρανςῦ,</em></strong></span> <span class='ocrx_word' id='word_1_40' title='bbox 292 905 328 986; x_wconf 83' lang='grc' dir='ltr'><strong><em>ὃς</em></strong></span> <span class='ocrx_word' id='word_1_41' title='bbox 340 906 400 975; x_wconf 88' lang='grc' dir='ltr'><strong><em>τόν</em></strong></span> <span class='ocrx_word' id='word_1_42' title='bbox 417 908 478 994; x_wconf 73' lang='grc' dir='ltr'><strong><em>μὲν</em></strong></span> <span class='ocrx_word' id='word_1_43' title='bbox 492 914 559 976; x_wconf 83' lang='grc' dir='ltr'><strong><em>Δία</em></strong></span> <span class='ocrx_word' id='word_1_44' title='bbox 575 909 798 995; x_wconf 88' lang='grc' dir='ltr'><strong><em>πολύμορφον</em></strong></span> <span class='ocrx_word' id='word_1_45' title='bbox 815 909 1033 988; x_wconf 77' lang='grc' dir='ltr'><strong><em>ἐπιδεικνύεις</em></strong></span> <span class='ocrx_word' id='word_1_46' title='bbox 1047 907 1169 976; x_wconf 85' lang='grc' dir='ltr'><strong><em>άλλάτ-</em></strong></span> 
     </span>
     <span class='ocr_line' id='line_1_10' title="bbox 166 1007 1170 1100; baseline -0.007 -20"><span class='ocrx_word' id='word_1_47' title='bbox 166 1039 234 1080; x_wconf 85' lang='grc' dir='ltr'><strong><em>των</em></strong></span> <span class='ocrx_word' id='word_1_48' title='bbox 249 1014 281 1089; x_wconf 89' lang='grc' dir='ltr'><strong><em>ἐς</em></strong></span> <span class='ocrx_word' id='word_1_49' title='bbox 297 1009 317 1077; x_wconf 88' lang='grc' dir='ltr'><strong><em>ό</em></strong></span> <span class='ocrx_word' id='word_1_50' title='bbox 332 1037 362 1076; x_wconf 88' lang='grc' dir='ltr'><strong><em>τι</em></strong></span> <span class='ocrx_word' id='word_1_51' title='bbox 378 1007 422 1077; x_wconf 87' lang='grc' dir='ltr'><strong><em>άν</em></strong></span> <span class='ocrx_word' id='word_1_52' title='bbox 432 1029 484 1077; x_wconf 93' lang='grc' dir='ltr'><strong><em>σοι</em></strong></span> <span class='ocrx_word' id='word_1_53' title='bbox 500 1013 551 1078; x_wconf 84' lang='grc' dir='ltr'><strong><em>έπλ</em></strong></span> <span class='ocrx_word' id='word_1_54' title='bbox 565 1017 624 1076; x_wconf 89' lang='grc' dir='ltr'><strong><em>τοῦ</em></strong></span> <span class='ocrx_word' id='word_1_55' title='bbox 640 1016 761 1091; x_wconf 80' lang='grc' dir='ltr'><strong><em>καιροῦ</em></strong></span> <span class='ocrx_word' id='word_1_56' title='bbox 775 1013 873 1100; x_wconf 77' lang='grc' dir='ltr'><strong><em>δοκῇ,</em></strong></span> <span class='ocrx_word' id='word_1_57' title='bbox 890 1008 951 1097; x_wconf 81' lang='grc' dir='ltr'><strong><em>τὴν</em></strong></span> <span class='ocrx_word' id='word_1_58' title='bbox 962 1010 1117 1096; x_wconf 80' lang='grc' dir='ltr'><strong><em>Σελήνην</em></strong></span> <span class='ocrx_word' id='word_1_59' title='bbox 1133 1007 1170 1074; x_wconf 73' lang='grc' dir='ltr'><strong><em>δὲ</em></strong></span> 
     </span>
     <span class='ocr_line' id='line_1_11' title="bbox 166 1104 1171 1197; baseline -0.003 -20"><span class='ocrx_word' id='word_1_60' title='bbox 166 1120 339 1193; x_wconf 77' lang='grc' dir='ltr'><strong><em>καθαιρεῖς</em></strong></span> <span class='ocrx_word' id='word_1_61' title='bbox 354 1109 390 1174; x_wconf 89' lang='grc' dir='ltr'><strong><em>ἐκ</em></strong></span> <span class='ocrx_word' id='word_1_62' title='bbox 406 1113 465 1174; x_wconf 89' lang='grc' dir='ltr'><strong><em>τοῦ</em></strong></span> <span class='ocrx_word' id='word_1_63' title='bbox 482 1104 647 1192; x_wconf 86' lang='grc' dir='ltr'><strong><em>ούρανοῦ,</em></strong></span> <span class='ocrx_word' id='word_1_64' title='bbox 669 1104 854 1176; x_wconf 84' lang='grc' dir='ltr'><strong><em>τόνἭλιον</em></strong></span> <span class='ocrx_word' id='word_1_65' title='bbox 869 1109 904 1176; x_wconf 74' lang='grc' dir='ltr'><strong><em>δέ</em></strong></span> <span class='ocrx_word' id='word_1_66' title='bbox 921 1107 1010 1194; x_wconf 83' lang='grc' dir='ltr'><strong><em>παρά</em></strong></span> <span class='ocrx_word' id='word_1_67' title='bbox 1026 1114 1064 1197; x_wconf 76' lang='grc' dir='ltr'><strong><em>τῇ</em></strong></span> <span class='ocrx_word' id='word_1_68' title='bbox 1076 1115 1171 1175; x_wconf 86' lang='grc' dir='ltr'><strong><em>Κλυ-</em></strong></span> 
     </span>
     <span class='ocr_line' id='line_1_12' title="bbox 164 1204 1170 1295; baseline -0.005 -18"><span class='ocrx_word' id='word_1_69' title='bbox 164 1211 248 1295; x_wconf 91' lang='grc' dir='ltr'><strong><em>μένη</em></strong></span> <span class='ocrx_word' id='word_1_70' title='bbox 258 1205 469 1295; x_wconf 88' lang='grc' dir='ltr'><strong><em>βραδύνεινέ</em></strong></span> <span class='ocrx_word' id='word_1_71' title='bbox 468 1213 555 1274; x_wconf 85' lang='grc' dir='ltr'><strong><em>νίοτε</em></strong></span> <span class='ocrx_word' id='word_1_72' title='bbox 567 1204 762 1292; x_wconf 79' lang='grc' dir='ltr'><strong><em>ἀναγκάζεις</em></strong></span> <span class='ocrx_word' id='word_1_73' title='bbox 775 1207 1084 1293; x_wconf 78' lang='grc' dir='ltr'><strong><em>ἐπιλελησμένον</em></strong></span> <span class='ocrx_word' id='word_1_74' title='bbox 1046 1233 1103 1292; x_wconf 89' lang='grc' dir='ltr'><strong><em>της</em></strong></span> <span class='ocrx_word' id='word_1_75' title='bbox 1113 1211 1170 1273; x_wconf 91' lang='grc' dir='ltr'><strong><em>ιπ-</em></strong></span> 
     </span>
     <span class='ocr_line' id='line_1_13' title="bbox 165 1302 1170 1406; baseline -0.004 -31"><span class='ocrx_word' id='word_1_76' title='bbox 165 1313 299 1385; x_wconf 89' lang='grc' dir='ltr'><strong><em>πασίας</em></strong></span> <span class='ocrx_word' id='word_1_77' title='bbox 322 1333 342 1372; x_wconf 93' lang='grc' dir='ltr'><strong><em>α</em></strong></span> <span class='ocrx_word' id='word_1_78' title='bbox 329 1303 473 1391; x_wconf 53' lang='lat' dir='ltr'><strong><em>“niv</em></strong></span> <span class='ocrx_word' id='word_1_79' title='bbox 433 1331 498 1392; x_wconf 93' lang='grc' dir='ltr'><strong><em>γαρ</em></strong></span> <span class='ocrx_word' id='word_1_80' title='bbox 514 1308 546 1384; x_wconf 86' lang='grc' dir='ltr'><strong><em>ἐς</em></strong></span> <span class='ocrx_word' id='word_1_81' title='bbox 561 1302 668 1391; x_wconf 75' lang='grc' dir='ltr'><strong><em>ἐμὲ</em></strong></span> <span class='ocrx_word' id='word_1_82' title='bbox 632 1331 694 1391; x_wconf 89' lang='grc' dir='ltr'><strong><em>την</em></strong></span> <span class='ocrx_word' id='word_1_83' title='bbox 709 1308 833 1391; x_wconf 90' lang='grc' dir='ltr'><strong><em>μητέρα</em></strong></span> <span class='ocrx_word' id='word_1_84' title='bbox 847 1303 945 1393; x_wconf 78' lang='grc' dir='ltr'><strong><em>ῦβρίζ</em></strong></span> <span class='ocrx_word' id='word_1_85' title='bbox 944 1331 1007 1393; x_wconf 84' lang='grc' dir='ltr'><strong><em>εις,</em></strong></span> <span class='ocrx_word' id='word_1_86' title='bbox 1028 1312 1170 1406; x_wconf 78' lang='grc' dir='ltr'><strong><em>θαρρῶν</em></strong></span> 
     </span>
     <span class='ocr_line' id='line_1_14' title="bbox 164 1395 1171 1492; baseline -0.003 -19"><span class='ocrx_word' id='word_1_87' title='bbox 164 1420 278 1483; x_wconf 87' lang='grc' dir='ltr'><strong><em>ποιεῖς.</em></strong></span> <span class='ocrx_word' id='word_1_88' title='bbox 309 1401 392 1470; x_wconf 85' lang='grc' dir='ltr'><strong><em>άλλά</em></strong></span> <span class='ocrx_word' id='word_1_89' title='bbox 413 1402 474 1490; x_wconf 90' lang='grc' dir='ltr'><strong><em>σύ,</em></strong></span> <span class='ocrx_word' id='word_1_90' title='bbox 496 1395 523 1470; x_wconf 79' lang='grc' dir='ltr'><strong><em>ά</em></strong></span> <span class='ocrx_word' id='word_1_91' title='bbox 544 1404 782 1490; x_wconf 79' lang='grc' dir='ltr'><strong><em>τολμηρότατε,</em></strong></span> <span class='ocrx_word' id='word_1_92' title='bbox 804 1407 858 1473; x_wconf 89' lang='grc' dir='ltr'><strong><em>και</em></strong></span> <span class='ocrx_word' id='word_1_93' title='bbox 878 1403 940 1492; x_wconf 75' lang='grc' dir='ltr'><strong><em>τὴν</em></strong></span> <span class='ocrx_word' id='word_1_94' title='bbox 958 1405 1048 1474; x_wconf 93' lang='grc' dir='ltr'><strong><em>Ῥέαν</em></strong></span> <span class='ocrx_word' id='word_1_95' title='bbox 1063 1401 1171 1490; x_wconf 81' lang='grc' dir='ltr'><strong><em>αὐτὴν</em></strong></span> 
     </span>
    </p>

    <p class='ocr_par' dir='ltr' id='par_1_6' title="bbox 164 1497 1169 1689">
     <span class='ocr_line' id='line_1_15' title="bbox 164 1497 1168 1592; baseline -0.002 -20.953"><span class='ocrx_word' id='word_1_96' title='bbox 164 1513 274 1592; x_wconf 88' lang='grc' dir='ltr'><strong><em>γραῦν</em></strong></span> <span class='ocrx_word' id='word_1_97' title='bbox 287 1502 351 1589; x_wconf 76' lang='grc' dir='ltr'><strong><em>ἤδη</em></strong></span> <span class='ocrx_word' id='word_1_98' title='bbox 367 1507 421 1572; x_wconf 82' lang='grc' dir='ltr'><strong><em>καὶ</em></strong></span> <span class='ocrx_word' id='word_1_99' title='bbox 438 1505 563 1589; x_wconf 91' lang='grc' dir='ltr'><strong><em>μητέρα</em></strong></span> <span class='ocrx_word' id='word_1_100' title='bbox 579 1502 750 1570; x_wconf 79' lang='grc' dir='ltr'><strong><em>τοσούτων</em></strong></span> <span class='ocrx_word' id='word_1_101' title='bbox 764 1497 914 1570; x_wconf 81' lang='grc' dir='ltr'><strong><em>θεῶν</em></strong></span> <span class='ocrx_word' id='word_1_102' title='bbox 870 1525 979 1572; x_wconf 91' lang='grc' dir='ltr'><strong><em>ουσαν</em></strong></span> <span class='ocrx_word' id='word_1_103' title='bbox 993 1502 1168 1581; x_wconf 76' lang='grc' dir='ltr'><strong><em>ἀνέπεισας</em></strong></span> 
     </span>
     <span class='ocr_line' id='line_1_16' title="bbox 164 1601 1169 1689; baseline -0.005 -17"><span class='ocrx_word' id='word_1_104' title='bbox 164 1608 396 1686; x_wconf 81' lang='grc' dir='ltr'><strong><em>παιδεραστεῖν</em></strong></span> <span class='ocrx_word' id='word_1_105' title='bbox 411 1605 465 1670; x_wconf 81' lang='grc' dir='ltr'><strong><em>καὶ</em></strong></span> <span class='ocrx_word' id='word_1_106' title='bbox 479 1629 517 1669; x_wconf 90' lang='grc' dir='ltr'><strong><em>το</em></strong></span> <span class='ocrx_word' id='word_1_107' title='bbox 507 1601 682 1687; x_wconf 77' lang='grc' dir='ltr'><strong><em>Φρύγιον</em></strong></span> <span class='ocrx_word' id='word_1_108' title='bbox 695 1603 870 1689; x_wconf 87' lang='grc' dir='ltr'><strong><em>μειράκιον</em></strong></span> <span class='ocrx_word' id='word_1_109' title='bbox 884 1615 1022 1689; x_wconf 83' lang='grc' dir='ltr'><strong><em>ποθεῖν,</em></strong></span> <span class='ocrx_word' id='word_1_110' title='bbox 1038 1606 1091 1672; x_wconf 84' lang='grc' dir='ltr'><strong><em>καὶ</em></strong></span> <span class='ocrx_word' id='word_1_111' title='bbox 1104 1609 1169 1669; x_wconf 86' lang='grc' dir='ltr'><strong><em>νῦν</em></strong></span> 
     </span>
    </p>
   </div>
   <div class='ocr_carea' id='block_1_6' title="bbox 164 1700 1271 1886">
    <p class='ocr_par' dir='ltr' id='par_1_7' title="bbox 164 1700 1271 1886">
     <span class='ocr_line' id='line_1_17' title="bbox 164 1700 1271 1788; baseline -0.002 -18"><span class='ocrx_word' id='word_1_112' title='bbox 164 1705 273 1787; x_wconf 90' lang='grc' dir='ltr'><strong><em>ε’κείνη</em></strong></span> <span class='ocrx_word' id='word_1_113' title='bbox 285 1703 431 1786; x_wconf 82' lang='grc' dir='ltr'><strong><em>μέμηνεν</em></strong></span> <span class='ocrx_word' id='word_1_114' title='bbox 442 1700 508 1767; x_wconf 85' lang='grc' dir='ltr'><strong><em>ὑπό</em></strong></span> <span class='ocrx_word' id='word_1_115' title='bbox 521 1709 584 1768; x_wconf 91' lang='grc' dir='ltr'><strong><em>σοῦ</em></strong></span> <span class='ocrx_word' id='word_1_116' title='bbox 596 1704 650 1768; x_wconf 84' lang='grc' dir='ltr'><strong><em>καὶ</em></strong></span> <span class='ocrx_word' id='word_1_117' title='bbox 662 1703 839 1788; x_wconf 81' lang='grc' dir='ltr'><strong><em>ζευξαμένη</em></strong></span> <span class='ocrx_word' id='word_1_118' title='bbox 850 1700 929 1781; x_wconf 86' lang='grc' dir='ltr'><strong><em>τοῦς</em></strong></span> <span class='ocrx_word' id='word_1_119' title='bbox 939 1705 1089 1786; x_wconf 83' lang='grc' dir='ltr'><strong><em>λέοντας,</em></strong></span> <span class='ocrx_word' id='word_1_120' title='bbox 1104 1726 1169 1768; x_wconf 89' lang='grc' dir='ltr'><strong><em>πα-</em></strong></span> <span class='ocrx_word' id='word_1_121' title='bbox 1225 1728 1227 1732; x_wconf 92' lang='grc'><strong><em>·</em></strong></span> <span class='ocrx_word' id='word_1_122' title='bbox 1270 1732 1271 1745; x_wconf 54' lang='lat'>¹</span> 
     </span>
     <span class='ocr_line' id='line_1_18' title="bbox 166 1797 1271 1886; baseline 0.002 -20"><span class='ocrx_word' id='word_1_123' title='bbox 166 1805 358 1886; x_wconf 91' lang='grc' dir='ltr'><strong><em>ραλαβοῦσα</em></strong></span> <span class='ocrx_word' id='word_1_124' title='bbox 373 1802 428 1866; x_wconf 84' lang='grc' dir='ltr'><strong><em>καλ</em></strong></span> <span class='ocrx_word' id='word_1_125' title='bbox 449 1797 526 1876; x_wconf 84' lang='grc' dir='ltr'><strong><em>τοῦς</em></strong></span> <span class='ocrx_word' id='word_1_126' title='bbox 542 1799 762 1885; x_wconf 86' lang='grc' dir='ltr'><strong><em>Κορύβαντας</em></strong></span> <span class='ocrx_word' id='word_1_127' title='bbox 783 1797 841 1866; x_wconf 79' lang='grc' dir='ltr'><strong><em>ἅτε</em></strong></span> <span class='ocrx_word' id='word_1_128' title='bbox 855 1801 1018 1886; x_wconf 77' lang='grc' dir='ltr'><strong><em>μανικοὺς</em></strong></span> <span class='ocrx_word' id='word_1_129' title='bbox 1035 1804 1089 1870; x_wconf 78' lang='grc' dir='ltr'><strong><em>καὶ</em></strong></span> <span class='ocrx_word' id='word_1_130' title='bbox 1106 1799 1169 1868; x_wconf 87' lang='grc' dir='ltr'><strong><em>αὐ·</em></strong></span> <span class='ocrx_word' id='word_1_131' title='bbox 1270 1826 1271 1853; x_wconf 65' lang='grc' dir='ltr'><strong><em>ι</em></strong></span> 
     </span>
    </p>
   </div>
   <div class='ocr_carea' id='block_1_7' title="bbox 164 1896 1166 1987">
    <p class='ocr_par' dir='ltr' id='par_1_8' title="bbox 164 1896 1166 1987">
     <span class='ocr_line' id='line_1_19' title="bbox 164 1896 1166 1987; baseline -0.001 -19"><span class='ocrx_word' id='word_1_132' title='bbox 164 1897 243 1979; x_wconf 85' lang='grc' dir='ltr'><strong><em>τοῦς</em></strong></span> <span class='ocrx_word' id='word_1_133' title='bbox 253 1897 369 1984; x_wconf 89' lang='grc' dir='ltr'><strong><em>όντας,</em></strong></span> <span class='ocrx_word' id='word_1_134' title='bbox 381 1897 451 1965; x_wconf 85' lang='grc' dir='ltr'><strong><em>άυω</em></strong></span> <span class='ocrx_word' id='word_1_135' title='bbox 465 1899 519 1965; x_wconf 81' lang='grc' dir='ltr'><strong><em>καὶ</em></strong></span> <span class='ocrx_word' id='word_1_136' title='bbox 530 1897 620 1965; x_wconf 87' lang='grc' dir='ltr'><strong><em>κάτω</em></strong></span> <span class='ocrx_word' id='word_1_137' title='bbox 631 1896 791 1984; x_wconf 79' lang='grc' dir='ltr'><strong><em>τηνἽδην</em></strong></span> <span class='ocrx_word' id='word_1_138' title='bbox 803 1908 1059 1987; x_wconf 84' lang='grc' dir='ltr'><strong><em>περιπολοῦσιν,</em></strong></span> <span class='ocrx_word' id='word_1_139' title='bbox 1075 1897 1095 1987; x_wconf 82' lang='grc' dir='ltr'><em>ἡ</em></span> <span class='ocrx_word' id='word_1_140' title='bbox 1107 1903 1166 1986; x_wconf 75' lang='grc' dir='ltr'><strong><em>μὲν</em></strong></span> 
     </span>
    </p>
   </div>
   <div class='ocr_carea' id='block_1_8' title="bbox 166 1995 1270 2086">
    <p class='ocr_par' dir='ltr' id='par_1_9' title="bbox 166 1995 1270 2086">
     <span class='ocr_line' id='line_1_20' title="bbox 166 1995 1270 2086; baseline 0.001 -20"><span class='ocrx_word' id='word_1_141' title='bbox 166 1997 370 2079; x_wconf 80' lang='grc' dir='ltr'><strong><em>ὀλολύζουσα</em></strong></span> <span class='ocrx_word' id='word_1_142' title='bbox 386 1999 438 2064; x_wconf 85' lang='grc' dir='ltr'><strong><em>έπλ</em></strong></span> <span class='ocrx_word' id='word_1_143' title='bbox 453 1995 619 2086; x_wconf 70' lang='grc' dir='ltr'><strong><em>τβἍττη,</em></strong></span> <span class='ocrx_word' id='word_1_144' title='bbox 637 2002 671 2063; x_wconf 87' lang='grc' dir='ltr'><strong><em>οῖ</em></strong></span> <span class='ocrx_word' id='word_1_145' title='bbox 679 1996 941 2084; x_wconf 76' lang='grc' dir='ltr'><strong><em>Κορύβαντεςδέ</em></strong></span> <span class='ocrx_word' id='word_1_146' title='bbox 952 1997 969 2066; x_wconf 92' lang='grc' dir='ltr'>ὁ</span> <span class='ocrx_word' id='word_1_147' title='bbox 981 2002 1043 2085; x_wconf 75' lang='grc' dir='ltr'><strong><em>μὲν</em></strong></span> <span class='ocrx_word' id='word_1_148' title='bbox 1057 1996 1166 2067; x_wconf 79' lang='grc' dir='ltr'><strong><em>αὐτῶν</em></strong></span> <span class='ocrx_word' id='word_1_149' title='bbox 1268 2043 1270 2052; x_wconf 46' lang='lat'><em>1</em></span> 
     </span>
    </p>
   </div>
   <div class='ocr_carea' id='block_1_9' title="bbox 165 2092 1169 2385">
    <p class='ocr_par' dir='ltr' id='par_1_10' title="bbox 165 2092 1169 2385">
     <span class='ocr_line' id='line_1_21' title="bbox 166 2092 1165 2184; baseline 0.001 -20"><span class='ocrx_word' id='word_1_150' title='bbox 166 2101 315 2183; x_wconf 87' lang='grc' dir='ltr'><strong><em>τέμνεται</em></strong></span> <span class='ocrx_word' id='word_1_151' title='bbox 328 2101 413 2181; x_wconf 82' lang='grc' dir='ltr'><strong><em>ξίφει</em></strong></span> <span class='ocrx_word' id='word_1_152' title='bbox 425 2094 485 2163; x_wconf 90' lang='grc' dir='ltr'><strong><em>τδν</em></strong></span> <span class='ocrx_word' id='word_1_153' title='bbox 496 2104 621 2182; x_wconf 83' lang='grc' dir='ltr'><strong><em>πῆχυν,</em></strong></span> <span class='ocrx_word' id='word_1_154' title='bbox 637 2092 653 2161; x_wconf 87' lang='grc' dir='ltr'>ὁ</span> <span class='ocrx_word' id='word_1_155' title='bbox 668 2097 703 2161; x_wconf 80' lang='grc' dir='ltr'><strong><em>δὲ</em></strong></span> <span class='ocrx_word' id='word_1_156' title='bbox 716 2093 805 2174; x_wconf 84' lang='grc' dir='ltr'><strong><em>άνελς</em></strong></span> <span class='ocrx_word' id='word_1_157' title='bbox 818 2094 880 2182; x_wconf 80' lang='grc' dir='ltr'><strong><em>τὴν</em></strong></span> <span class='ocrx_word' id='word_1_158' title='bbox 890 2096 998 2184; x_wconf 90' lang='grc' dir='ltr'><strong><em>κόμην</em></strong></span> <span class='ocrx_word' id='word_1_159' title='bbox 1011 2101 1094 2165; x_wconf 79' lang='grc' dir='ltr'><strong><em>ἵεται</em></strong></span> <span class='ocrx_word' id='word_1_160' title='bbox 1108 2124 1165 2184; x_wconf 72' lang='grc' dir='ltr'><strong><em>με·</em></strong></span> 
     </span>
     <span class='ocr_line' id='line_1_22' title="bbox 165 2190 1166 2284; baseline 0.001 -21"><span class='ocrx_word' id='word_1_161' title='bbox 165 2193 279 2282; x_wconf 71' lang='grc' dir='ltr'><strong><em>μηνολς</em></strong></span> <span class='ocrx_word' id='word_1_162' title='bbox 293 2193 348 2263; x_wconf 83' lang='grc' dir='ltr'><strong><em>διά</em></strong></span> <span class='ocrx_word' id='word_1_163' title='bbox 360 2202 427 2261; x_wconf 82' lang='grc' dir='ltr'><strong><em>τιῦν</em></strong></span> <span class='ocrx_word' id='word_1_164' title='bbox 438 2192 544 2280; x_wconf 79' lang='grc' dir='ltr'><strong><em>ὀρῶν,</em></strong></span> <span class='ocrx_word' id='word_1_165' title='bbox 559 2191 576 2261; x_wconf 91' lang='grc' dir='ltr'>ὁ</span> <span class='ocrx_word' id='word_1_166' title='bbox 589 2193 624 2261; x_wconf 81' lang='grc' dir='ltr'><strong><em>δὲ</em></strong></span> <span class='ocrx_word' id='word_1_167' title='bbox 636 2190 733 2261; x_wconf 86' lang='grc' dir='ltr'><strong><em>αύλεῖ</em></strong></span> <span class='ocrx_word' id='word_1_168' title='bbox 743 2200 788 2284; x_wconf 78' lang='grc' dir='ltr'><strong><em>τῷ</em></strong></span> <span class='ocrx_word' id='word_1_169' title='bbox 799 2197 928 2282; x_wconf 89' lang='grc' dir='ltr'><strong><em>κέρατι,</em></strong></span> <span class='ocrx_word' id='word_1_170' title='bbox 945 2195 963 2264; x_wconf 87' lang='grc' dir='ltr'>ὁ</span> <span class='ocrx_word' id='word_1_171' title='bbox 979 2198 1016 2266; x_wconf 81' lang='grc' dir='ltr'><strong><em>δέ</em></strong></span> <span class='ocrx_word' id='word_1_172' title='bbox 1031 2200 1166 2284; x_wconf 74' lang='grc' dir='ltr'><strong><em>ἐπιβομ·</em></strong></span> 
     </span>
     <span class='ocr_line' id='line_1_23' title="bbox 165 2289 1169 2385; baseline 0 -23"><span class='ocrx_word' id='word_1_173' title='bbox 165 2302 220 2382; x_wconf 81' lang='grc' dir='ltr'><strong><em>βεῑ</em></strong></span> <span class='ocrx_word' id='word_1_174' title='bbox 230 2301 276 2384; x_wconf 77' lang='grc' dir='ltr'><strong><em>τῷ</em></strong></span> <span class='ocrx_word' id='word_1_175' title='bbox 290 2292 452 2385; x_wconf 71' lang='grc' dir='ltr'><strong><em>τυμπάνῳ</em></strong></span> <span class='ocrx_word' id='word_1_176' title='bbox 465 2289 487 2381; x_wconf 77' lang='grc' dir='ltr'><strong><em>ἦ</em></strong></span> <span class='ocrx_word' id='word_1_177' title='bbox 501 2297 676 2361; x_wconf 80' lang='grc' dir='ltr'><strong><em>ἐπικτυπεῖ</em></strong></span> <span class='ocrx_word' id='word_1_178' title='bbox 686 2298 732 2380; x_wconf 76' lang='grc' dir='ltr'><strong><em>τῷ</em></strong></span> <span class='ocrx_word' id='word_1_179' title='bbox 748 2292 924 2385; x_wconf 78' lang='grc' dir='ltr'><strong><em>κυμβάλῳ,</em></strong></span> <span class='ocrx_word' id='word_1_180' title='bbox 938 2299 993 2363; x_wconf 80' lang='grc' dir='ltr'><strong><em>καὶ</em></strong></span> <span class='ocrx_word' id='word_1_181' title='bbox 1008 2293 1093 2373; x_wconf 85' lang='grc' dir='ltr'><strong><em>ὅλως</em></strong></span> <span class='ocrx_word' id='word_1_182' title='bbox 1103 2295 1169 2362; x_wconf 89' lang='grc' dir='ltr'><strong><em>θό-</em></strong></span> 
     </span>
    </p>
   </div>
   <div class='ocr_carea' id='block_1_10' title="bbox 166 2388 1264 2479">
    <p class='ocr_par' dir='ltr' id='par_1_11' title="bbox 166 2388 1264 2479">
     <span class='ocr_line' id='line_1_24' title="bbox 166 2388 1264 2479; baseline 0.001 -20"><span class='ocrx_word' id='word_1_183' title='bbox 166 2400 269 2479; x_wconf 88' lang='grc' dir='ltr'><strong><em>ρυβος</em></strong></span> <span class='ocrx_word' id='word_1_184' title='bbox 283 2396 337 2459; x_wconf 82' lang='grc' dir='ltr'><strong><em>καὶ</em></strong></span> <span class='ocrx_word' id='word_1_185' title='bbox 353 2400 454 2478; x_wconf 92' lang='grc' dir='ltr'><strong><em>μανία</em></strong></span> <span class='ocrx_word' id='word_1_186' title='bbox 465 2388 504 2458; x_wconf 83' lang='grc' dir='ltr'><strong><em>τά</em></strong></span> <span class='ocrx_word' id='word_1_187' title='bbox 517 2394 553 2458; x_wconf 85' lang='grc' dir='ltr'><strong><em>έν</em></strong></span> <span class='ocrx_word' id='word_1_188' title='bbox 568 2388 683 2479; x_wconf 76' lang='grc' dir='ltr'><strong><em>τῂἼδη</em></strong></span> <span class='ocrx_word' id='word_1_189' title='bbox 699 2389 830 2458; x_wconf 79' lang='grc' dir='ltr'><strong><em>ἅπαντά</em></strong></span> <span class='ocrx_word' id='word_1_190' title='bbox 845 2395 922 2460; x_wconf 79' lang='grc' dir='ltr'><strong><em>ἐστι.</em></strong></span> <span class='ocrx_word' id='word_1_191' title='bbox 945 2396 1036 2462; x_wconf 85' lang='grc' dir='ltr'><strong><em>δέδια</em></strong></span> <span class='ocrx_word' id='word_1_192' title='bbox 1052 2400 1164 2461; x_wconf 77' lang='grc' dir='ltr'><strong><em>τοίνυν</em></strong></span> <span class='ocrx_word' id='word_1_193' title='bbox 1260 2467 1264 2476; x_wconf 53' lang='grc'><strong><em>,</em></strong></span> 
     </span>
    </p>
   </div>
   <div class='ocr_carea' id='block_1_11' title="bbox 162 2488 1270 3273">
    <p class='ocr_par' dir='ltr' id='par_1_12' title="bbox 164 2488 1203 2969">
     <span class='ocr_line' id='line_1_25' title="bbox 164 2488 1168 2578; baseline 0.001 -20"><span class='ocrx_word' id='word_1_194' title='bbox 164 2490 310 2578; x_wconf 80' lang='grc' dir='ltr'><strong><em>ἅπαντα,</em></strong></span> <span class='ocrx_word' id='word_1_195' title='bbox 331 2495 423 2558; x_wconf 90' lang='grc' dir='ltr'><strong><em>δέδια</em></strong></span> <span class='ocrx_word' id='word_1_196' title='bbox 440 2489 460 2577; x_wconf 82' lang='grc' dir='ltr'><em>ἡ</em></span> <span class='ocrx_word' id='word_1_197' title='bbox 481 2489 517 2558; x_wconf 89' lang='grc' dir='ltr'><strong><em>τό</em></strong></span> <span class='ocrx_word' id='word_1_198' title='bbox 534 2497 687 2558; x_wconf 90' lang='grc' dir='ltr'><strong><em>τοιοῦτον</em></strong></span> <span class='ocrx_word' id='word_1_199' title='bbox 702 2489 740 2558; x_wconf 74' lang='grc' dir='ltr'><strong><em>σέ</em></strong></span> <span class='ocrx_word' id='word_1_200' title='bbox 754 2488 860 2559; x_wconf 88' lang='grc' dir='ltr'><strong><em>κακόν</em></strong></span> <span class='ocrx_word' id='word_1_201' title='bbox 880 2488 945 2575; x_wconf 72' lang='grc' dir='ltr'><strong><em>ἐγώ</em></strong></span> <span class='ocrx_word' id='word_1_202' title='bbox 959 2498 1101 2559; x_wconf 87' lang='grc' dir='ltr'><strong><em>τεκοῦσα</em></strong></span> <span class='ocrx_word' id='word_1_203' title='bbox 1122 2490 1168 2578; x_wconf 76' lang='grc' dir='ltr'><strong><em>μη</em></strong></span> 
     </span>
     <span class='ocr_line' id='line_1_26' title="bbox 165 2582 1170 2677; baseline 0.001 -21"><span class='ocrx_word' id='word_1_204' title='bbox 165 2589 372 2674; x_wconf 76' lang='grc' dir='ltr'><strong><em>ἀπομανεῖσά</em></strong></span> <span class='ocrx_word' id='word_1_205' title='bbox 389 2614 468 2657; x_wconf 82' lang='grc' dir='ltr'><strong><em>ποτε</em></strong></span> <span class='ocrx_word' id='word_1_206' title='bbox 487 2588 507 2675; x_wconf 82' lang='grc' dir='ltr'><em>ἡ</em></span> <span class='ocrx_word' id='word_1_207' title='bbox 524 2588 593 2657; x_wconf 88' lang='grc' dir='ltr'><strong><em>Ῥέα</em></strong></span> <span class='ocrx_word' id='word_1_208' title='bbox 610 2585 631 2675; x_wconf 77' lang='grc' dir='ltr'><em>ἢ</em></span> <span class='ocrx_word' id='word_1_209' title='bbox 649 2589 848 2674; x_wconf 79' lang='grc' dir='ltr'><strong><em>καὶμᾶλλον</em></strong></span> <span class='ocrx_word' id='word_1_210' title='bbox 862 2592 910 2656; x_wconf 82' lang='grc' dir='ltr'><strong><em>ἔτι</em></strong></span> <span class='ocrx_word' id='word_1_211' title='bbox 928 2591 965 2655; x_wconf 90' lang='grc' dir='ltr'><strong><em>ἐν</em></strong></span> <span class='ocrx_word' id='word_1_212' title='bbox 982 2584 1066 2677; x_wconf 76' lang='grc' dir='ltr'><strong><em>αὑτῇ</em></strong></span> <span class='ocrx_word' id='word_1_213' title='bbox 1083 2582 1170 2657; x_wconf 83' lang='grc' dir='ltr'><strong><em>οὖσα</em></strong></span> 
     </span>
     <span class='ocr_line' id='line_1_27' title="bbox 165 2684 1170 2775; baseline 0 -19"><span class='ocrx_word' id='word_1_214' title='bbox 165 2685 306 2773; x_wconf 87' lang='grc' dir='ltr'><strong><em>κελεύση</em></strong></span> <span class='ocrx_word' id='word_1_215' title='bbox 332 2684 410 2765; x_wconf 85' lang='grc' dir='ltr'><strong><em>τοῦς</em></strong></span> <span class='ocrx_word' id='word_1_216' title='bbox 427 2686 647 2775; x_wconf 83' lang='grc' dir='ltr'><strong><em>Κορύβαντας</em></strong></span> <span class='ocrx_word' id='word_1_217' title='bbox 669 2686 896 2773; x_wconf 88' lang='grc' dir='ltr'><strong><em>συλλαβόντας</em></strong></span> <span class='ocrx_word' id='word_1_218' title='bbox 921 2707 958 2754; x_wconf 91' lang='grc' dir='ltr'><strong><em>σε</em></strong></span> <span class='ocrx_word' id='word_1_219' title='bbox 983 2690 1170 2756; x_wconf 86' lang='grc' dir='ltr'><strong><em>διασπάσα-</em></strong></span> 
     </span>
     <span class='ocr_line' id='line_1_28' title="bbox 166 2780 1203 2873; baseline 0.002 -22"><span class='ocrx_word' id='word_1_220' title='bbox 166 2795 247 2852; x_wconf 90' lang='grc' dir='ltr'><strong><em>σθαι</em></strong></span> <span class='ocrx_word' id='word_1_221' title='bbox 263 2780 284 2870; x_wconf 78' lang='grc' dir='ltr'><em>ἢ</em></span> <span class='ocrx_word' id='word_1_222' title='bbox 303 2798 370 2863; x_wconf 83' lang='grc' dir='ltr'><strong><em>τοῖς</em></strong></span> <span class='ocrx_word' id='word_1_223' title='bbox 387 2788 499 2853; x_wconf 92' lang='grc' dir='ltr'><strong><em>λέουσι</em></strong></span> <span class='ocrx_word' id='word_1_224' title='bbox 515 2794 736 2873; x_wconf 87' lang='grc' dir='ltr'><strong><em>παραβαλεῖν·</em></strong></span> <span class='ocrx_word' id='word_1_225' title='bbox 759 2793 862 2855; x_wconf 87' lang='grc' dir='ltr'><strong><em>ταῦτα</em></strong></span> <span class='ocrx_word' id='word_1_226' title='bbox 880 2790 972 2855; x_wconf 89' lang='grc' dir='ltr'><strong><em>δέδια</em></strong></span> <span class='ocrx_word' id='word_1_227' title='bbox 988 2791 1171 2857; x_wconf 86' lang='grc' dir='ltr'><strong><em>κινδυνεύ-</em></strong></span> <span class='ocrx_word' id='word_1_228' title='bbox 1200 2848 1203 2853; x_wconf 92' lang='grc'>.</span> 
     </span>
     <span class='ocr_line' id='line_1_29' title="bbox 165 2880 436 2969; baseline -0.007 -17"><span class='ocrx_word' id='word_1_229' title='bbox 165 2883 246 2952; x_wconf 88' lang='grc' dir='ltr'><strong><em>οντά</em></strong></span> <span class='ocrx_word' id='word_1_230' title='bbox 262 2903 299 2950; x_wconf 88' lang='grc' dir='ltr'><strong><em>σε</em></strong></span> <span class='ocrx_word' id='word_1_231' title='bbox 315 2880 436 2969; x_wconf 87' lang='grc' dir='ltr'><strong><em>ὁριῦσα.</em></strong></span> 
     </span>
    </p>

    <p class='ocr_par' dir='ltr' id='par_1_13' title="bbox 162 2983 1270 3273">
     <span class='ocr_line' id='line_1_30' title="bbox 246 2983 1270 3082; baseline 0.007 -33"><span class='ocrx_word' id='word_1_232' title='bbox 246 2989 276 3049; x_wconf 78' lang='lat'><strong><em>2.</em></strong></span> <span class='ocrx_word' id='word_1_233' title='bbox 298 2988 430 3050; x_wconf 73' lang='grc' dir='ltr'><strong>ΕΡΩΣ.</strong></span> <span class='ocrx_word' id='word_1_234' title='bbox 453 2983 804 3071; x_wconf 82' lang='grc' dir='ltr'><strong><em>Θάρρει,μητερ,ἐπελ</em></strong></span> <span class='ocrx_word' id='word_1_235' title='bbox 814 2989 869 3053; x_wconf 86' lang='grc' dir='ltr'><strong><em>καλ</em></strong></span> <span class='ocrx_word' id='word_1_236' title='bbox 880 2999 948 3064; x_wconf 86' lang='grc' dir='ltr'><strong><em>τοῖς</em></strong></span> <span class='ocrx_word' id='word_1_237' title='bbox 959 2988 1095 3055; x_wconf 90' lang='grc' dir='ltr'><strong><em>λέουσιν</em></strong></span> <span class='ocrx_word' id='word_1_238' title='bbox 1106 2987 1171 3055; x_wconf 88' lang='grc' dir='ltr'><strong><em>αῦ-</em></strong></span> <span class='ocrx_word' id='word_1_239' title='bbox 1263 3061 1270 3082; x_wconf 53' lang='grc'><strong><em>,</em></strong></span> 
     </span>
     <span class='ocr_line' id='line_1_31' title="bbox 164 3078 1269 3174; baseline 0.005 -25"><span class='ocrx_word' id='word_1_240' title='bbox 164 3096 231 3159; x_wconf 88' lang='grc' dir='ltr'><strong><em>τοῖς</em></strong></span> <span class='ocrx_word' id='word_1_241' title='bbox 252 3078 316 3167; x_wconf 77' lang='grc' dir='ltr'><strong><em>ἤδη</em></strong></span> <span class='ocrx_word' id='word_1_242' title='bbox 339 3082 487 3168; x_wconf 82' lang='grc' dir='ltr'><strong><em>ξυνήθης</em></strong></span> <span class='ocrx_word' id='word_1_243' title='bbox 505 3090 585 3169; x_wconf 85' lang='grc' dir='ltr'><strong><em>εἰμί,</em></strong></span> <span class='ocrx_word' id='word_1_244' title='bbox 608 3087 663 3151; x_wconf 84' lang='grc' dir='ltr'><strong><em>καλ</em></strong></span> <span class='ocrx_word' id='word_1_245' title='bbox 685 3085 843 3165; x_wconf 75' lang='grc' dir='ltr'><strong><em>πολλάκις</em></strong></span> <span class='ocrx_word' id='word_1_246' title='bbox 865 3085 1033 3174; x_wconf 78' lang='grc' dir='ltr'><strong><em>ἐπαναβὰς</em></strong></span> <span class='ocrx_word' id='word_1_247' title='bbox 1056 3088 1108 3155; x_wconf 83' lang='grc' dir='ltr'><strong><em>ε’πλ</em></strong></span> <span class='ocrx_word' id='word_1_248' title='bbox 1128 3084 1170 3155; x_wconf 82' lang='grc' dir='ltr'><strong><em>τά</em></strong></span> <span class='ocrx_word' id='word_1_249' title='bbox 1268 3095 1269 3098; x_wconf 72' lang='grc'>’</span> 
     </span>
     <span class='ocr_line' id='line_1_32' title="bbox 162 3180 1171 3273; baseline 0.003 -23"><span class='ocrx_word' id='word_1_250' title='bbox 162 3187 253 3250; x_wconf 82' lang='grc' dir='ltr'><strong><em>νῦτα</em></strong></span> <span class='ocrx_word' id='word_1_251' title='bbox 267 3183 388 3267; x_wconf 81' lang='grc' dir='ltr'><strong><em>καὶτῆς</em></strong></span> <span class='ocrx_word' id='word_1_252' title='bbox 402 3182 507 3268; x_wconf 90' lang='grc' dir='ltr'><strong><em>κόμης</em></strong></span> <span class='ocrx_word' id='word_1_253' title='bbox 517 3180 731 3269; x_wconf 55' lang='grc' dir='ltr'><strong><em>λαβόμενοςε</em></strong></span> <span class='ocrx_word' id='word_1_254' title='bbox 715 3191 838 3272; x_wconf 81' lang='grc' dir='ltr'><strong><em>ηνιοχῦ</em></strong></span> <span class='ocrx_word' id='word_1_255' title='bbox 848 3181 1023 3273; x_wconf 88' lang='grc' dir='ltr'><strong><em>αῦτούς,ο</em></strong></span> <span class='ocrx_word' id='word_1_256' title='bbox 1005 3191 1040 3254; x_wconf 77' lang='grc' dir='ltr'><strong><em>ολ</em></strong></span> <span class='ocrx_word' id='word_1_257' title='bbox 1048 3186 1084 3253; x_wconf 81' lang='grc' dir='ltr'><strong><em>δέ</em></strong></span> <span class='ocrx_word' id='word_1_258' title='bbox 1094 3192 1171 3253; x_wconf 85' lang='grc' dir='ltr'><strong><em>σαί-</em></strong></span> 
     </span>
    </p>
   </div>
   <div class='ocr_carea' id='block_1_12' title="bbox 163 3280 1269 3405">
    <p class='ocr_par' dir='ltr' id='par_1_14' title="bbox 163 3280 1269 3405">
     <span class='ocr_line' id='line_1_33' title="bbox 163 3280 1269 3405; baseline 0.005 -58"><span class='ocrx_word' id='word_1_259' title='bbox 163 3287 264 3348; x_wconf 89' lang='grc' dir='ltr'><strong><em>νουσί</em></strong></span> <span class='ocrx_word' id='word_1_260' title='bbox 274 3306 315 3367; x_wconf 87' lang='grc' dir='ltr'><strong><em>με</em></strong></span> <span class='ocrx_word' id='word_1_261' title='bbox 327 3280 427 3348; x_wconf 86' lang='grc' dir='ltr'><strong><em>καλ</em></strong></span> <span class='ocrx_word' id='word_1_262' title='bbox 390 3308 453 3367; x_wconf 91' lang='grc' dir='ltr'><strong><em>την</em></strong></span> <span class='ocrx_word' id='word_1_263' title='bbox 462 3296 555 3369; x_wconf 84' lang='grc' dir='ltr'><strong><em>χεῖρα</em></strong></span> <span class='ocrx_word' id='word_1_264' title='bbox 569 3282 776 3370; x_wconf 87' lang='grc' dir='ltr'><strong><em>δεχόμενοι’</em></strong></span> <span class='ocrx_word' id='word_1_265' title='bbox 760 3310 792 3362; x_wconf 88' lang='grc' dir='ltr'><strong><em>ες</em></strong></span> <span class='ocrx_word' id='word_1_266' title='bbox 805 3282 841 3351; x_wconf 87' lang='grc' dir='ltr'><strong><em>τό</em></strong></span> <span class='ocrx_word' id='word_1_267' title='bbox 855 3284 960 3371; x_wconf 89' lang='grc' dir='ltr'><strong><em>στόμα</em></strong></span> <span class='ocrx_word' id='word_1_268' title='bbox 975 3294 1167 3405; x_wconf 77' lang='grc' dir='ltr'><strong><em>περιλιχμη-</em></strong></span> <span class='ocrx_word' id='word_1_269' title='bbox 1268 3343 1269 3352; x_wconf 73' lang='grc'><strong><em>,</em></strong></span> 
     </span>
    </p>
   </div>
   <div class='ocr_carea' id='block_1_13' title="bbox 164 3378 1168 3470">
    <p class='ocr_par' dir='ltr' id='par_1_15' title="bbox 164 3371 1269 3470">
     <span class='ocr_line' id='line_1_34' title="bbox 164 3378 1168 3470; baseline 0.001 -23"><span class='ocrx_word' id='word_1_270' title='bbox 164 3379 302 3466; x_wconf 84' lang='grc' dir='ltr'><strong><em>σάμενοι</em></strong></span> <span class='ocrx_word' id='word_1_271' title='bbox 323 3378 525 3451; x_wconf 74' lang='grc' dir='ltr'><strong><em>ἀποδιδόασί</em></strong></span> <span class='ocrx_word' id='word_1_272' title='bbox 537 3408 602 3470; x_wconf 94' lang='grc' dir='ltr'><strong><em>μοι.</em></strong></span> <span class='ocrx_word' id='word_1_273' title='bbox 631 3381 714 3468; x_wconf 90' lang='grc' dir='ltr'><strong><em>αῦτη</em></strong></span> <span class='ocrx_word' id='word_1_274' title='bbox 730 3410 792 3468; x_wconf 89' lang='grc' dir='ltr'><strong><em>μεν</em></strong></span> <span class='ocrx_word' id='word_1_275' title='bbox 811 3381 877 3469; x_wconf 84' lang='grc' dir='ltr'><strong><em>γάρ</em></strong></span> <span class='ocrx_word' id='word_1_276' title='bbox 899 3411 920 3470; x_wconf 90' lang='grc' dir='ltr'><strong><em>η</em></strong></span> <span class='ocrx_word' id='word_1_277' title='bbox 938 3381 1007 3451; x_wconf 86' lang='grc' dir='ltr'><strong><em>Ῥέα</em></strong></span> <span class='ocrx_word' id='word_1_278' title='bbox 1024 3381 1104 3451; x_wconf 87' lang='grc' dir='ltr'><strong><em>πότε</em></strong></span> <span class='ocrx_word' id='word_1_279' title='bbox 1123 3408 1168 3450; x_wconf 89' lang='grc' dir='ltr'><strong><em>αν</em></strong></span> 
     </span>
    </p>
   </div>
   <div class='ocr_carea' id='block_1_14' title="bbox 0 0 1280 3825">
    <p class='ocr_par' dir='ltr' id='par_1_16' title="bbox 0 0 1280 3825">
     <span class='ocr_line' id='line_1_35' title="bbox 0 0 1280 3825; baseline 0 0"><span class='ocrx_word' id='word_1_280' title='bbox 0 0 1280 3825; x_wconf 95' lang='lat' dir='ltr'><strong><em> </em></strong></span> 
     </span>
    </p>
   </div>
  </div>
 </body>
</html>
