<?xml version="1.0" encoding="UTF-8"?>
<!DOCTYPE html PUBLIC "-//W3C//DTD XHTML 1.0 Transitional//EN"
    "http://www.w3.org/TR/xhtml1/DTD/xhtml1-transitional.dtd">
<html xmlns="http://www.w3.org/1999/xhtml" xml:lang="en" lang="en">
 <head>
  <title>
</title>
<meta http-equiv="Content-Type" content="text/html;charset=utf-8" />
  <meta name='ocr-system' content='tesseract 3.04.00' />
  <meta name='ocr-capabilities' content='ocr_page ocr_carea ocr_par ocr_line ocrx_word'/>
</head>
<body>
  <div class='ocr_page' id='page_1' title='image "./lucianisamosate03jacogoog/lucianisamosate03jacogoog_0330.png"; bbox 0 0 2550 3825; ppageno 0'>
   <div class='ocr_carea' id='block_1_1' title="bbox 185 169 1127 272">
    <p class='ocr_par' dir='ltr' id='par_1_1' title="bbox 185 169 1127 272">
     <span class='ocr_line' id='line_1_1' title="bbox 185 169 1127 272; baseline 0.003 -6"><span class='ocrx_word' id='word_1_1' title='bbox 185 210 308 270; x_wconf 85' lang='grc' dir='ltr'><em>ΠΕΡΙ</em></span> <span class='ocrx_word' id='word_1_2' title='bbox 329 213 429 272; x_wconf 77' lang='grc' dir='ltr'><strong><em>ΤΩΝ</em></strong></span> <span class='ocrx_word' id='word_1_3' title='bbox 447 213 539 272; x_wconf 83' lang='lat' dir='ltr'><em>EIII</em></span> <span class='ocrx_word' id='word_1_4' title='bbox 557 211 725 270; x_wconf 78' lang='grc' dir='ltr'><strong><em>,ΜΙΣΘΩ</em></strong></span> <span class='ocrx_word' id='word_1_5' title='bbox 744 169 1029 271; x_wconf 69' lang='grc' dir='ltr'><strong><em>ΣΥΝέλΝΤΩΝ.</em></strong></span> <span class='ocrx_word' id='word_1_6' title='bbox 1064 207 1127 269; x_wconf 77' lang='lat'><strong><em>299</em></strong></span> 
     </span>
    </p>
   </div>
   <div class='ocr_carea' id='block_1_2' title="bbox 64 367 1197 3493">
    <p class='ocr_par' dir='ltr' id='par_1_2' title="bbox 64 367 1197 3493">
     <span class='ocr_line' id='line_1_2' title="bbox 125 367 1126 457; baseline 0.001 -22"><span class='ocrx_word' id='word_1_7' title='bbox 125 380 206 436; x_wconf 87' lang='grc' dir='ltr'><strong><em>σθαι</em></strong></span> <span class='ocrx_word' id='word_1_8' title='bbox 232 377 299 437; x_wconf 91' lang='grc' dir='ltr'><strong><em>τῶν</em></strong></span> <span class='ocrx_word' id='word_1_9' title='bbox 327 378 435 449; x_wconf 88' lang='grc' dir='ltr'><strong><em>καλῶς</em></strong></span> <span class='ocrx_word' id='word_1_10' title='bbox 463 373 518 438; x_wconf 85' lang='grc' dir='ltr'><strong><em>καλ</em></strong></span> <span class='ocrx_word' id='word_1_11' title='bbox 544 367 657 456; x_wconf 93' lang='grc' dir='ltr'><strong><em>ὀρθῶς</em></strong></span> <span class='ocrx_word' id='word_1_12' title='bbox 689 369 834 456; x_wconf 89' lang='grc' dir='ltr'><strong><em>ἐχόντων</em></strong></span> <span class='ocrx_word' id='word_1_13' title='bbox 858 371 1126 457; x_wconf 73' lang='grc' dir='ltr'><strong><em>ἐπιλελησμένον,</em></strong></span> 
     </span>
     <span class='ocr_line' id='line_1_3' title="bbox 64 465 1127 554; baseline 0.001 -20"><span class='ocrx_word' id='word_1_14' title='bbox 64 487 67 495; x_wconf 86' lang='grc'><strong><em>·</em></strong></span> <span class='ocrx_word' id='word_1_15' title='bbox 125 467 307 554; x_wconf 75' lang='grc' dir='ltr'><em>Ηράκλεις,</em></span> <span class='ocrx_word' id='word_1_16' title='bbox 330 466 374 546; x_wconf 85' lang='grc' dir='ltr'><strong><em>ῶς</em></strong></span> <span class='ocrx_word' id='word_1_17' title='bbox 389 474 631 554; x_wconf 78' lang='grc' dir='ltr'><strong><em>καταγέλαστον</em></strong></span> <span class='ocrx_word' id='word_1_18' title='bbox 653 472 707 536; x_wconf 82' lang='grc' dir='ltr'><strong><em>καὶ</em></strong></span> <span class='ocrx_word' id='word_1_19' title='bbox 721 474 858 552; x_wconf 78' lang='grc' dir='ltr'><em>πληγῶν</em></span> <span class='ocrx_word' id='word_1_20' title='bbox 874 492 977 534; x_wconf 91' lang='grc' dir='ltr'><strong><em>τινων</em></strong></span> <span class='ocrx_word' id='word_1_21' title='bbox 990 465 1127 554; x_wconf 86' lang='grc' dir='ltr'><strong><em>Ὁμηρι-</em></strong></span> 
     </span>
     <span class='ocr_line' id='line_1_4' title="bbox 124 562 1127 652; baseline 0 -22"><span class='ocrx_word' id='word_1_22' title='bbox 124 571 194 631; x_wconf 88' lang='grc' dir='ltr'><strong><em>κῶν</em></strong></span> <span class='ocrx_word' id='word_1_23' title='bbox 216 562 260 644; x_wconf 83' lang='grc' dir='ltr'><strong><em>ῶς</em></strong></span> <span class='ocrx_word' id='word_1_24' title='bbox 280 563 415 650; x_wconf 88' lang='grc' dir='ltr'><strong><em>άληθῶς</em></strong></span> <span class='ocrx_word' id='word_1_25' title='bbox 436 567 605 652; x_wconf 89' lang='grc' dir='ltr'><strong><em>δεόμενον.</em></strong></span> <span class='ocrx_word' id='word_1_26' title='bbox 639 573 669 634; x_wconf 85' lang='grc'><strong><em>9.</em></strong></span> <span class='ocrx_word' id='word_1_27' title='bbox 692 564 731 633; x_wconf 82' lang='grc' dir='ltr'><strong><em>τά</em></strong></span> <span class='ocrx_word' id='word_1_28' title='bbox 750 566 812 651; x_wconf 75' lang='grc' dir='ltr'><strong><em>μὲν</em></strong></span> <span class='ocrx_word' id='word_1_29' title='bbox 831 573 947 633; x_wconf 82' lang='grc' dir='ltr'><strong><em>τοίνυν</em></strong></span> <span class='ocrx_word' id='word_1_30' title='bbox 964 562 1049 650; x_wconf 82' lang='grc' dir='ltr'><strong><em>πρὸς</em></strong></span> <span class='ocrx_word' id='word_1_31' title='bbox 1068 563 1127 642; x_wconf 83' lang='grc' dir='ltr'><strong><em>τάς</em></strong></span> 
     </span>
     <span class='ocr_line' id='line_1_5' title="bbox 124 654 1127 749; baseline 0 -22"><span class='ocrx_word' id='word_1_32' title='bbox 124 667 302 740; x_wconf 81' lang='grc' dir='ltr'><strong><em>ξυνουσίας</em></strong></span> <span class='ocrx_word' id='word_1_33' title='bbox 321 659 445 740; x_wconf 86' lang='grc' dir='ltr'><strong><em>αύτούς</em></strong></span> <span class='ocrx_word' id='word_1_34' title='bbox 463 660 588 748; x_wconf 78' lang='grc' dir='ltr'><strong><em>άνοντα</em></strong></span> <span class='ocrx_word' id='word_1_35' title='bbox 604 665 659 730; x_wconf 80' lang='grc' dir='ltr'><strong><em>καὶ</em></strong></span> <span class='ocrx_word' id='word_1_36' title='bbox 680 660 741 748; x_wconf 75' lang='grc' dir='ltr'><strong><em>ἀφ’</em></strong></span> <span class='ocrx_word' id='word_1_37' title='bbox 765 654 813 730; x_wconf 86' lang='grc' dir='ltr'><strong><em>ῶν</em></strong></span> <span class='ocrx_word' id='word_1_38' title='bbox 829 659 953 741; x_wconf 80' lang='grc' dir='ltr'><strong><em>αύτούς</em></strong></span> <span class='ocrx_word' id='word_1_39' title='bbox 968 664 1127 749; x_wconf 87' lang='grc' dir='ltr'><strong><em>φέροντες</em></strong></span> 
     </span>
     <span class='ocr_line' id='line_1_6' title="bbox 124 756 1127 846; baseline -0.001 -21"><span class='ocrx_word' id='word_1_40' title='bbox 124 761 335 843; x_wconf 79' lang='grc' dir='ltr'><strong><em>ἐπιτρέπουσι</em></strong></span> <span class='ocrx_word' id='word_1_41' title='bbox 354 773 422 837; x_wconf 77' lang='grc' dir='ltr'><strong><em>τοῖς</em></strong></span> <span class='ocrx_word' id='word_1_42' title='bbox 442 765 612 837; x_wconf 80' lang='grc' dir='ltr'><strong><em>πλουσίοις</em></strong></span> <span class='ocrx_word' id='word_1_43' title='bbox 631 766 775 844; x_wconf 90' lang='grc' dir='ltr'><strong><em>χρῆσθαι</em></strong></span> <span class='ocrx_word' id='word_1_44' title='bbox 793 758 877 846; x_wconf 88' lang='grc' dir='ltr'><strong><em>πρός</em></strong></span> <span class='ocrx_word' id='word_1_45' title='bbox 897 759 916 827; x_wconf 85' lang='grc' dir='ltr'>ὅ</span> <span class='ocrx_word' id='word_1_46' title='bbox 937 787 967 827; x_wconf 91' lang='grc' dir='ltr'><strong><em>τι</em></strong></span> <span class='ocrx_word' id='word_1_47' title='bbox 984 756 1028 827; x_wconf 85' lang='grc' dir='ltr'><strong><em>άν</em></strong></span> <span class='ocrx_word' id='word_1_48' title='bbox 1050 759 1127 826; x_wconf 82' lang='grc' dir='ltr'><strong><em>ἐθέ-</em></strong></span> 
     </span>
     <span class='ocr_line' id='line_1_7' title="bbox 124 855 1124 947; baseline 0 -21"><span class='ocrx_word' id='word_1_49' title='bbox 124 866 221 941; x_wconf 88' lang='grc' dir='ltr'><strong><em>λωσι,</em></strong></span> <span class='ocrx_word' id='word_1_50' title='bbox 243 859 347 925; x_wconf 85' lang='grc' dir='ltr'><strong><em>ταῦτά</em></strong></span> <span class='ocrx_word' id='word_1_51' title='bbox 369 861 458 926; x_wconf 85' lang='grc' dir='ltr'><strong><em>ἐστιν</em></strong></span> <span class='ocrx_word' id='word_1_52' title='bbox 479 855 568 945; x_wconf 83' lang='grc' dir='ltr'><strong><em>ῆὸτι</em></strong></span> <span class='ocrx_word' id='word_1_53' title='bbox 587 859 749 944; x_wconf 78' lang='grc' dir='ltr'><strong><em>ἐγγύτατα</em></strong></span> <span class='ocrx_word' id='word_1_54' title='bbox 765 859 910 943; x_wconf 91' lang='grc' dir='ltr'><strong><em>τούτων,</em></strong></span> <span class='ocrx_word' id='word_1_55' title='bbox 934 858 1022 947; x_wconf 90' lang='grc' dir='ltr'><strong><em>πλῆν</em></strong></span> <span class='ocrx_word' id='word_1_56' title='bbox 1038 868 1068 926; x_wconf 87' lang='grc' dir='ltr'><strong><em>ελ·</em></strong></span> <span class='ocrx_word' id='word_1_57' title='bbox 1080 855 1124 944; x_wconf 82' lang='grc' dir='ltr'><strong><em>μή</em></strong></span> 
     </span>
     <span class='ocr_line' id='line_1_8' title="bbox 124 953 1127 1046; baseline 0 -24"><span class='ocrx_word' id='word_1_58' title='bbox 124 953 288 1022; x_wconf 87' lang='grc' dir='ltr'><strong><em>κάκείνων</em></strong></span> <span class='ocrx_word' id='word_1_59' title='bbox 302 982 351 1034; x_wconf 92' lang='grc' dir='ltr'><strong><em>τις</em></strong></span> <span class='ocrx_word' id='word_1_60' title='bbox 365 962 555 1043; x_wconf 89' lang='grc' dir='ltr'><strong><em>μεμνῆσθαι</em></strong></span> <span class='ocrx_word' id='word_1_61' title='bbox 570 955 720 1036; x_wconf 83' lang='grc' dir='ltr'><strong><em>άξιῶσειε</em></strong></span> <span class='ocrx_word' id='word_1_62' title='bbox 733 963 802 1023; x_wconf 90' lang='grc' dir='ltr'><strong><em>τῶν</em></strong></span> <span class='ocrx_word' id='word_1_63' title='bbox 815 960 870 1024; x_wconf 84' lang='grc' dir='ltr'><strong><em>καὶ</em></strong></span> <span class='ocrx_word' id='word_1_64' title='bbox 886 959 973 1046; x_wconf 87' lang='grc' dir='ltr'><strong><em>μάνη</em></strong></span> <span class='ocrx_word' id='word_1_65' title='bbox 988 965 1029 1045; x_wconf 86' lang='grc' dir='ltr'><strong><em>τῆ</em></strong></span> <span class='ocrx_word' id='word_1_66' title='bbox 1047 957 1127 1044; x_wconf 84' lang='grc' dir='ltr'><strong><em>δόξη</em></strong></span> 
     </span>
     <span class='ocr_line' id='line_1_9' title="bbox 124 1051 1127 1139; baseline -0.002 -18"><span class='ocrx_word' id='word_1_67' title='bbox 124 1057 354 1139; x_wconf 80' lang='grc' dir='ltr'><strong><em>ἐπαιρομένων</em></strong></span> <span class='ocrx_word' id='word_1_68' title='bbox 374 1061 435 1121; x_wconf 83' lang='grc' dir='ltr'><strong><em>τοῦ</em></strong></span> <span class='ocrx_word' id='word_1_69' title='bbox 450 1060 597 1134; x_wconf 77' lang='grc' dir='ltr'><strong><em>ξυνεῖναι</em></strong></span> <span class='ocrx_word' id='word_1_70' title='bbox 619 1051 831 1138; x_wconf 79' lang='grc' dir='ltr'><strong><em>εὐπατρίδαις</em></strong></span> <span class='ocrx_word' id='word_1_71' title='bbox 851 1079 886 1121; x_wconf 90' lang='grc' dir='ltr'><strong><em>τε</em></strong></span> <span class='ocrx_word' id='word_1_72' title='bbox 907 1057 962 1122; x_wconf 83' lang='grc' dir='ltr'><strong><em>καλ</em></strong></span> <span class='ocrx_word' id='word_1_73' title='bbox 977 1052 1127 1139; x_wconf 82' lang='grc' dir='ltr'><strong><em>εὐπαρύ-</em></strong></span> 
     </span>
     <span class='ocr_line' id='line_1_10' title="bbox 124 1148 1126 1237; baseline 0 -20"><span class='ocrx_word' id='word_1_74' title='bbox 124 1177 201 1236; x_wconf 85' lang='grc' dir='ltr'><strong><em>φοις</em></strong></span> <span class='ocrx_word' id='word_1_75' title='bbox 221 1148 402 1236; x_wconf 86' lang='grc' dir='ltr'><strong><em>άνδράσιν·</em></strong></span> <span class='ocrx_word' id='word_1_76' title='bbox 426 1153 487 1218; x_wconf 84' lang='grc' dir='ltr'><strong><em>είσὶ</em></strong></span> <span class='ocrx_word' id='word_1_77' title='bbox 507 1149 571 1236; x_wconf 78' lang='grc' dir='ltr'><strong><em>γάρ</em></strong></span> <span class='ocrx_word' id='word_1_78' title='bbox 594 1157 628 1218; x_wconf 80' lang='grc' dir='ltr'><strong><em>οἳ</em></strong></span> <span class='ocrx_word' id='word_1_79' title='bbox 647 1152 701 1217; x_wconf 85' lang='grc' dir='ltr'><strong><em>καὶ</em></strong></span> <span class='ocrx_word' id='word_1_80' title='bbox 717 1159 815 1217; x_wconf 81' lang='grc' dir='ltr'><strong><em>τοῦτο</em></strong></span> <span class='ocrx_word' id='word_1_81' title='bbox 831 1156 1051 1237; x_wconf 79' lang='grc' dir='ltr'><strong><em>περίβλεπτον</em></strong></span> <span class='ocrx_word' id='word_1_82' title='bbox 1072 1151 1126 1217; x_wconf 78' lang='grc' dir='ltr'><strong><em>καὶ</em></strong></span> 
     </span>
     <span class='ocr_line' id='line_1_11' title="bbox 124 1245 1128 1334; baseline -0.002 -20"><span class='ocrx_word' id='word_1_83' title='bbox 124 1246 209 1331; x_wconf 76' lang='grc' dir='ltr'><strong><em>ὑπὲρ</em></strong></span> <span class='ocrx_word' id='word_1_84' title='bbox 226 1246 304 1326; x_wconf 87' lang='grc' dir='ltr'><strong><em>τούς</em></strong></span> <span class='ocrx_word' id='word_1_85' title='bbox 320 1246 464 1326; x_wconf 87' lang='grc' dir='ltr'><strong><em>πολλούς</em></strong></span> <span class='ocrx_word' id='word_1_86' title='bbox 481 1254 690 1334; x_wconf 78' lang='grc' dir='ltr'><strong><em>νομίζουσιν,</em></strong></span> <span class='ocrx_word' id='word_1_87' title='bbox 716 1245 760 1325; x_wconf 87' lang='grc' dir='ltr'><strong><em>ῶς</em></strong></span> <span class='ocrx_word' id='word_1_88' title='bbox 775 1253 878 1333; x_wconf 81' lang='grc' dir='ltr'><strong><em>ἐχωγε</em></strong></span> <span class='ocrx_word' id='word_1_89' title='bbox 898 1245 1025 1332; x_wconf 88' lang='grc' dir='ltr'><strong><em>τούμόν</em></strong></span> <span class='ocrx_word' id='word_1_90' title='bbox 1041 1251 1128 1314; x_wconf 89' lang='grc' dir='ltr'><strong><em>ίδιον</em></strong></span> 
     </span>
     <span class='ocr_line' id='line_1_12' title="bbox 124 1340 1197 1435; baseline -0.001 -24"><span class='ocrx_word' id='word_1_91' title='bbox 124 1343 203 1412; x_wconf 78' lang='grc' dir='ltr'><strong><em>οὐδὲ</em></strong></span> <span class='ocrx_word' id='word_1_92' title='bbox 218 1353 348 1433; x_wconf 79' lang='grc' dir='ltr'><strong><em>βασιλεῖ</em></strong></span> <span class='ocrx_word' id='word_1_93' title='bbox 359 1351 405 1435; x_wconf 76' lang='grc' dir='ltr'><strong><em>τῶ</em></strong></span> <span class='ocrx_word' id='word_1_94' title='bbox 415 1346 547 1434; x_wconf 77' lang='grc' dir='ltr'><strong><em>μεγάλω</em></strong></span> <span class='ocrx_word' id='word_1_95' title='bbox 563 1343 644 1412; x_wconf 82' lang='grc' dir='ltr'><strong><em>αὐτὸ</em></strong></span> <span class='ocrx_word' id='word_1_96' title='bbox 659 1345 766 1431; x_wconf 87' lang='grc' dir='ltr'><strong><em>μόνον</em></strong></span> <span class='ocrx_word' id='word_1_97' title='bbox 781 1359 931 1412; x_wconf 79' lang='grc' dir='ltr'><strong><em>συνεῖναι</em></strong></span> <span class='ocrx_word' id='word_1_98' title='bbox 946 1347 1001 1410; x_wconf 84' lang='grc' dir='ltr'><strong><em>καὶ</em></strong></span> <span class='ocrx_word' id='word_1_99' title='bbox 1011 1340 1127 1410; x_wconf 85' lang='grc' dir='ltr'><strong><em>συνῶν</em></strong></span> <span class='ocrx_word' id='word_1_100' title='bbox 1144 1369 1197 1425; x_wconf 70' lang='lat'><strong><em>5⁶5</em></strong></span> 
     </span>
     <span class='ocr_line' id='line_1_13' title="bbox 124 1439 1128 1529; baseline 0 -21"><span class='ocrx_word' id='word_1_101' title='bbox 124 1439 269 1526; x_wconf 83' lang='grc' dir='ltr'><strong><em>ὁρᾶσθαι</em></strong></span> <span class='ocrx_word' id='word_1_102' title='bbox 283 1442 388 1527; x_wconf 77' lang='grc' dir='ltr'><strong><em>μηδὲν</em></strong></span> <span class='ocrx_word' id='word_1_103' title='bbox 400 1440 543 1529; x_wconf 87' lang='grc' dir='ltr'><strong><em>χρηστόν</em></strong></span> <span class='ocrx_word' id='word_1_104' title='bbox 558 1440 740 1510; x_wconf 81' lang='grc' dir='ltr'><strong><em>ἀπολαύων</em></strong></span> <span class='ocrx_word' id='word_1_105' title='bbox 754 1448 812 1529; x_wconf 92' lang='grc' dir='ltr'><strong><em>τῆς</em></strong></span> <span class='ocrx_word' id='word_1_106' title='bbox 825 1445 1004 1522; x_wconf 83' lang='grc' dir='ltr'><strong><em>ξυνουσίας</em></strong></span> <span class='ocrx_word' id='word_1_107' title='bbox 1020 1446 1128 1520; x_wconf 78' lang='grc' dir='ltr'><strong><em>δεξαί·</em></strong></span> 
     </span>
     <span class='ocr_line' id='line_1_14' title="bbox 124 1536 1127 1626; baseline 0.003 -23"><span class='ocrx_word' id='word_1_108' title='bbox 124 1563 191 1624; x_wconf 90' lang='grc' dir='ltr'><strong><em>μην</em></strong></span> <span class='ocrx_word' id='word_1_109' title='bbox 210 1536 261 1604; x_wconf 87' lang='grc' dir='ltr'><strong><em>άν.</em></strong></span> <span class='ocrx_word' id='word_1_110' title='bbox 296 1544 344 1609; x_wconf 88' lang='grc'><strong><em>10.</em></strong></span> <span class='ocrx_word' id='word_1_111' title='bbox 367 1541 521 1626; x_wconf 80' lang='grc' dir='ltr'><strong><em>τοιαύτης</em></strong></span> <span class='ocrx_word' id='word_1_112' title='bbox 539 1540 575 1607; x_wconf 76' lang='grc' dir='ltr'><strong><em>δέ</em></strong></span> <span class='ocrx_word' id='word_1_113' title='bbox 595 1537 708 1618; x_wconf 74' lang='grc' dir='ltr'><strong><em>αὐτοῖς</em></strong></span> <span class='ocrx_word' id='word_1_114' title='bbox 727 1548 784 1626; x_wconf 92' lang='grc' dir='ltr'><strong><em>τῆς</em></strong></span> <span class='ocrx_word' id='word_1_115' title='bbox 801 1536 993 1619; x_wconf 73' lang='grc' dir='ltr'><strong><em>ὑποθέσεως</em></strong></span> <span class='ocrx_word' id='word_1_116' title='bbox 1014 1537 1127 1624; x_wconf 84' lang='grc' dir='ltr'><strong><em>ούσης,</em></strong></span> 
     </span>
     <span class='ocr_line' id='line_1_15' title="bbox 124 1632 1126 1725; baseline 0.001 -23"><span class='ocrx_word' id='word_1_117' title='bbox 124 1641 205 1721; x_wconf 81' lang='grc' dir='ltr'><strong><em>φέρε</em></strong></span> <span class='ocrx_word' id='word_1_118' title='bbox 219 1633 282 1721; x_wconf 88' lang='grc' dir='ltr'><strong><em>ήδη</em></strong></span> <span class='ocrx_word' id='word_1_119' title='bbox 296 1636 380 1722; x_wconf 84' lang='grc' dir='ltr'><strong><em>πρὸς</em></strong></span> <span class='ocrx_word' id='word_1_120' title='bbox 392 1636 478 1724; x_wconf 82' lang='grc' dir='ltr'><strong><em>ῆμάς</em></strong></span> <span class='ocrx_word' id='word_1_121' title='bbox 492 1635 614 1717; x_wconf 85' lang='grc' dir='ltr'><strong><em>αύτούς</em></strong></span> <span class='ocrx_word' id='word_1_122' title='bbox 629 1639 902 1725; x_wconf 78' lang='grc' dir='ltr'><strong><em>ἐπισκοπήσωμεν</em></strong></span> <span class='ocrx_word' id='word_1_123' title='bbox 918 1632 970 1704; x_wconf 75' lang='grc' dir='ltr'><strong><em>οἶα</em></strong></span> <span class='ocrx_word' id='word_1_124' title='bbox 985 1638 1047 1722; x_wconf 81' lang='grc' dir='ltr'><strong><em>μὲν</em></strong></span> <span class='ocrx_word' id='word_1_125' title='bbox 1061 1635 1126 1722; x_wconf 86' lang='grc' dir='ltr'><strong><em>πρό</em></strong></span> 
     </span>
     <span class='ocr_line' id='line_1_16' title="bbox 124 1730 1127 1822; baseline -0.002 -21"><span class='ocrx_word' id='word_1_126' title='bbox 124 1739 184 1801; x_wconf 81' lang='grc' dir='ltr'><strong><em>τοῦ</em></strong></span> <span class='ocrx_word' id='word_1_127' title='bbox 201 1738 411 1822; x_wconf 77' lang='grc' dir='ltr'><strong><em>εἰσδεχθῆναι</em></strong></span> <span class='ocrx_word' id='word_1_128' title='bbox 424 1739 479 1804; x_wconf 83' lang='grc' dir='ltr'><strong><em>καὶ</em></strong></span> <span class='ocrx_word' id='word_1_129' title='bbox 489 1751 600 1821; x_wconf 82' lang='grc' dir='ltr'><strong><em>τυχεῖν</em></strong></span> <span class='ocrx_word' id='word_1_130' title='bbox 614 1731 858 1821; x_wconf 82' lang='grc' dir='ltr'><strong><em>ὑπομένουσιν,</em></strong></span> <span class='ocrx_word' id='word_1_131' title='bbox 874 1730 927 1801; x_wconf 85' lang='grc' dir='ltr'><strong><em>οἷα</em></strong></span> <span class='ocrx_word' id='word_1_132' title='bbox 937 1736 974 1802; x_wconf 76' lang='grc' dir='ltr'><strong><em>δὲ</em></strong></span> <span class='ocrx_word' id='word_1_133' title='bbox 989 1737 1026 1801; x_wconf 81' lang='grc' dir='ltr'><strong><em>ἐν</em></strong></span> <span class='ocrx_word' id='word_1_134' title='bbox 1037 1732 1127 1822; x_wconf 77' lang='grc' dir='ltr'><strong><em>αὐτῷ</em></strong></span> 
     </span>
     <span class='ocr_line' id='line_1_17' title="bbox 125 1828 1127 1921; baseline 0 -24"><span class='ocrx_word' id='word_1_135' title='bbox 125 1829 186 1918; x_wconf 85' lang='grc' dir='ltr'><strong><em>ήδη</em></strong></span> <span class='ocrx_word' id='word_1_136' title='bbox 208 1829 301 1910; x_wconf 84' lang='grc' dir='ltr'><strong><em>ὅντες</em></strong></span> <span class='ocrx_word' id='word_1_137' title='bbox 316 1833 517 1921; x_wconf 78' lang='grc' dir='ltr'><strong><em>πάσχουσιν,</em></strong></span> <span class='ocrx_word' id='word_1_138' title='bbox 543 1836 596 1902; x_wconf 81' lang='grc' dir='ltr'><strong><em>ἐπὶ</em></strong></span> <span class='ocrx_word' id='word_1_139' title='bbox 612 1839 694 1900; x_wconf 88' lang='grc' dir='ltr'><strong><em>πᾶσι</em></strong></span> <span class='ocrx_word' id='word_1_140' title='bbox 712 1833 748 1899; x_wconf 74' lang='grc' dir='ltr'><strong><em>δὲ</em></strong></span> <span class='ocrx_word' id='word_1_141' title='bbox 767 1830 838 1919; x_wconf 86' lang='grc' dir='ltr'><strong><em>ήτις</em></strong></span> <span class='ocrx_word' id='word_1_142' title='bbox 858 1828 1004 1919; x_wconf 79' lang='grc' dir='ltr'><strong><em>αύτοῑςῆ</em></strong></span> <span class='ocrx_word' id='word_1_143' title='bbox 1025 1856 1127 1898; x_wconf 90' lang='grc' dir='ltr'><strong><em>κατα-</em></strong></span> 
     </span>
     <span class='ocr_line' id='line_1_18' title="bbox 124 1931 1128 2022; baseline 0 -23"><span class='ocrx_word' id='word_1_144' title='bbox 124 1933 251 2020; x_wconf 83' lang='grc' dir='ltr'><strong><em>στροφῆ</em></strong></span> <span class='ocrx_word' id='word_1_145' title='bbox 266 1941 327 2001; x_wconf 86' lang='grc' dir='ltr'><strong><em>τοῦ</em></strong></span> <span class='ocrx_word' id='word_1_146' title='bbox 340 1936 505 2022; x_wconf 81' lang='grc' dir='ltr'><strong><em>δράματος</em></strong></span> <span class='ocrx_word' id='word_1_147' title='bbox 518 1943 684 2022; x_wconf 77' lang='grc' dir='ltr'><strong><em>γίγνεται·</em></strong></span> <span class='ocrx_word' id='word_1_148' title='bbox 712 1931 754 2003; x_wconf 88' lang='grc' dir='ltr'><strong><em>ού</em></strong></span> <span class='ocrx_word' id='word_1_149' title='bbox 769 1931 833 2021; x_wconf 81' lang='grc' dir='ltr'><strong><em>γάρ</em></strong></span> <span class='ocrx_word' id='word_1_150' title='bbox 848 1931 889 2019; x_wconf 89' lang='grc' dir='ltr'><strong><em>δή</em></strong></span> <span class='ocrx_word' id='word_1_151' title='bbox 907 1933 1016 2001; x_wconf 77' lang='grc' dir='ltr'><strong><em>ἐκεῖνά</em></strong></span> <span class='ocrx_word' id='word_1_152' title='bbox 1030 1959 1068 2019; x_wconf 81' lang='grc' dir='ltr'><strong><em>ηε</em></strong></span> <span class='ocrx_word' id='word_1_153' title='bbox 1081 1938 1128 1999; x_wconf 88' lang='grc' dir='ltr'><strong><em>εί-</em></strong></span> 
     </span>
     <span class='ocr_line' id='line_1_19' title="bbox 85 2024 1128 2117; baseline 0 -22"><span class='ocrx_word' id='word_1_154' title='bbox 85 2024 90 2033; x_wconf 79' lang='grc'><strong>’</strong></span> <span class='ocrx_word' id='word_1_155' title='bbox 124 2044 200 2096; x_wconf 82' lang='grc' dir='ltr'><strong><em>πεῖν</em></strong></span> <span class='ocrx_word' id='word_1_156' title='bbox 215 2033 320 2115; x_wconf 89' lang='grc' dir='ltr'><strong><em>ἐστιν,</em></strong></span> <span class='ocrx_word' id='word_1_157' title='bbox 342 2029 386 2109; x_wconf 84' lang='grc' dir='ltr'><strong><em>ῶς</em></strong></span> <span class='ocrx_word' id='word_1_158' title='bbox 406 2040 436 2100; x_wconf 89' lang='grc' dir='ltr'><strong><em>εί</em></strong></span> <span class='ocrx_word' id='word_1_159' title='bbox 454 2036 509 2100; x_wconf 84' lang='grc' dir='ltr'><strong><em>καλ</em></strong></span> <span class='ocrx_word' id='word_1_160' title='bbox 523 2030 653 2117; x_wconf 85' lang='grc' dir='ltr'><strong><em>πονηρά</em></strong></span> <span class='ocrx_word' id='word_1_161' title='bbox 668 2039 788 2117; x_wconf 88' lang='grc' dir='ltr'><strong><em>ταῦτα,</em></strong></span> <span class='ocrx_word' id='word_1_162' title='bbox 812 2029 958 2117; x_wconf 77' lang='grc' dir='ltr'><strong><em>εὔληπτα</em></strong></span> <span class='ocrx_word' id='word_1_163' title='bbox 973 2038 1058 2115; x_wconf 80' lang='grc' dir='ltr'><strong><em>γοῦν</em></strong></span> <span class='ocrx_word' id='word_1_164' title='bbox 1072 2030 1128 2096; x_wconf 79' lang='grc' dir='ltr'><strong><em>καὶ</em></strong></span> 
     </span>
     <span class='ocr_line' id='line_1_20' title="bbox 124 2124 1125 2214; baseline 0 -22"><span class='ocrx_word' id='word_1_165' title='bbox 124 2124 166 2192; x_wconf 88' lang='grc' dir='ltr'><strong><em>ού</em></strong></span> <span class='ocrx_word' id='word_1_166' title='bbox 181 2134 306 2194; x_wconf 87' lang='grc' dir='ltr'><strong><em>πολλοῦ</em></strong></span> <span class='ocrx_word' id='word_1_167' title='bbox 322 2130 431 2214; x_wconf 79' lang='grc' dir='ltr'><strong><em>δεήσει</em></strong></span> <span class='ocrx_word' id='word_1_168' title='bbox 451 2137 510 2197; x_wconf 84' lang='grc' dir='ltr'><strong><em>τοῦ</em></strong></span> <span class='ocrx_word' id='word_1_169' title='bbox 529 2130 655 2213; x_wconf 87' lang='grc' dir='ltr'><strong><em>πόνου,</em></strong></span> <span class='ocrx_word' id='word_1_170' title='bbox 684 2125 767 2195; x_wconf 81' lang='grc' dir='ltr'><strong><em>άλλά</em></strong></span> <span class='ocrx_word' id='word_1_171' title='bbox 782 2134 923 2212; x_wconf 90' lang='grc' dir='ltr'><strong><em>θελῆσαι</em></strong></span> <span class='ocrx_word' id='word_1_172' title='bbox 946 2132 998 2194; x_wconf 81' lang='grc' dir='ltr'><strong><em>δεῖ</em></strong></span> <span class='ocrx_word' id='word_1_173' title='bbox 1008 2128 1125 2212; x_wconf 89' lang='grc' dir='ltr'><strong><em>μόνον,</em></strong></span> 
     </span>
     <span class='ocr_line' id='line_1_21' title="bbox 125 2221 1127 2310; baseline 0 -19"><span class='ocrx_word' id='word_1_174' title='bbox 125 2223 193 2291; x_wconf 82' lang='grc' dir='ltr'><strong><em>εἶτά</em></strong></span> <span class='ocrx_word' id='word_1_175' title='bbox 211 2245 264 2290; x_wconf 92' lang='grc' dir='ltr'><strong><em>σοι</em></strong></span> <span class='ocrx_word' id='word_1_176' title='bbox 283 2228 467 2309; x_wconf 84' lang='grc' dir='ltr'><strong><em>πέπρακται</em></strong></span> <span class='ocrx_word' id='word_1_177' title='bbox 480 2225 517 2294; x_wconf 88' lang='grc' dir='ltr'><strong><em>τδ</em></strong></span> <span class='ocrx_word' id='word_1_178' title='bbox 538 2231 606 2293; x_wconf 85' lang='grc' dir='ltr'><strong><em>πάν</em></strong></span> <span class='ocrx_word' id='word_1_179' title='bbox 628 2222 796 2310; x_wconf 79' lang='grc' dir='ltr'><strong><em>εὐμαρῶς·</em></strong></span> <span class='ocrx_word' id='word_1_180' title='bbox 825 2221 909 2292; x_wconf 84' lang='grc' dir='ltr'><strong><em>άλλά</em></strong></span> <span class='ocrx_word' id='word_1_181' title='bbox 930 2233 1054 2310; x_wconf 87' lang='grc' dir='ltr'><strong><em>πολλῆς</em></strong></span> <span class='ocrx_word' id='word_1_182' title='bbox 1066 2226 1127 2310; x_wconf 75' lang='grc' dir='ltr'><strong><em>μὲν</em></strong></span> 
     </span>
     <span class='ocr_line' id='line_1_22' title="bbox 124 2325 1126 2409; baseline 0 -20"><span class='ocrx_word' id='word_1_183' title='bbox 124 2329 181 2407; x_wconf 90' lang='grc' dir='ltr'><strong><em>τῆς</em></strong></span> <span class='ocrx_word' id='word_1_184' title='bbox 202 2326 397 2409; x_wconf 79' lang='grc' dir='ltr'><strong><em>διαδρομῆς,</em></strong></span> <span class='ocrx_word' id='word_1_185' title='bbox 416 2331 576 2409; x_wconf 86' lang='grc' dir='ltr'><strong><em>συνεχοῦς</em></strong></span> <span class='ocrx_word' id='word_1_186' title='bbox 597 2327 633 2391; x_wconf 78' lang='grc' dir='ltr'><strong><em>δὲ</em></strong></span> <span class='ocrx_word' id='word_1_187' title='bbox 655 2329 711 2408; x_wconf 91' lang='grc' dir='ltr'><strong><em>τῆς</em></strong></span> <span class='ocrx_word' id='word_1_188' title='bbox 733 2330 938 2408; x_wconf 90' lang='grc' dir='ltr'><strong><em>θυραυλίας,</em></strong></span> <span class='ocrx_word' id='word_1_189' title='bbox 964 2325 1072 2390; x_wconf 80' lang='grc' dir='ltr'><strong><em>ἕωθέν</em></strong></span> <span class='ocrx_word' id='word_1_190' title='bbox 1092 2349 1126 2389; x_wconf 90' lang='grc' dir='ltr'><strong><em>τε</em></strong></span> 
     </span>
     <span class='ocr_line' id='line_1_23' title="bbox 125 2418 1128 2508; baseline -0.003 -19"><span class='ocrx_word' id='word_1_191' title='bbox 125 2420 381 2505; x_wconf 84' lang='grc' dir='ltr'><strong><em>ἐξανιστάμενον</em></strong></span> <span class='ocrx_word' id='word_1_192' title='bbox 405 2425 594 2508; x_wconf 79' lang='grc' dir='ltr'><strong><em>περιμένειν</em></strong></span> <span class='ocrx_word' id='word_1_193' title='bbox 612 2418 812 2506; x_wconf 79' lang='grc' dir='ltr'><strong><em>ὠθούμενον</em></strong></span> <span class='ocrx_word' id='word_1_194' title='bbox 832 2422 887 2488; x_wconf 83' lang='grc' dir='ltr'><strong><em>καλ</em></strong></span> <span class='ocrx_word' id='word_1_195' title='bbox 908 2418 1128 2506; x_wconf 87' lang='grc' dir='ltr'><strong><em>άποκλειύμε-</em></strong></span> 
     </span>
     <span class='ocr_line' id='line_1_24' title="bbox 124 2516 1125 2605; baseline 0.001 -20"><span class='ocrx_word' id='word_1_196' title='bbox 124 2546 186 2587; x_wconf 91' lang='grc' dir='ltr'><strong><em>νον</em></strong></span> <span class='ocrx_word' id='word_1_197' title='bbox 200 2522 255 2586; x_wconf 87' lang='grc' dir='ltr'><strong><em>καὶ</em></strong></span> <span class='ocrx_word' id='word_1_198' title='bbox 274 2517 494 2605; x_wconf 88' lang='grc' dir='ltr'><strong><em>άναίσχυντον</em></strong></span> <span class='ocrx_word' id='word_1_199' title='bbox 511 2522 614 2587; x_wconf 86' lang='grc' dir='ltr'><strong><em>ἐνίοτε</em></strong></span> <span class='ocrx_word' id='word_1_200' title='bbox 635 2522 691 2587; x_wconf 82' lang='grc' dir='ltr'><strong><em>καὶ</em></strong></span> <span class='ocrx_word' id='word_1_201' title='bbox 711 2516 854 2604; x_wconf 80' lang='grc' dir='ltr'><strong><em>ὀχληρὸν</em></strong></span> <span class='ocrx_word' id='word_1_202' title='bbox 875 2523 1040 2587; x_wconf 85' lang='grc' dir='ltr'><strong><em>δοκοῦντα</em></strong></span> <span class='ocrx_word' id='word_1_203' title='bbox 1060 2516 1125 2587; x_wconf 87' lang='grc' dir='ltr'><strong><em>ύπό</em></strong></span> 
     </span>
     <span class='ocr_line' id='line_1_25' title="bbox 125 2616 1127 2708; baseline 0.001 -24"><span class='ocrx_word' id='word_1_204' title='bbox 125 2625 272 2708; x_wconf 75' lang='grc' dir='ltr'><strong><em>θυρωρῷ</em></strong></span> <span class='ocrx_word' id='word_1_205' title='bbox 284 2626 392 2697; x_wconf 89' lang='grc' dir='ltr'><strong><em>κακῶς</em></strong></span> <span class='ocrx_word' id='word_1_206' title='bbox 404 2626 569 2705; x_wconf 76' lang='grc' dir='ltr'><strong><em>συρίζοντι</em></strong></span> <span class='ocrx_word' id='word_1_207' title='bbox 580 2621 635 2687; x_wconf 79' lang='grc' dir='ltr'><strong><em>καὶ</em></strong></span> <span class='ocrx_word' id='word_1_208' title='bbox 647 2616 890 2704; x_wconf 82' lang='grc' dir='ltr'><strong><em>ὀνομακλήτορι</em></strong></span> <span class='ocrx_word' id='word_1_209' title='bbox 900 2624 1039 2707; x_wconf 74' lang='grc' dir='ltr'><strong><em>Λιβυκῷ</em></strong></span> <span class='ocrx_word' id='word_1_210' title='bbox 1050 2644 1127 2685; x_wconf 91' lang='grc' dir='ltr'><strong><em>τατ-</em></strong></span> 
     </span>
     <span class='ocr_line' id='line_1_26' title="bbox 125 2716 1111 2804; baseline 0 -21"><span class='ocrx_word' id='word_1_211' title='bbox 125 2718 267 2803; x_wconf 86' lang='grc' dir='ltr'><strong><em>τόμενον</em></strong></span> <span class='ocrx_word' id='word_1_212' title='bbox 281 2720 336 2785; x_wconf 85' lang='grc' dir='ltr'><strong><em>καλ</em></strong></span> <span class='ocrx_word' id='word_1_213' title='bbox 349 2717 474 2803; x_wconf 84' lang='grc' dir='ltr'><strong><em>μισθὸν</em></strong></span> <span class='ocrx_word' id='word_1_214' title='bbox 487 2725 647 2787; x_wconf 84' lang='grc' dir='ltr'><strong><em>τελοῦντα</em></strong></span> <span class='ocrx_word' id='word_1_215' title='bbox 661 2725 718 2804; x_wconf 89' lang='grc' dir='ltr'><strong><em>τῆς</em></strong></span> <span class='ocrx_word' id='word_1_216' title='bbox 729 2717 859 2804; x_wconf 88' lang='grc' dir='ltr'><strong><em>μνήμης</em></strong></span> <span class='ocrx_word' id='word_1_217' title='bbox 873 2724 934 2784; x_wconf 85' lang='grc' dir='ltr'><strong><em>τού</em></strong></span> <span class='ocrx_word' id='word_1_218' title='bbox 949 2716 1111 2802; x_wconf 88' lang='grc' dir='ltr'><strong><em>ὀνόματος</em></strong></span> 
     </span>
     <span class='ocr_line' id='line_1_27' title="bbox 124 2813 1127 2904; baseline -0.002 -21"><span class='ocrx_word' id='word_1_219' title='bbox 124 2819 179 2884; x_wconf 78' lang='grc' dir='ltr'><strong><em>καὶ</em></strong></span> <span class='ocrx_word' id='word_1_220' title='bbox 193 2814 261 2902; x_wconf 88' lang='grc' dir='ltr'><strong><em>μήν</em></strong></span> <span class='ocrx_word' id='word_1_221' title='bbox 274 2819 329 2885; x_wconf 79' lang='grc' dir='ltr'><strong><em>καὶ</em></strong></span> <span class='ocrx_word' id='word_1_222' title='bbox 343 2820 482 2904; x_wconf 85' lang='grc' dir='ltr'><strong><em>ἐσθῆτος</em></strong></span> <span class='ocrx_word' id='word_1_223' title='bbox 494 2818 578 2904; x_wconf 77' lang='grc' dir='ltr'><strong><em>ὑπὲρ</em></strong></span> <span class='ocrx_word' id='word_1_224' title='bbox 589 2815 651 2903; x_wconf 91' lang='grc' dir='ltr'><strong><em>τήν</em></strong></span> <span class='ocrx_word' id='word_1_225' title='bbox 665 2813 883 2901; x_wconf 79' lang='grc' dir='ltr'><strong><em>ὑπάρχουσαν</em></strong></span> <span class='ocrx_word' id='word_1_226' title='bbox 897 2815 1042 2899; x_wconf 88' lang='grc' dir='ltr'><strong><em>δύναμιν</em></strong></span> <span class='ocrx_word' id='word_1_227' title='bbox 1055 2817 1127 2882; x_wconf 83' lang='grc' dir='ltr'><strong><em>ἐπι-</em></strong></span> 
     </span>
     <span class='ocr_line' id='line_1_28' title="bbox 123 2912 1196 3001; baseline -0.001 -20"><span class='ocrx_word' id='word_1_228' title='bbox 123 2922 310 3000; x_wconf 87' lang='grc' dir='ltr'><strong><em>μεληθῆναι</em></strong></span> <span class='ocrx_word' id='word_1_229' title='bbox 324 2913 385 3001; x_wconf 87' lang='grc' dir='ltr'><strong><em>χρῆ</em></strong></span> <span class='ocrx_word' id='word_1_230' title='bbox 403 2915 487 3001; x_wconf 85' lang='grc' dir='ltr'><strong><em>πρὸς</em></strong></span> <span class='ocrx_word' id='word_1_231' title='bbox 504 2915 541 2985; x_wconf 84' lang='grc' dir='ltr'><strong><em>τὸ</em></strong></span> <span class='ocrx_word' id='word_1_232' title='bbox 559 2923 620 2984; x_wconf 80' lang='grc' dir='ltr'><strong><em>τοῦ</em></strong></span> <span class='ocrx_word' id='word_1_233' title='bbox 634 2916 911 3001; x_wconf 81' lang='grc' dir='ltr'><strong><em>θεραπευομένου</em></strong></span> <span class='ocrx_word' id='word_1_234' title='bbox 928 2912 1053 2999; x_wconf 85' lang='grc' dir='ltr'><strong><em>άξίωμα</em></strong></span> <span class='ocrx_word' id='word_1_235' title='bbox 1070 2916 1125 2981; x_wconf 87' lang='grc' dir='ltr'><strong><em>καὶ</em></strong></span> <span class='ocrx_word' id='word_1_236' title='bbox 1143 2938 1196 2993; x_wconf 73' lang='lat'><strong><em>⁶⁶5</em></strong></span> 
     </span>
     <span class='ocr_line' id='line_1_29' title="bbox 123 3009 1127 3101; baseline -0.001 -22"><span class='ocrx_word' id='word_1_237' title='bbox 123 3014 278 3099; x_wconf 86' lang='grc' dir='ltr'><strong><em>χρῶματα</em></strong></span> <span class='ocrx_word' id='word_1_238' title='bbox 293 3018 470 3099; x_wconf 77' lang='grc' dir='ltr'><strong><em>αἱρεῖσθαι,</em></strong></span> <span class='ocrx_word' id='word_1_239' title='bbox 487 3009 535 3092; x_wconf 78' lang='grc' dir='ltr'><strong><em>οἷς</em></strong></span> <span class='ocrx_word' id='word_1_240' title='bbox 549 3010 592 3081; x_wconf 86' lang='grc' dir='ltr'><strong><em>άν</em></strong></span> <span class='ocrx_word' id='word_1_241' title='bbox 607 3016 731 3092; x_wconf 76' lang='grc' dir='ltr'><strong><em>ἐκεῖνος</em></strong></span> <span class='ocrx_word' id='word_1_242' title='bbox 744 3012 872 3099; x_wconf 89' lang='grc' dir='ltr'><strong><em>ήδηται,</em></strong></span> <span class='ocrx_word' id='word_1_243' title='bbox 888 3009 931 3091; x_wconf 83' lang='grc' dir='ltr'><strong><em>ῶς</em></strong></span> <span class='ocrx_word' id='word_1_244' title='bbox 941 3009 986 3098; x_wconf 87' lang='grc' dir='ltr'><strong><em>μῆ</em></strong></span> <span class='ocrx_word' id='word_1_245' title='bbox 997 3010 1127 3101; x_wconf 79' lang='grc' dir='ltr'><strong><em>άπήδης</em></strong></span> 
     </span>
     <span class='ocr_line' id='line_1_30' title="bbox 124 3112 1125 3200; baseline 0.001 -23"><span class='ocrx_word' id='word_1_246' title='bbox 124 3112 206 3196; x_wconf 83' lang='grc' dir='ltr'><strong><em>μηδὲ</em></strong></span> <span class='ocrx_word' id='word_1_247' title='bbox 226 3112 438 3200; x_wconf 77' lang='grc' dir='ltr'><strong><em>προσκρούῃς</em></strong></span> <span class='ocrx_word' id='word_1_248' title='bbox 452 3112 670 3198; x_wconf 80' lang='grc' dir='ltr'><strong><em>βλεπόμενος,</em></strong></span> <span class='ocrx_word' id='word_1_249' title='bbox 691 3116 745 3180; x_wconf 81' lang='grc' dir='ltr'><strong><em>καὶ</em></strong></span> <span class='ocrx_word' id='word_1_250' title='bbox 766 3113 957 3198; x_wconf 84' lang='grc' dir='ltr'><strong><em>φιλοπόνως</em></strong></span> <span class='ocrx_word' id='word_1_251' title='bbox 974 3113 1125 3196; x_wconf 80' lang='grc' dir='ltr'><strong><em>ἕπεσθαι,</em></strong></span> 
     </span>
     <span class='ocr_line' id='line_1_31' title="bbox 125 3206 1126 3297; baseline 0 -22"><span class='ocrx_word' id='word_1_252' title='bbox 125 3216 251 3292; x_wconf 81' lang='grc' dir='ltr'><strong><em>μᾶλλον</em></strong></span> <span class='ocrx_word' id='word_1_253' title='bbox 266 3209 302 3277; x_wconf 77' lang='grc' dir='ltr'><strong><em>δὲ</em></strong></span> <span class='ocrx_word' id='word_1_254' title='bbox 315 3206 470 3295; x_wconf 73' lang='grc' dir='ltr'><strong><em>ἡγεῖσθαι</em></strong></span> <span class='ocrx_word' id='word_1_255' title='bbox 481 3206 546 3276; x_wconf 87' lang='grc' dir='ltr'><strong><em>ύπό</em></strong></span> <span class='ocrx_word' id='word_1_256' title='bbox 560 3216 628 3277; x_wconf 89' lang='grc' dir='ltr'><strong><em>τῶν</em></strong></span> <span class='ocrx_word' id='word_1_257' title='bbox 643 3216 780 3279; x_wconf 88' lang='grc' dir='ltr'><strong><em>οίκετῶν</em></strong></span> <span class='ocrx_word' id='word_1_258' title='bbox 795 3211 1061 3297; x_wconf 87' lang='grc' dir='ltr'><strong><em>προωθούμενον</em></strong></span> <span class='ocrx_word' id='word_1_259' title='bbox 1071 3210 1126 3276; x_wconf 82' lang='grc' dir='ltr'><strong><em>καὶ</em></strong></span> 
     </span>
     <span class='ocr_line' id='line_1_32' title="bbox 125 3304 1125 3396; baseline 0.005 -26"><span class='ocrx_word' id='word_1_260' title='bbox 125 3304 235 3393; x_wconf 84' lang='grc' dir='ltr'><strong><em>ῶσπερ</em></strong></span> <span class='ocrx_word' id='word_1_261' title='bbox 251 3304 327 3374; x_wconf 85' lang='grc' dir='ltr'><strong><em>τινά</em></strong></span> <span class='ocrx_word' id='word_1_262' title='bbox 341 3305 477 3395; x_wconf 89' lang='grc' dir='ltr'><strong><em>πομπήν</em></strong></span> <span class='ocrx_word' id='word_1_263' title='bbox 491 3305 757 3395; x_wconf 85' lang='grc' dir='ltr'><strong><em>άναπληροῦντα.</em></strong></span> <span class='ocrx_word' id='word_1_264' title='bbox 782 3304 799 3374; x_wconf 88' lang='grc' dir='ltr'>ὁ</span> <span class='ocrx_word' id='word_1_265' title='bbox 818 3309 854 3375; x_wconf 74' lang='grc' dir='ltr'><strong><em>δὲ</em></strong></span> <span class='ocrx_word' id='word_1_266' title='bbox 869 3305 946 3374; x_wconf 77' lang='grc' dir='ltr'><strong><em>ούδὲ</em></strong></span> <span class='ocrx_word' id='word_1_267' title='bbox 961 3311 1125 3396; x_wconf 78' lang='grc' dir='ltr'><strong><em>προσβλέ-</em></strong></span> 
     </span>
     <span class='ocr_line' id='line_1_33' title="bbox 123 3402 1124 3493; baseline 0.006 -25"><span class='ocrx_word' id='word_1_268' title='bbox 123 3428 176 3469; x_wconf 88' lang='grc' dir='ltr'><strong><em>πει</em></strong></span> <span class='ocrx_word' id='word_1_269' title='bbox 193 3414 324 3472; x_wconf 89' lang='grc' dir='ltr'><strong><em>πολλῶν</em></strong></span> <span class='ocrx_word' id='word_1_270' title='bbox 338 3409 409 3493; x_wconf 85' lang='grc' dir='ltr'><strong><em>ἐξῆς</em></strong></span> <span class='ocrx_word' id='word_1_271' title='bbox 424 3402 568 3492; x_wconf 87' lang='grc' dir='ltr'><strong><em>ήμερῶν.</em></strong></span> <span class='ocrx_word' id='word_1_272' title='bbox 601 3413 651 3474; x_wconf 92' lang='grc'><strong><em>11.</em></strong></span> <span class='ocrx_word' id='word_1_273' title='bbox 673 3402 716 3491; x_wconf 89' lang='grc' dir='ltr'><strong><em>ῆν</em></strong></span> <span class='ocrx_word' id='word_1_274' title='bbox 732 3408 771 3473; x_wconf 85' lang='grc' dir='ltr'><strong><em>δέ</em></strong></span> <span class='ocrx_word' id='word_1_275' title='bbox 789 3431 867 3473; x_wconf 89' lang='grc' dir='ltr'><strong><em>ποτε</em></strong></span> <span class='ocrx_word' id='word_1_276' title='bbox 883 3407 937 3473; x_wconf 81' lang='grc' dir='ltr'><strong><em>καὶ</em></strong></span> <span class='ocrx_word' id='word_1_277' title='bbox 952 3402 992 3472; x_wconf 81' lang='grc' dir='ltr'><strong><em>τά</em></strong></span> <span class='ocrx_word' id='word_1_278' title='bbox 1007 3407 1124 3491; x_wconf 87' lang='grc' dir='ltr'><strong><em>άριστα</em></strong></span> 
     </span>
    </p>
   </div>
   <div class='ocr_carea' id='block_1_3' title="bbox 0 0 1280 3825">
    <p class='ocr_par' dir='ltr' id='par_1_3' title="bbox 0 0 1280 3825">
     <span class='ocr_line' id='line_1_34' title="bbox 0 0 1280 3825; baseline 0 0"><span class='ocrx_word' id='word_1_279' title='bbox 0 0 1280 3825; x_wconf 95' lang='lat' dir='ltr'><strong><em> </em></strong></span> 
     </span>
    </p>
   </div>
  </div>
 </body>
</html>
