2550 3825
167 209 229 273 266
523 215 819 275 AOYKIANOY

167 377 322 458 μένοντες
335 412 379 424 -
392 372 435 461 μῆ
454 371 541 441 οὕτω
556 381 697 459 μανείην
713 372 777 460 ἐγὼ
793 372 837 452 ὡς
851 375 1051 461 βλάσφημον
1066 378 1171 441 είπεῑν

128 551 132 556 ,
166 499 197 540 τι
211 469 233 559 ῆ
248 474 374 541 σκαιόν.
396 469 418 560 ῆ
432 480 467 541 τί
478 471 542 559 γὰρ
560 469 604 540 ἂν
619 479 724 541 εἰπεῖν
738 479 860 559 ἔχοιμις
882 481 915 541 τί
926 471 990 560 γάρ
1006 471 1087 558 ὑμῖν
1100 498 1173 539 τοι-

167 577 245 637 οῦτο
272 577 444 658 βεβίωται;
476 570 555 650 τούς
579 572 615 639 δὲ
640 571 801 652 ἀλαζόνας
827 576 975 651 ἐκείνους
999 575 1054 640 καὶ
1078 581 1173 648 θεοῖς

167 666 310 753 ἐχθροὺς
323 667 417 748 άξιον
431 667 521 753 οἶμαι
539 683 657 753 μισεῖν.
678 665 701 754 ῆ
715 666 758 735 σε)
772 670 853 755 γάρ,
871 662 898 735 ὦ
912 669 1102 755 Πυθαγόρα
1115 671 1172 736 καὶ
1269 712 1270 723 2

166 764 310 832 Πλάτων
326 769 380 833 καὶ
391 766 566 852 Χρύσιππε
582 769 639 835 καλ
655 765 889 852 Ἀριστότελες,
903 775 938 835 τί
950 793 1034 853 φατε
1043 767 1173 852 προσῆ-

168 889 238 930 κειν
253 860 333 948 ὑμῖν
343 861 422 942 τούς
439 864 613 943 τοιούτους
628 861 650 951 ῆ
668 871 791 932 οίκείον
807 872 841 932 τί
853 868 908 932 καὶ
923 864 1078 951 ξυγγενὲς
1099 866 1172 932 ε’πι-

169 966 366 1028 δείκνυσθαι
381 968 426 1051 τῷ
447 969 525 1052 βίφ;
547 960 589 1048 νῆ
605 970 674 1030 Δία
682 960 862 1049 Ἡρακλῆς,
879 969 978 1048 φασί,
998 964 1054 1029 καὶ
1067 968 1172 1046 πίθη-

167 1082 233 1135 κος.
263 1054 285 1143 ῆ
301 1059 384 1126 διότι
400 1060 564 1145 πώγωνας
584 1067 695 1146 ἔχουσι
712 1063 767 1128 καὶ
788 1070 986 1145 φιλοσοφεῖν
1003 1061 1171 1146 φάσκουσι

168 1159 222 1222 καὶ
236 1164 435 1240 σκυθρωποί
445 1164 525 1243 είσι,
541 1155 595 1224 διὰ
605 1166 704 1225 τοῦτο
716 1157 776 1245 χρῆ
788 1156 868 1244 ὑμῖν
879 1160 1020 1240 εἰκάζειν
1031 1155 1170 1237 αότοός;

168 1249 251 1319 ἀλλὰ
266 1251 391 1339 ἤνεγκα
405 1253 464 1342 όν,
483 1262 513 1323 εί
526 1260 666 1324 πιθανοὶ
679 1264 765 1341 γοῦν
780 1250 865 1342 ἦσαν
879 1259 934 1325 καὶ
948 1259 1001 1324 ἐπὶ
1014 1263 1071 1341 τῆς
1085 1252 1171 1320 ὑπο-

168 1356 306 1434 κρίσεως
320 1349 436 1438 αὐτῆς·
459 1360 524 1421 νῦν
535 1353 571 1421 δὲ
583 1361 709 1422 θᾶττον
720 1351 764 1422 άν
774 1352 845 1441 γῆν
855 1354 982 1441 άηδόνα
996 1353 1171 1440 μιμήσαιτο

167 1444 189 1533 ῆ
205 1440 298 1515 οὗτοι
313 1452 529 1537 φιλοσόφους.
561 1461 677 1538 εἴρηκα
690 1451 774 1539 ὑπὲρ
790 1456 935 1539 ἐμαυτοῦ
950 1450 1057 1520 ὁπόσα
1072 1450 1169 1536 εἶχον.

168 1542 210 1612 σε)
222 1550 261 1613 δέ
266 1597 275 1631 ,
291 1539 502 1636 ω’Ἀλῆθεια,
516 1551 677 1637 μαρτύρει
691 1549 774 1633 πρὸς
787 1549 911 1629 αὐτοὺς
927 1557 958 1618 εἰ
967 1548 1078 1636 άληθῆ
1093 1552 1170 1616 ἐστι.

99 1657 150 1714 607
252 1649 303 1714 38.
327 1653 416 1715 ΦΙΛ.
440 1650 656 1734 Μετάστηθι,
674 1642 702 1716 τό
717 1651 952 1736 Παρρησιάδη,
977 1654 1024 1716 ἔτι
1037 1672 1172 1734 πορρω-

167 1745 261 1828 πόρω.
278 1750 311 1810 τί
319 1753 467 1831 ποιῶμεν
476 1744 583 1834 ῆμεῖςς
599 1755 668 1825 πῶς
678 1745 759 1832 ὑμῖν
769 1753 933 1834 εἰρηκέναι
943 1745 1028 1832 άνῆρ
1041 1751 1170 1825 ἔδοξεν;

252 1847 387 1908 ΑΛΗΘ.
409 1839 489 1928 Ἐγω
510 1846 586 1931 μέν,
609 1838 853 1933 όΦιλοσοφία,
875 1842 997 1933 μεταξυ
1017 1847 1172 1931 λέγοντος

169 1934 275 2003 αὐτοῦ
286 1936 368 2005 κατὰ
379 1946 436 2025 τῆς
449 1949 508 2027 γῆς
524 1948 623 2010 δῦναι
636 1942 797 2030 εὐχόμην·
819 1944 924 2023 οὕτως
939 1943 1050 2030 ἀληθῆ
1061 1945 1171 2011 πάντα

169 2032 270 2103 εἶπεν.
302 2036 480 2121 ἐγνώριζον
495 2048 581 2126 γοῦν
601 2038 774 2109 άκοόονσα
790 2045 930 2111 ἕκαστον
947 2050 1016 2109 τῶν
1029 2041 1169 2108 ποιούν-

168 2159 236 2200 των
253 2132 334 2202 αότό
348 2132 563 2224 κάφῆρμοζον
577 2138 699 2226 μεταξὺ
713 2155 781 2219 τοῖς
794 2143 984 2225 λεγομένοις
998 2138 1170 2223 τοῦτομὲν

168 2234 200 2309 ἐς
215 2232 328 2318 τόνδε,
349 2237 501 2305 τοῦτοδὲ
521 2235 539 2305 ὁ
557 2242 650 2306 δεῖνα
667 2252 770 2305 ποιεί·
798 2240 853 2306 καί
872 2237 957 2316 ὅλως
971 2240 1072 2315 ἔδειξε
1090 2232 1170 2310 τούς

168 2330 292 2418 ἄνδρας
315 2336 462 2419 ἐναργῶς
482 2336 636 2423 καθάπερ
660 2340 716 2405 ε’πί
734 2362 824 2415 τινος
844 2343 975 2423 γραφῆς
996 2332 1037 2401 τά
1062 2333 1169 2400 πάντα

168 2433 330 2516 ἐοικότας,
346 2431 388 2500 οὐ
401 2432 441 2500 τά
457 2435 592 2521 στόματα
606 2436 731 2521 μόνον,
747 2432 831 2503 άλλᾶ
846 2432 972 2513 καὶτὰς
986 2429 1093 2517 ψυχάς
1107 2426 1170 2496 αό-

167 2526 225 2607 τάς
241 2532 274 2608 ἐς
287 2529 324 2598 τό
340 2529 576 2618 ἀκριβέστατον
592 2530 782 2611 άπεικάσας.

250 2634 385 2696 MP.
406 2628 507 2716 Κάγω
525 2633 617 2700 πάνυ
631 2630 837 2717 ῆρνθρίασα,
854 2623 1057 2716 άἉλῆδεια.

253 2733 341 2793 ΦΙΛ.
360 2722 468 2812 Ὑμεῖς
482 2730 518 2796 δὲ
534 2736 568 2797 τί
581 2732 666 2815 φατέ
671 2760 679 2810 ;

250 2831 384 2893 ΑΝΑΒ.
412 2834 455 2895 Τί
465 2830 519 2895 δαί
539 2827 620 2898 άλλο
637 2824 659 2914 ῆ
676 2828 836 2913 άφεῑσθαι
851 2825 956 2896 αὐτὸν
974 2835 1035 2894 τοῦ
1051 2828 1170 2912 ἐγκλή-

167 2947 269 3007 ματος
281 2926 336 2992 καὶ
357 2932 457 3008 φίλον
473 2924 553 3013 ἡμῖν
573 2932 627 2995 καλ
644 2925 820 3013 εὐεργέτην
836 2924 1111 3014 ἄναγεγράφδαις
1131 2926 1168 2992 τό

166 3029 252 3108 γοῦν
266 3029 334 3089 τῶν
352 3020 475 3092 Ἰλιέων
492 3023 634 3111 ἀτεχνῶς
650 3026 886 3113 πεπόνθαμεν,
907 3028 1081 3117 τραγφδόν
1094 3050 1170 3092 τινα

165 3128 286 3189 τοῦτον
296 3118 352 3207 ἐφ’
362 3120 448 3209 ἡμᾶς
458 3123 679 3210 κεκινήκαμεν
687 3124 853 3214 ᾀσόμενον
863 3124 921 3205 τὰς
929 3133 1076 3213 Φρυγῶν
1088 3128 1170 3211 ξυμ-

167 3221 284 3307 φοράς.
313 3219 418 3311 ηἰδέτω
442 3218 472 3288 δ’
490 3214 554 3289 οὖν
571 3220 719 3301 καὶτοὺς
737 3233 829 3301 θεοῖς
845 3221 987 3309 ε’χδρούς
1004 3226 1164 3315 ἐκτραγφ-

167 3322 273 3389 δείτω.

97 3432 150 3489 608
251 3424 371 3487 ΔΙΟΓ.
393 3420 458 3488 Καὶ
472 3415 588 3505 σντός,
607 3413 633 3487 ὦ
649 3427 851 3505 Φιλοσοφία,
865 3419 957 3487 πάνυ
972 3422 1097 3488 ἐπαινοῖ
1110 3416 1170 3487 τόν
