2550 3825
170 151 232 213 216
520 154 825 215 ΛΟΤΚΙΑΝΟΤ

99 329 148 382 511
170 312 207 377 ἐν
222 317 268 401 τῷ
281 315 445 403 σκαφιδίῳ
459 312 539 398 μῆτε
553 311 613 399 τῆν
629 316 821 398 πορφυρίδα
836 312 917 400 μῆτε
931 313 1050 401 τιάραν
1062 306 1084 398 ῆ
1096 314 1169 379 κλί-

169 434 234 494 νην
247 415 375 495 χρυσῆν
388 415 587 495 κομίζοντας.

201 512 203 517 ’
256 511 306 574 15.
324 514 429 576 Em.
450 510 516 576 Καὶ
528 509 568 575 τά
579 498 939 593 μὲντοῦτωνιδδεὲἶει.
963 504 1167 593 τῆνδδπλη-

169 602 241 672 θῦν
256 601 355 692 δρᾷς,
371 597 398 673 ἀ
412 606 554 691 Χάρων,
568 602 647 683 τοῦς
661 607 820 682 πλέοντας
832 600 959 690 αὐτῶν,
974 601 1053 682 τοῦς
1067 611 1169 671 πολε-

169 708 332 788 μοῦντας,
350 699 430 781 τοῦς
451 704 701 790 δικαζομένους,
724 702 801 780 τοῦς
817 709 1062 787 γεωργοῦντας,
1088 696 1170 776 τοῦς

170 804 395 885 δανείζοντας,
410 800 489 880 τοῦς
504 807 780 886 προσαιτοῦντας;

252 906 350 966 ΧΑΡ.
367 897 453 984 Ορῦ
468 906 622 1018 ποικίλην
635 896 710 966 τινά
721 896 781 984 τῆν
793 894 965 984 διατριβὴν
979 898 1035 965 καὶ
1043 850 1167 982 μεστόν

168 1004 311 1082 ταραχῆς
324 993 384 1065 τόν
403 1003 478 1083 βίον
493 994 598 1064 καὶ
562 1023 620 1074 τας
641 995 753 1073 πόλεις
766 1020 804 1080 γε
817 994 928 1063 αῦτῦν
944 995 1086 1070 ἐοικυίας
1099 1005 1169 1069 τοῖς

169 1094 379 1180 σμηνεσιν,ἐ
378 1120 400 1160 υ
413 1088 498 1172 ow
474 1118 561 1172 απας
574 1094 636 1179 μὲν
653 1094 742 1161 ἴδιόν
755 1120 787 1161 τι
805 1095 945 1178 κέντρον
961 1086 1141 1176 ἔχεικαὶ
1108 1113 1170 1156 τον

169 1196 310 1275 πλησίον
324 1205 445 1277 κεντεῖ,
459 1188 565 1277 όλίγοι
579 1194 617 1259 δέ
628 1217 716 1269 τινες
727 1188 837 1276 ὥσπερ
848 1196 972 1275 σφῆκες
983 1186 1101 1273 ἀγουσι
1111 1187 1168 1254 καὶ

169 1292 309 1372 φέρουσι
328 1286 365 1354 τό
385 1286 635 1373 ὑποδεέστερον.
667 1286 685 1356 6
711 1289 747 1356 δέ
766 1288 1022 1374 περιπετόμενος
1044 1281 1169 1363 αὐτοῦς

169 1384 206 1450 ἐκ
221 1382 392 1469 τάφανοῦς
406 1379 503 1465 οὗτος
517 1385 612 1473 ὄχλος
626 1392 714 1464 τίνες
728 1391 830 1465 είσίνς

252 1487 356 1549 ΕΡΜ.
375 1478 536 1569 Ἐλπίδος,
559 1476 741 1568 ω’Χάρων,
766 1485 820 1551 καλ
835 1486 970 1568 δείματα
989 1482 1044 1548 καλ
1057 1476 1169 1547 ἀνοιαι

99 1592 153 1646 512
171 1580 226 1647 καλ
245 1576 363 1663 ῆδοναλ
382 1581 437 1647 καί
456 1587 672 1666 φιλαργυρίαι
693 1582 747 1649 καὶ
765 1578 861 1665 όργαὶ
880 1582 935 1646 καὶ
954 1584 1032 1665 μίση
1055 1572 1168 1644 καὶτὰ

170 1684 314 1743 τοιαῦτα.
346 1675 475 1743 τούτων
496 1675 568 1764 δἐῆ
588 1675 687 1744 ἀνοια
707 1681 768 1762 μὲν
785 1677 874 1743 κάτω
890 1676 1167 1761 ξυναναμέμικται

170 1769 282 1849 αὐτοῖς
297 1774 351 1840 καὶ
367 1775 638 1860 ξυμπολιτεόεταί
651 1800 688 1858 γε
708 1771 749 1859 νῆ
764 1780 832 1842 Δία
847 1775 901 1841 καλ
917 1771 953 1840 τδ
968 1786 1061 1859 μῖσος
1076 1764 1167 1855 καὶῆ

170 1865 252 1956 ὀργῆ
269 1870 324 1937 καὶ
340 1873 514 1955 ζηλοτυπία
528 1874 583 1940 καὶ
597 1869 725 1958 ἀμαθία
736 1873 792 1941 καί
801 1869 922 1959 ἀπορία
937 1874 991 1939 καὶ
1003 1877 1169 1956 φιλαργυ-

169 1973 242 2050 ρία,
258 1963 275 2033 6
292 1966 398 2052 φόβος
411 1969 447 2035 δέ
461 1972 516 2038 καί
529 1975 565 2038 αί
573 1971 701 2048 ἐλπίδες
711 1966 867 2054 ὑπεράνω
881 1969 1055 2054 πετόμενοι
1073 1964 1091 2034 6
1106 1965 1169 2050 μὲν

169 2066 339 2148 ἐμπίπτων
352 2066 535 2154 ἐκπλήττει,
552 2069 657 2135 ἐνίοτε
667 2070 721 2136 καὶ
734 2065 958 2153 ὑποπτήσσειν
972 2077 1075 2149 ποιεῖ,
1090 2067 1125 2130 αλ
1134 2056 1166 2128 δ’

171 2162 298 2239 ἐλπίδες
308 2159 392 2248 ὑπὲρ
403 2172 549 2251 κεφαλῆς
560 2166 794 2252 αἰωρούμεναι,
806 2163 933 2233 ὁπόταν
943 2162 1084 2250 μάλιστα
1095 2170 1167 2246 οίη-

168 2265 225 2327 ταί
232 2285 280 2338 τις
293 2261 513 2381 ἐκιλῆῦεσθαι
526 2261 654 2349 αὐτῶν,
669 2262 895 2350 ἀναπτάμεναι
910 2272 1054 2348 οἴχονται
1070 2286 1168 2379 κεχη-

168 2356 268 2434 νότας
278 2355 400 2437 αάτοδς
413 2356 684 2430 ἀπολιποῦσαι“
643 2388 746 2449 ,οπερ
758 2359 856 2431 καὶ
822 2389 882 2432 τον
896 2362 1067 2428 Τάνταλον
1077 2356 1169 2478 κάτφ

168 2565 224 2633 ψει
233 2557 287 2622 καὶ
296 2553 354 2633 τάς
363 2557 531 2639 Μοίρας”
509 2584 579 2626 ανω
594 2517 846 2639 ἐπικλωθούσας
860 2557 1029 2651 ἐκάστςο
997 2584 1056 2626 τον
1065 2555 1164 2641 ἀτρα

168 2678 264 2737 κτον,
285 2650 345 2738 ἀφ’
364 2646 407 2720 οὗ
423 2653 585 2741 ἠρτῆσθαι
604 2656 847 2778 ξυμχλίβηκεν’
824 2682 972 2736 απαντας
987 2659 1022 2724 ἐκ
1038 2660 1168 2819 λεπτέιῖιν

168 2750 334 2834 νημάτων.
357 2748 438 2872 δρᾷς
452 2755 635 2838 καθάπερ’
616 2757 757 2842 αράχνιά
767 2783 843 2824 τινα
854 2761 996 2842 καταβαί
994 2753 1152 2836 νονταέφ

167 2846 342 2915 ἕκαστον’
323 2848 388 2917 από
405 2858 472 2918 τῶν
486 2850 675 2940 ἀτράκτους

249 2954 347 3016 ΧΑΡ.
365 2944 450 3034 ‘006
461 2951 822 3043 πάνυλεπτόνεκάστφ
834 2950 1168 3040 νῆμαέπιπεπλεγμέ-

166 3069 229 3112 νον
243 3071 282 3131 γε
297 3045 337 3113 τά
352 3049 475 3135 πολλά,
490 3053 663 3137 τοῦτομὲν
677 3054 809 3143 ἐκείνφ,
825 3055 930 3122 ἐκεῖνο
947 3051 983 3119 δὲ
998 3049 1095 3138 ἀλλφ.

250 3153 354 3214 ΕΡΜ.
375 3141 582 3232 Εἰκότως,
554 3176 581 3216 ω
598 3158 771 3238 πορθμεῦ·
794 3154 943 3239 εἵμαρται
957 3147 1022 3234 γάρ
1039 3151 1168 3215 ἐκεῖνον

166 3241 259 3329 μὲν
242 3241 442 3312 υπδτοῦτου
459 3256 687 3335 φονευθῆναι,
701 3257 822 3318 τοῦτον
839 3246 907 3318 δὲ’
890 3274 936 3318 υπ
940 3245 1087 3330 ’ἀλλου,
1112 3247 1167 3312 καλ

165 3350 416 3429 κληρονομῆσαί
427 3370 465 3428 γε
478 3352 598 3412 τοῦτον
611 3349 674 3432 μέν
689 3350 759 3416 ἐκεί
744 3355 836 3433 ίυου,
857 3345 939 3415 ὅτου
952 3341 996 3414 ἀν
1011 3337 1032 3433 ᾖ
1049 3341 1165 3430 μικρό-
