2550 3825
178 147 299 204 ΠΕΡΙ
321 147 419 205 ΤΩΝ
440 148 532 204 ΕΠΙ
546 147 713 206 Maesa
734 150 1021 209 ΣΤΝΟΝΤΩΝ.
1054 149 1115 210 305

116 305 208 390 τικιί,
233 304 294 391 χρή
312 308 350 372 δέ
368 325 405 372 σε
427 303 532 382 οὕτως
549 310 635 390 ἐχειν
657 303 701 383 ὡς
721 303 880 374 ἁπάντων
895 304 974 394 ήμῖν
992 316 1116 375 κοινῶν

115 404 299 486 ἐσομένων·
322 411 453 488 γελοῖον
464 400 528 487 γὰρ
541 408 571 470 εί
582 400 619 470 τό
633 403 854 490 κυριώτατον,
868 403 931 492 τήν
940 405 1050 491 ψυχήν
1063 427 1116 473 σοι

115 497 177 584 τήν
191 501 335 584 ἐμαυτοῦ
350 495 371 586 ή
389 502 443 567 καὶ
459 497 500 586 νή
514 506 582 567 Δία
596 508 665 566 τῶν
678 505 808 568 παίδων
821 543 864 554 -—
877 509 907 569 εί
921 508 1035 581 παῖδες
1049 501 1116 570 εἷεν

117 594 206 685 αύτῷ
223 599 427 675 παιδεύσεως
444 598 649 682 δεόμενοι-
667 601 851 680 ἐπιτρέπων
863 608 931 668 τῶν
945 600 1056 670 ἄλλων
1072 599 1116 687 μή

115 694 169 760 ἐπ’
186 703 258 780 ἴσης
273 692 415 781 ἡγοίμην
437 696 609 783 δεσπότην.
638 701 708 765 ἐπεὶ
729 698 765 764 δέ
781 702 834 766 καὶ
853 697 995 786 ὡρίσθαι
1008 728 1040 768 τι
1055 704 1115 785 δεῖ,
1133 709 1186 765 6ῖό

116 791 186 876 ὁρῶ
200 793 261 876 μὲν
281 789 318 859 τό
340 794 475 879 μέτριον
497 795 551 861 καὶ
572 793 733 880 αύταρκες
753 804 815 863 τοῦ
833 805 898 864 σού
916 797 1044 884 τρόπον
1063 799 1117 865 καὶ

116 897 252 975 συνίημι
270 887 315 967 ὡς
333 888 405 976 ούχὶ
424 899 550 976 μισθοῦ
571 895 678 960 ἐλπίδι
693 896 948 981 προσελήλυθας
966 893 1063 983 ἡμῶν
1077 903 1129 984 τήΙ

115 994 220 1077 οἰκίᾳ,
241 994 309 1054 τῶν
326 989 362 1054 δὲ
378 988 489 1056 όίλλων
505 991 618 1072 ἕνεκα,
638 999 695 1076 τής
710 989 841 1071 εὐνοίας
856 1000 914 1078 τῆς
927 991 1006 1077 παρ’
1022 990 1116 1078 ήμῶν

115 1086 170 1153 καὶ
183 1090 291 1170 τιμής,
305 1081 348 1169 ἣν
362 1084 451 1170 παρὰ
463 1095 565 1154 πᾶσιν
575 1089 672 1166 ἕξεις·
695 1087 784 1173 ὅμως
798 1087 829 1155 δ’
842 1083 905 1156 ούν
915 1092 970 1158 καὶ
982 1087 1116 1174 όρίσθω

115 1208 155 1248 τι.
177 1179 220 1247 σύ
236 1178 267 1246 δ’
284 1180 383 1259 αύτός
398 1180 461 1249 ότι
475 1187 529 1251 καὶ
540 1185 655 1270 βούλει
669 1189 743 1271 λέμε
758 1189 982 1273 μεμνημένος,
999 1180 1116 1272 ύφίλε

114 1305 209 1363 τατε,
230 1275 410 1362 κόικείνων,
431 1279 515 1366 ἅπερ
533 1284 570 1349 ἐν
593 1283 721 1368 ἑορταῖς
737 1286 911 1368 διετησίοις
928 1281 1015 1362 εἰκός
1031 1281 1116 1368 ἡμᾶς

115 1378 281 1460 παρέξειν·
305 1374 346 1443 οὐ
359 1375 424 1462 γὰρ
436 1377 643 1465 ἀμελήσομεν
656 1378 735 1447 οὐδὲ
745 1389 813 1448 τῶν
827 1380 1006 1463 τοιούτων,
1023 1387 1053 1447 εί
1061 1383 1116 1447 καί

115 1472 159 1558 μή
175 1481 239 1540 νύν
254 1471 338 1541 αὐτὰ
353 1480 596 1562 συντιθέμεθα·
618 1479 737 1545 πολλαὶ
746 1481 798 1562 δέ,
815 1476 915 1545 οἶσθα
920 1528 930 1561 ,
946 1484 1007 1544 τοῦ
1021 1483 1116 1554 ἐτους

115 1575 152 1637 αἱ
165 1578 313 1639 τοιαῦται
327 1569 484 1659 ἄφορμαί.
507 1577 561 1640 καὶ
575 1572 660 1658 πρὸς
671 1576 779 1642 ἐκεῖνα
790 1581 906 1642 τοίνυν
917 1573 1115 1662 ἀποβλέπων

115 1671 336 1757 μετριωτερον
351 1676 453 1758 δῆλον
475 1671 525 1740 ότι
544 1674 709 1758 ἐπιβαλεῖς
723 1669 802 1758 ήμῖν
816 1671 876 1740 τόν
892 1673 1033 1759 μισθόν·
1056 1669 1116 1739 ἄλ-

115 1775 180 1845 λως
189 1793 223 1834 τε
234 1771 289 1836 καὶ
300 1772 427 1854 πρέπον
439 1765 483 1836 δν
492 1780 543 1857 είη
555 1785 623 1848 τοῖς
632 1773 906 1857 πεπαιδευμένοις
916 1768 997 1855 ύμῖν
1007 1776 1115 1853 κρείτ-

114 1885 207 1933 τοσιν
223 1865 308 1935 εἶναι
324 1869 507 1955 χρημάτων.
542 1875 592 1938 20.
614 1867 631 1937 ὁ
651 1870 712 1956 μὲν
727 1876 830 1938 ταῦτα
844 1867 946 1938 είπων
966 1870 1021 1936 καὶ
1035 1865 1116 1935 ὅλον

115 1984 152 2029 σε
165 1967 330 2043 διασείσας
343 1982 413 2044 ταῖς
429 1970 535 2035 ἐλπίσι
551 1965 692 2035 τιθασόν
708 1971 814 2059 ἑαυτῷ
828 1974 1003 2055 πεποίηκε,
1019 1964 1061 2033 σύ
1078 1965 1114 2032 δέ

115 2062 217 2127 πύλαι
232 2064 377 2130 τάλαντα
392 2066 445 2132 καὶ
465 2066 628 2150 μυριάδας
644 2061 902 2151 ὀνειροπολήσας
919 2066 973 2131 καὶ
990 2060 1115 2149 ἀγρούς

116 2156 216 2236 ὅλους
232 2163 286 2226 καὶ
304 2169 473 2240 συνοικίας
487 2169 603 2247 συνίης
618 2164 681 2246 μὲν
699 2161 804 2248 ήρέμα
818 2170 875 2246 τῆς
891 2167 1113 2246 μικρολογίας,

116 2263 239 2335 σαίνεις
256 2258 291 2324 δὲ
306 2256 394 2343 όμως
407 2256 469 2345 τήν
482 2256 661 2344 ὑπόσχεσιν
672 2261 726 2325 καὶ
737 2260 791 2346 τό,
806 2259 914 2325 πάντα
928 2257 1007 2344 ήμῖν
1018 2252 1113 2323 κοινὰ

117 2361 222 2436 ἔσται,
245 2358 379 2442 βέβαιον
396 2358 451 2423 καὶ
470 2354 594 2441 ἀληθὲς
608 2362 744 2425 ἔσεσθαι
758 2362 916 2443 νομίζεις,
938 2352 1000 2422 ούκ
1020 2349 1115 2431 είδως

5 2506 8 2511 .
118 2451 221 2519 ότιτόι
238 2461 372 2521 τοιαῦτα

199 2559 305 2637 χείλεα
320 2554 381 2637 μέν
395 2549 425 2618 τ’
443 2550 564 2638 ἐδίην’,
580 2548 736 2639 ὑπερῴην
753 2549 785 2617 δ’
803 2548 866 2618 οὐκ
881 2553 998 2637 ἐδίηνε.

114 2658 304 2717 τελευταῖον
325 2649 358 2717 δ’
376 2648 434 2717 ὑπ’
458 2655 572 2728 αἰδούς
592 2647 682 2739 αὐτῷ
699 2651 884 2733 ἐπέτρεψας.
917 2646 934 2716 ὁ
956 2650 992 2717 δὲ
1012 2645 1113 2726 αύτος
1130 2663 1183 2719 676

114 2747 176 2833 μὲν
193 2746 234 2815 ού
249 2769 352 2834 φησιν
367 2752 472 2835 ἐρεῖν,
492 2756 559 2816 τῶν
579 2756 688 2834 φίλων
703 2751 742 2815 δέ
754 2774 829 2815 τινα
848 2755 916 2815 τῶν
937 2748 1114 2832 παρόντων

114 2847 241 2914 κελεύει
252 2851 354 2931 μέσον
364 2848 506 2916 ἐλθόντα
517 2854 577 2915 τοῦ
588 2846 778 2931 πράγματος
789 2852 893 2913 εἰπεῖν
905 2846 924 2914 δ
934 2845 1012 2933 μήτ’
1023 2844 1113 2934 αύτῷ

114 2942 253 3029 γίγνοιτ’
271 2940 315 3009 δν
336 2945 423 3031 βαρύ
444 2950 498 3013 καὶ
519 2944 602 3029 πρὸς
621 2943 704 3011 ἄλλα
721 2945 849 3012 τούτων
873 2943 1114 3030 ἀναγκαιότερα

115 3046 305 3109 δαπανῶντι
318 3044 399 3128 μήτε
413 3051 458 3133 τῷ
479 3047 655 3133 ληψομένῳ
675 3041 810 3121 εύτελές.
839 3042 856 3111 ὁ
878 3046 914 3111 δὲ
935 3041 1113 3129 ὠμογέρων

114 3166 163 3217 τις
174 3142 209 3207 ἐκ
224 3143 353 3206 παίδων
364 3147 517 3229 κολακεία
532 3142 731 3228 σύντροφος,
742 3141 798 3221 Ὡς
808 3142 869 3226 μὲν
880 3139 942 3208 οὐκ
957 3139 1112 3223 εὐδαιμο-

115 3241 268 3315 νέστατος
283 3236 328 3324 εἶ,
350 3245 448 3324 φησί,
474 3246 541 3305 των
556 3241 592 3306 ἐν
605 3248 645 3328 τή
666 3241 760 3309 πόλει
774 3238 947 3322 ἁπάντων,
963 3231 989 3305 τό
1005 3229 1113 3320 οὗτος,

114 3334 175 3405 υύκ
190 3333 233 3404 δν
248 3347 369 3423 εῖτιοις,
392 3329 420 3429 ᾦ
436 3364 475 3425 με
493 3345 740 3424 τοῦτοπρῶτον
760 3335 925 3423 ύπήρχεν,
947 3332 966 3401 δ
981 3343 1114 3411 πολλοῖς

196 3448 299 3487 ιυοιια.
321 3432 341 3487 1.
