2550 3825
518 191 694 250 ΤΙΜΩΝ.
1059 186 1101 251 37

105 373 165 434 νης
186 346 224 417 τό
245 348 330 418 ἀστν
349 358 476 437 μισθοῦ
496 364 640 438 γεωργεῖ
659 358 871 437 μελαγχολῶν
893 364 962 430 τοῖς
976 364 1099 436 κακοῖς,

103 444 155 515 ότι
170 451 205 515 ol
216 456 440 527 πλουτοῦντες
452 446 533 534 παρ’
552 448 657 515 αύτού
668 449 757 534 μάλα
768 446 998 533 ὑπεροπτικῶς
1011 475 1100 535 παρ-

104 551 255 631 έρχονται
271 544 349 613 οὐδὲ
366 544 531 630 τοῦνομα,
547 551 577 613 εί
593 552 708 630 Τίμων
722 554 872 631 καλοῖτο,
890 548 1021 626 εἰδότες.

189 651 218 715 9.
246 652 372 713 ΖΕΥΣ.
409 646 474 713 Καὶ
488 641 555 730 μὴν
572 641 612 710 ού
627 644 812 728 παροπτέος
825 641 912 732 ἁνὴρ
927 644 1006 714 ούδὲ
1017 643 1100 730 ἀμε-

104 741 235 826 λητέος·
265 742 400 819 εἰκότως
429 739 495 827 γάρ
522 739 701 828 ἠγανάκτει
726 745 916 828 δυστυχῶν·
945 746 1015 812 ἐπεὶ
1045 747 1099 811 καὶ
1119 743 1166 799 ¹1⁶

101 835 202 923 ὅμοια
222 838 403 926 ποιήσομεν
422 855 490 919 τοῖς
512 839 709 923 καταράτοις
723 840 858 920 κόλαξιν
872 844 1009 920 ἐκείνοις
1027 844 1099 909 ε’πι-

100 940 297 1023 λελησμένοι
313 936 438 1023 ἀνδρός
449 946 594 1007 τοσαῦτα
606 944 708 1024 μηρία
725 939 860 1021 ταύρων
873 966 909 1007 τε
924 944 980 1008 καὶ
993 946 1099 1025 αἰγῶν

7 1096 16 1121 ,
100 1036 240 1104 πιότατα
263 1038 450 1116 καύσαντος
470 1035 550 1124 ἡμῖν
574 1039 626 1104 ἐπὶ
646 1043 713 1104 τῶν
735 1044 873 1123 βωμῶν·
894 1043 942 1105 ἔτι
962 1045 1047 1123 γοῦν
1061 1042 1098 1105 ἐν

98 1150 170 1213 ταῖς
184 1137 250 1222 ῥισὶ
265 1134 328 1221 τὴν
341 1150 460 1203 κνῖσαν
475 1132 587 1201 αὐτῶν
603 1140 675 1220 ἔχω.
719 1131 808 1219 πλὴν
822 1131 881 1201 ὑπ’
898 1131 1050 1220 ἀσχολίας
1063 1161 1098 1201 τε

100 1238 157 1301 καλ
171 1234 327 1321 θορύβου
341 1241 467 1302 πολλοῦ
481 1240 549 1301 τῶν
564 1233 813 1316 ἐπιορκούντων
827 1236 882 1299 καί
895 1237 1098 1319 βιαζομένων

101 1333 158 1398 καὶ
173 1329 406 1417 ἁρπαζόντων,
430 1337 477 1399 ἐτι
492 1332 600 1399 δὲκαὶ
617 1331 729 1417 φόβου
744 1337 805 1397 τοῦ
822 1332 911 1418 παρά
926 1338 994 1399 τῶν
1009 1337 1098 1418 ίερο-

93 1429 297 1497 ’συλούυτων
305 1472 345 1483 -—
353 1434 469 1498 πολλοὶ
481 1429 545 1515 γάρ
558 1422 653 1496 οὗτοι
661 1433 715 1496 καὶ
723 1430 951 1514 δυσφύλακτοι
958 1428 1098 1499 καὶούδὲ

99 1525 153 1595 ἐπ’
170 1525 284 1613 ὀλίγον
298 1529 485 1614 καταμύσαι
499 1525 580 1614 ἡμῖν
595 1531 765 1613 ἐφιᾶσι-
780 1526 889 1596 πολύν
901 1527 964 1616 ἤδη
975 1530 1098 1618 χρόνον

99 1624 180 1692 ούδέ
195 1623 365 1714 ἀπέβλεψα
382 1629 415 1704 ἐς
427 1624 490 1713 τὴν
498 1624 665 1713 Ἀττικήν,
681 1630 736 1695 καλ
747 1629 887 1714 μάλιστα
902 1632 934 1708 ἐξ
946 1622 988 1697 οὗ
1000 1640 1098 1716 φιλο·
1116 1638 1165 1695 117

99 1728 203 1808 σοφία
219 1724 273 1790 καὶ
287 1723 397 1809 λόγων
412 1728 518 1808 ἔριδες
532 1726 740 1794 ἐπεπόλασαν
756 1724 880 1805 αὐτοῖς·
903 1733 1098 1815 μαχομένων

96 1818 166 1905 γὰρ
181 1819 265 1905 πρός
279 1818 443 1908 ἀλλήλους
457 1825 511 1890 καί
527 1824 739 1910 κεκραγότων
750 1822 829 1893 οὐδὲ
840 1826 1018 1894 ἐπακούειν
1029 1833 1097 1894 ἔστι

96 1927 169 1986 τῶν
186 1916 309 2006 εύχῶν·
327 1920 409 1989 ῶστε
424 1917 445 2007 ἦ
460 1922 708 2011 ἐπιβυσάμενον
721 1921 781 2010 χρὴ
794 1922 834 1992 τά
846 1917 912 1992 ῶτα
924 1933 1096 2012 καθῆσθαι

94 2013 119 2103 ἦ
141 2019 350 2103 ἐπιτριβῆναι
371 2019 455 2103 πρδς
476 2017 605 2103 αύτῶν,
632 2018 756 2109 ἀρετήν
776 2049 851 2089 τινα
870 2025 925 2090 καὶ
939 2021 1096 2108 ἀσῶματα

95 2116 153 2184 καί
171 2122 295 2200 ληρονς
309 2119 436 2204 μεγάλῃ
447 2125 486 2206 τῇ
498 2125 595 2205 φωνῇ
606 2118 838 2205 ξυνειρόντων.
866 2118 919 2186 διά
931 2121 1034 2188 ταῦτά
1046 2146 1098 2188 τοι

96 2217 155 2280 καὶ
176 2219 298 2280 τοῦτον
318 2212 527 2301 ἀμεληθῆναι
552 2220 674 2302 ξυνέβη
694 2214 779 2299 πρός
798 2214 894 2302 ἡμῶν
909 2214 950 2283 ού
965 2225 1098 2302 φαῦλον

95 2310 190 2379 ὄντα.
227 2315 274 2378 10.
297 2309 385 2398 ὅμως
400 2316 436 2380 δὲ
456 2311 515 2380 τόν
528 2321 700 2398 Πλοῦτον,
719 2307 873 2398 ῶἙρμῆ,
893 2312 1097 2399 παραλαβῶν
1115 2313 1165 2370 118

94 2408 198 2477 ἀπνθι
220 2407 300 2494 παρ’
318 2408 423 2478 αὐτόν
435 2409 518 2479 κατὰ
533 2412 647 2496 τάχος·
670 2409 775 2497 ἀγέτω
791 2411 826 2478 δὲ
843 2408 860 2477 ὁ
874 2419 1026 2489 Πλοῦτος
1041 2414 1096 2478 καί

93 2506 156 2576 τόν
174 2506 353 2595 Θησαυρόν
373 2507 443 2595 μετ’
471 2506 575 2576 αὐτοῦ
596 2511 651 2576 καὶ
671 2513 860 2593 μενέτωσαν
883 2506 983 2594 ἀμφω
1006 2507 1095 2595 παρά

92 2614 142 2696 τῶ
153 2613 280 2694 Τίμωνι
292 2611 374 2693 μηδὲ
388 2605 711 2675 ἀπαλλαττέσθωσαν
722 2604 810 2674 οὕτω
821 2609 958 2695 ῥᾳδίως,
972 2603 1096 2676 κάνότι

90 2707 241 2792 μάλιστα
269 2704 335 2772 ὑπό
362 2705 581 2792 χρηστότητος
606 2698 710 2783 αὖθις
735 2705 879 2794 ἐκδιῶκχ
895 2703 1019 2784 αύτούς
1038 2713 1095 2793 τῆς

90 2811 213 2880 οἰκίας.
237 2806 311 2890 περὶ
323 2803 358 2871 δὲ
369 2811 436 2870 τῶν
448 2805 602 2871 κολάκων
616 2806 753 2871 ἐκείνων
763 2805 818 2872 καί
829 2811 885 2889 τῆς
896 2801 1094 2890 ἀχαριστίας,

88 2901 139 2987 ἢν
166 2905 375 2980 ἐπεδείξαντο
394 2899 477 2987 πρδς
497 2900 620 2987 αὐτόν,
649 2905 703 2969 καί
726 2894 829 2980 αὖθις
849 2902 911 2987 μέν
932 2904 1095 2988 σκέψομαι

86 3001 150 3067 καί
163 3002 263 3082 δίκην
273 2999 457 3083 δῶσονσιν,
475 2998 609 3067 ἐπειδάν
620 2996 681 3066 τόν
693 2997 859 3084 κεραυνόν
870 2999 1094 3067 ἐπισκευάσω·

86 3097 317 3181 κατεαγμέναι
347 3094 412 3183 γάρ
439 3094 543 3164 αὐτοῦ
568 3099 622 3164 καλ
648 3093 920 3182 ἀπεστομωμέναι
946 3098 1007 3164 εἰσὶ
1032 3095 1094 3162 δύο

85 3193 228 3270 ἀκτῖνες
255 3197 292 3260 αί
317 3197 483 3280 μέγισται,
520 3191 621 3261 ὁπότε
656 3195 909 3280 φιλοτιμότερον
936 3192 1095 3281 ἠκόντισα
1114 3193 1164 3249 ¹1⁹

84 3291 215 3384 πρῴην
236 3293 288 3358 ἐπὶ
308 3289 369 3358 τδν
389 3289 803 3379 σοφιστήνἏναξαγόραν,
824 3289 861 3371 δς
882 3299 996 3360 ἔπειθε
1016 3289 1096 3370 τούς

83 3387 256 3482 ὁμιλητάς
278 3389 361 3476 μηδὲ
382 3389 467 3470 ὅλως
483 3389 569 3458 εἷναί
580 3418 673 3469 τινας
686 3388 773 3478 ἡμᾶς
788 3387 865 3468 τούς
879 3389 990 3465 θεούς.
1019 3385 1092 3456 ἀλλ’
