2550 3825
441 190 716 251 ΕΝΤΠΝΙΟΝ.
1058 194 1080 257 5

85 348 146 421 λοῑς
168 346 223 413 καί
242 343 384 430 ἀγαθοῖς
405 349 603 434 κοσμήμασι,
627 351 847 440 σωφροσύνῃ,
871 356 1079 480 δικαιοσύνη,

85 438 241 530 εὐσεβείᾳ,
257 445 427 532 πρᾳότητι,
440 449 607 537 ἐπιεικείᾳ,
619 450 763 534 συνέσει,
772 460 941 566 μαρτερίᾳ,
955 462 1001 548 τῷ
1012 461 1080 521 τῶν

83 546 188 607 καλῶν
203 546 310 627 ἔρωτι,
333 549 372 630 66
392 542 494 663 πρός
497 544 537 611 τά
560 547 744 630 σεμνότατα
766 544 869 637 ὁρμή·
889 558 993 618 ταῦτα
1014 552 1101 639 γάο
1091 571 1134 625 6⁵

82 637 166 704 ἐστιν
186 636 204 705 6
226 648 284 725 τῆς
304 648 411 726 ψυχῆς
430 641 594 730 ἀκήρατος
615 641 660 723 ὡς
675 643 811 730 ἀληθως
829 648 961 732 κόσμος.
985 643 1090 767 λήσει

81 736 116 799 δέ
126 755 165 801 σε
181 734 258 803 οὐτε
272 738 416 807 παλαιόν
432 738 584 808 06666’
549 741 626 810 ούτε
637 750 703 809 νῦν
712 748 872 830 γενέσθαι
888 748 976 830 δέον,
993 744 1077 815 ἀλλά
1164 758 1168 766 ’

82 832 180 901 καί
142 860 183 901 τα
204 841 368 922 μέλλοντα
388 840 530 923 προόψει
550 866 609 962 μετ
607 836 727 926 ’ἐμοῦ,
751 845 806 911 καὶ
828 842 959 923 όλως“
936 870 1077 960 απαντᾳ,

80 928 183 1000 ὁπόσα
197 937 334 1021 ἐστί,
293 963 333 1003 τα
348 964 383 1005 τε
393 948 470 1006 θεῖα
486 966 526 1006 τα
540 966 558 1005 τ
556 937 788 1062 ’ἀνθρώπινα
804 940 866 1009 οὐκ
886 948 931 1022 είς
944 944 1078 1032 μακρόν

80 1050 112 1097 σε
127 1034 311 1119 διδάξομαι.
357 1041 485 1105 11.καὶ
500 1035 516 1105 ὁ
531 1044 596 1105 νῦν
608 1039 710 1125 πένης
723 1036 740 1106 6
753 1067 813 1107 606
799 1038 974 1125 δείνος,“
959 1066 977 1107 ο
994 1047 1078 1127 βον-

25 1135 32 1161 '
79 1131 282 1215 λενσάμενός
296 1160 327 1200 τι
347 1139 422 1223 περὶ
442 1134 606 1220 ἀγεννοῦς
628 1135 717 1203 οὕτω
733 1141 859 1223 τέχνης,
881 1164 940 1223 μετ
937 1134 1078 1222 ’ὀλίγον

80 1222 179 1295 ἅπασι
197 1229 338 1314 ζηλωτός
355 1236 410 1301 καὶ
425 1236 610 1354 ἐπίᾳθονος
627 1240 696 1321 666,
711 1236 896 1320 τιμώμενος
912 1237 968 1302 καὶ
982 1237 1076 1301 ἐπαι-

78 1326 241 1410 νούμενος
255 1330 310 1395 καὶ
323 1332 375 1397 ἐπὶ
389 1344 457 1409 τοϊς
479 1330 624 1418 ἀρίστοις
647 1330 834 1418 εὐδοκιμῶν
853 1337 908 1399 καὶ
927 1329 993 1398 ὑπὸ
1008 1338 1076 1398 τῶν

78 1426 165 1502 γένει
187 1427 242 1491 καὶ
265 1428 399 1518 πλούτᾳι
418 1428 636 1515 προύχόντων
655 1429 936 1516 ἀποβλεπόμενος,
951 1432 1076 1513 ἐσθῆτα

76 1522 134 1602 μὲν
145 1523 305 1610 τοιαύτην
320 1522 556 1615 ἀμπεχόμενος,
567 1570 610 1581 -
622 1534 753 1609 δείξασα
764 1528 825 1614 τήν
838 1532 970 1616 ἑαντής·
985 1528 1077 1596 πάνυ

77 1620 109 1685 66
123 1621 284 1710 λαμπράν
300 1628 415 1710 ἐφόρει
430 1668 473 1683 -
487 1626 588 1715 ἀρχῆς
605 1630 642 1697 δὲ
656 1656 712 1696 και
701 1632 904 1716 προεδρίας
920 1628 1076 1713 ἀξιούμε-

77 1742 147 1795 νος
171 1716 237 1786 κάν
250 1724 510 1813 πονάποδημής,
529 1724 604 1794 οὐδ’
621 1730 674 1793 ἐπὶ
688 1736 745 1811 τῆς
761 1725 985 1812 ἀλλοδαπής’
967 1724 1078 1811 αγνύς
1100 1741 1132 1796 16

75 1817 126 1880 καὶ
142 1812 277 1903 ἀφανής
292 1825 366 1907 666
386 1822 524 1890 6066666
538 1843 591 1889 σοι
605 1826 780 1909 περιθήσω
798 1822 838 1890 τά
852 1831 1075 1910 γνωρίσματα,

74 1908 158 1980 ὥστε
172 1924 242 1983 τῶν
259 1917 417 2008 ὁρώντων
432 1923 567 2000 ἕκαστος
586 1922 647 1990 τὸν
661 1929 802 2007 πλησίον
824 1923 962 2009 κινήσας
979 1926 1077 2002 δείξει

73 2039 107 2086 σε
134 2024 184 2108 τῷ
207 2020 359 2107 δακτύλῳ
379 2011 501 2105 ,οὗτος
521 2023 669 2099 ἐκεῖνος(ι
695 2023 811 2105 λέγων.
856 2015 950 2088 12.
928 2047 973 2087 αν
995 2024 1076 2087 δέτι

71 2121 224 2200 σπονδῆς
241 2115 371 2196 ἀξιον
353 2145 374 2204 6
389 2121 444 2185 καί
460 2116 540 2235 τούς
553 2115 714 2203 φίλονς”
692 2147 713 2204 η
728 2121 783 2186 καὶ
799 2117 861 2205 τήν
876 2118 976 2187 πόλιν
992 2117 1076 2203 ὅλην

69 2214 376 2303 καταλαμβάνη,εί
347 2242 391 2294 ες
413 2218 449 2283 σὲ
465 2217 586 2294 πάντες
600 2213 862 2303 ἀποβλέψονται·
885 2213 949 2283 κάν
963 2216 1031 2282 πού
1045 2241 1077 2281 τι

70 2318 181 2400 λέγων
196 2314 306 2402 τύχης,
324 2315 497 2401 κεχηνότες
518 2319 552 2382 οί
568 2317 685 2383 πολλοὶ
705 2313 917 2399 ἀκούσονται,
939 2314 1078 2396 θαυμά-

70 2418 186 2492 ζοντες
202 2414 256 2478 καὶ
272 2410 556 2499 εὐδαιμονίζοντές
571 2433 608 2480 σε
622 2420 680 2499 τῆς
694 2415 869 2498 δυνάμεως
882 2420 951 2480 τῶν
965 2413 1076 2497 λόγων

68 2506 208 2579 καὶτὸν
228 2512 352 2596 πατέρα
374 2517 431 2596 τῆς
452 2509 645 2597 εὐποτμίας·
668 2508 688 2578 6
707 2511 744 2579 66
764 2514 931 2596 λέγουσιν,
953 2507 997 2587 ὡς
1012 2507 1076 2593 ἀρα
1098 2529 1130 2586 17

67 2609 119 2676 καί
135 2605 314 2676 ἀθάνατοί
326 2635 413 2687 τινες
434 2615 605 2695 γίγνονται
626 2611 658 2689 ἐξ
680 2607 885 2697 ἀνθρώπων,
908 2607 1007 2675 τοῦτό
1022 2627 1076 2675 σοι

66 2704 298 2792 περιποιήσω·
314 2708 368 2774 καὶ
379 2706 443 2793 γὰρ
459 2704 502 2793 ήν
513 2705 612 2784 αὐτός
627 2711 663 2776 ἐκ
678 2713 740 2774 τοῦ
753 2713 831 2794 βίον
845 2705 1003 2795 ἀπέλθῃς,
1015 2704 1077 2773 οὐ·

65 2829 146 2872 ποτε
166 2804 284 2892 παύση
298 2803 412 2872 σννιδν
423 2819 489 2882 τοῖς
503 2808 778 2889 πεπαιδευμένοις
791 2807 846 2871 καὶ
861 2812 1076 2891 προσομιλῶν

65 2918 131 2982 τοῖς
148 2900 312 2987 ἀρίστοις.
332 2899 411 2991 ὁρᾷς
424 2900 484 2969 τόν
494 2906 723 2988 Δημοσθένην
739 2904 878 2985 ἐκεῖνον,
895 2908 985 2980 τίνος
998 2899 1076 2970 νίδν

64 2998 147 3070 ὄντα
166 2997 237 3084 ἐγώ
257 2996 375 3085 ἡλίκον
393 3003 546 3086 ἐποίησα;
567 2998 649 3088 ὁρᾷς
670 2999 730 3066 τόν
743 3006 915 3085 Αἰσχίνην,
934 2997 970 3078 ὃς
991 3025 1076 3084 τνμ·

64 3102 269 3180 τανιστρίας
288 3095 360 3176 νίδς
377 3091 437 3182 ήν;
460 3096 533 3164 ἀλλ’
558 3096 648 3183 ὅμως
662 3094 767 3164 αὐτόν
785 3094 825 3163 δι’
841 3099 897 3182 ἐμὲ
911 3103 1076 3172 Φίλιππος

62 3197 310 3317 ἐθεραπεᾳσεν.
333 3222 351 3263 ο
339 3193 404 3264 ‘66
414 3197 595 3282 Σωκράτης
605 3193 712 3264 ταδ’
670 3192 770 3273 αντδς
784 3193 850 3263 ὑπὸ
862 3223 901 3282 τη
888 3199 1075 3280 ἑρμογλν-
1097 3217 1129 3272 18

63 3308 144 3388 6666
164 3295 277 3382 ταύτη
292 3299 428 3381 τραφείς
443 3293 555 3418 ἐπειδή
570 3297 705 3383 τάχιστα
720 3304 843 3382 σννήκε
857 3303 917 3363 τοῦ
927 3301 1073 3377 κρείττο-

25 3361 27 3458 6
62 3425 115 3479 νος
140 3393 209 3466 καὶ
231 3397 456 3478 δραπετεύσας
472 3391 546 3479 παρ’
569 3396 670 3482 αὐτῆς
691 3393 920 3481 ηὐτομόλησεν
943 3393 1067 3472 ὡςέ’
1065 3443 1074 3474 ,
