<?xml version="1.0" encoding="UTF-8"?>
<!DOCTYPE html PUBLIC "-//W3C//DTD XHTML 1.0 Transitional//EN"
    "http://www.w3.org/TR/xhtml1/DTD/xhtml1-transitional.dtd">
<html xmlns="http://www.w3.org/1999/xhtml" xml:lang="en" lang="en">
 <head>
  <title>
</title>
<meta http-equiv="Content-Type" content="text/html;charset=utf-8" />
  <meta name='ocr-system' content='tesseract 3.04.00' />
  <meta name='ocr-capabilities' content='ocr_page ocr_carea ocr_par ocr_line ocrx_word'/>
</head>
<body>
  <div class='ocr_page' id='page_1' title='image "./lucianisamosate03jacogoog/lucianisamosate03jacogoog_0160.png"; bbox 0 0 2550 3825; ppageno 0'>
   <div class='ocr_carea' id='block_1_1' title="bbox 337 162 1100 226">
    <p class='ocr_par' dir='ltr' id='par_1_1' title="bbox 337 162 1100 226">
     <span class='ocr_line' id='line_1_1' title="bbox 337 162 1100 226; baseline 0.004 -4"><span class='ocrx_word' id='word_1_1' title='bbox 337 163 584 222; x_wconf 80' lang='lat' dir='ltr'><em>NEKPIKOI</em></span> <span class='ocrx_word' id='word_1_2' title='bbox 602 165 859 222; x_wconf 86' lang='grc' dir='ltr'><em>ΔΙΑΛΟΓΟΙ.</em></span> <span class='ocrx_word' id='word_1_3' title='bbox 1041 162 1100 226; x_wconf 80' lang='grc'><strong><em>141</em></strong></span> 
     </span>
    </p>
   </div>
   <div class='ocr_carea' id='block_1_2' title="bbox 99 321 1101 611">
    <p class='ocr_par' dir='ltr' id='par_1_2' title="bbox 99 321 1101 611">
     <span class='ocr_line' id='line_1_2' title="bbox 181 321 717 408; baseline -0.004 -16"><span class='ocrx_word' id='word_1_4' title='bbox 181 331 277 393; x_wconf 83' lang='grc' dir='ltr'><em>ΧΑΡ.</em></span> <span class='ocrx_word' id='word_1_5' title='bbox 299 326 365 390; x_wconf 82' lang='grc' dir='ltr'><strong><em>Καὶ</em></strong></span> <span class='ocrx_word' id='word_1_6' title='bbox 380 321 454 402; x_wconf 84' lang='grc' dir='ltr'><strong><em>ἀξια</em></strong></span> <span class='ocrx_word' id='word_1_7' title='bbox 468 329 572 389; x_wconf 90' lang='grc' dir='ltr'><strong><em>ταῦτα</em></strong></span> <span class='ocrx_word' id='word_1_8' title='bbox 589 321 717 408; x_wconf 80' lang='grc' dir='ltr'><strong><em>ὠνήσω.</em></strong></span> 
     </span>
     <span class='ocr_line' id='line_1_3' title="bbox 182 418 1101 507; baseline -0.003 -16"><span class='ocrx_word' id='word_1_9' title='bbox 182 429 286 492; x_wconf 87' lang='grc' dir='ltr'><strong>ΕΡΜ.</strong></span> <span class='ocrx_word' id='word_1_10' title='bbox 312 419 424 487; x_wconf 88' lang='grc' dir='ltr'><strong><em>Ταῦτά</em></strong></span> <span class='ocrx_word' id='word_1_11' title='bbox 439 422 544 504; x_wconf 83' lang='grc' dir='ltr'><strong><em>ἐστιν,</em></strong></span> <span class='ocrx_word' id='word_1_12' title='bbox 560 425 591 488; x_wconf 88' lang='grc' dir='ltr'><strong><em>εί</em></strong></span> <span class='ocrx_word' id='word_1_13' title='bbox 603 421 650 507; x_wconf 87' lang='grc' dir='ltr'><strong><em>μή</em></strong></span> <span class='ocrx_word' id='word_1_14' title='bbox 665 449 695 488; x_wconf 91' lang='grc' dir='ltr'><strong><em>τι</em></strong></span> <span class='ocrx_word' id='word_1_15' title='bbox 707 419 788 490; x_wconf 85' lang='grc' dir='ltr'><strong><em>ἀλλο</em></strong></span> <span class='ocrx_word' id='word_1_16' title='bbox 799 418 884 507; x_wconf 79' lang='grc' dir='ltr'><strong><em>ἡμᾶς</em></strong></span> <span class='ocrx_word' id='word_1_17' title='bbox 898 425 1054 491; x_wconf 79' lang='grc' dir='ltr'><strong><em>διέλαθεν</em></strong></span> <span class='ocrx_word' id='word_1_18' title='bbox 1065 430 1101 488; x_wconf 72' lang='grc' dir='ltr'><strong><em>ἐν</em></strong></span> 
     </span>
     <span class='ocr_line' id='line_1_4' title="bbox 99 509 958 611; baseline -0.001 -23"><span class='ocrx_word' id='word_1_19' title='bbox 99 529 144 611; x_wconf 75' lang='grc' dir='ltr'><strong><em>τῷ</em></strong></span> <span class='ocrx_word' id='word_1_20' title='bbox 159 526 315 608; x_wconf 75' lang='grc' dir='ltr'><strong><em>λογισμῷ.</em></strong></span> <span class='ocrx_word' id='word_1_21' title='bbox 337 517 417 586; x_wconf 88' lang='grc' dir='ltr'><strong><em>πότε</em></strong></span> <span class='ocrx_word' id='word_1_22' title='bbox 432 515 463 584; x_wconf 88' lang='grc' dir='ltr'><strong><em>δ’</em></strong></span> <span class='ocrx_word' id='word_1_23' title='bbox 481 509 544 585; x_wconf 86' lang='grc' dir='ltr'><strong><em>οῦν</em></strong></span> <span class='ocrx_word' id='word_1_24' title='bbox 557 525 661 585; x_wconf 91' lang='grc' dir='ltr'><strong><em>ταῦτα</em></strong></span> <span class='ocrx_word' id='word_1_25' title='bbox 675 517 863 587; x_wconf 75' lang='grc' dir='ltr'><em>ἀποδώσειν</em></span> <span class='ocrx_word' id='word_1_26' title='bbox 879 518 958 605; x_wconf 86' lang='grc' dir='ltr'><strong><em>φής;</em></strong></span> 
     </span>
    </p>
   </div>
   <div class='ocr_carea' id='block_1_3' title="bbox 97 609 1168 2468">
    <p class='ocr_par' dir='ltr' id='par_1_3' title="bbox 99 609 1102 899">
     <span class='ocr_line' id='line_1_5' title="bbox 185 609 1102 707; baseline 0.002 -21"><span class='ocrx_word' id='word_1_27' title='bbox 185 626 278 687; x_wconf 86' lang='grc' dir='ltr'><em>ΧΑΡ.</em></span> <span class='ocrx_word' id='word_1_28' title='bbox 301 624 381 685; x_wconf 90' lang='grc' dir='ltr'><strong><em>Νῦν</em></strong></span> <span class='ocrx_word' id='word_1_29' title='bbox 395 619 472 702; x_wconf 89' lang='grc' dir='ltr'><strong><em>με’ν,</em></strong></span> <span class='ocrx_word' id='word_1_30' title='bbox 497 609 525 683; x_wconf 70' lang='grc' dir='ltr'><strong><em>οἷ</em></strong></span> <span class='ocrx_word' id='word_1_31' title='bbox 534 615 653 703; x_wconf 77' lang='grc' dir='ltr'><strong><em>Ἐρμῇ,</em></strong></span> <span class='ocrx_word' id='word_1_32' title='bbox 671 615 856 704; x_wconf 87' lang='grc' dir='ltr'><strong><em>ἀδῦνατον,</em></strong></span> <span class='ocrx_word' id='word_1_33' title='bbox 877 615 921 705; x_wconf 87' lang='grc' dir='ltr'><strong><em>ήν</em></strong></span> <span class='ocrx_word' id='word_1_34' title='bbox 936 619 972 686; x_wconf 78' lang='grc' dir='ltr'><strong><em>δὲ</em></strong></span> <span class='ocrx_word' id='word_1_35' title='bbox 987 621 1102 707; x_wconf 88' lang='grc' dir='ltr'><strong><em>λοιμός</em></strong></span> 
     </span>
     <span class='ocr_line' id='line_1_6' title="bbox 100 712 1101 804; baseline 0 -19"><span class='ocrx_word' id='word_1_36' title='bbox 100 746 146 795; x_wconf 89' lang='grc' dir='ltr'><strong><em>τις</em></strong></span> <span class='ocrx_word' id='word_1_37' title='bbox 168 712 189 804; x_wconf 83' lang='grc' dir='ltr'><strong><em>ή</em></strong></span> <span class='ocrx_word' id='word_1_38' title='bbox 211 717 355 800; x_wconf 86' lang='grc' dir='ltr'><strong><em>πόλεμος</em></strong></span> <span class='ocrx_word' id='word_1_39' title='bbox 374 719 570 804; x_wconf 73' lang='grc' dir='ltr'><strong><em>καταπέμψῃ</em></strong></span> <span class='ocrx_word' id='word_1_40' title='bbox 585 713 735 799; x_wconf 87' lang='grc' dir='ltr'><strong><em>ἀθρόους</em></strong></span> <span class='ocrx_word' id='word_1_41' title='bbox 753 716 861 800; x_wconf 85' lang='grc' dir='ltr'><strong><em>τινάς,</em></strong></span> <span class='ocrx_word' id='word_1_42' title='bbox 884 719 1010 785; x_wconf 80' lang='grc' dir='ltr'><strong><em>ἐνέσται</em></strong></span> <span class='ocrx_word' id='word_1_43' title='bbox 1028 718 1101 785; x_wconf 89' lang='grc' dir='ltr'><strong><em>τότε</em></strong></span> 
     </span>
     <span class='ocr_line' id='line_1_7' title="bbox 99 810 888 899; baseline -0.003 -17"><span class='ocrx_word' id='word_1_44' title='bbox 99 813 323 898; x_wconf 75' lang='grc' dir='ltr'><strong><em>ἀποκερδᾶναι</em></strong></span> <span class='ocrx_word' id='word_1_45' title='bbox 338 811 644 898; x_wconf 75' lang='grc' dir='ltr'><strong><em>παραλογιζόμενον</em></strong></span> <span class='ocrx_word' id='word_1_46' title='bbox 657 810 696 880; x_wconf 81' lang='grc' dir='ltr'><strong><em>τά</em></strong></span> <span class='ocrx_word' id='word_1_47' title='bbox 711 823 888 899; x_wconf 75' lang='grc' dir='ltr'><strong><em>πορθμεῖα.</em></strong></span> 
     </span>
    </p>

    <p class='ocr_par' dir='ltr' id='par_1_4' title="bbox 98 905 1102 1098">
     <span class='ocr_line' id='line_1_8' title="bbox 182 905 1102 997; baseline -0.002 -19"><span class='ocrx_word' id='word_1_48' title='bbox 182 918 210 979; x_wconf 78' lang='lat'><strong><em>2.</em></strong></span> <span class='ocrx_word' id='word_1_49' title='bbox 232 918 335 980; x_wconf 81' lang='grc' dir='ltr'><em>ΕΡΜ.</em></span> <span class='ocrx_word' id='word_1_50' title='bbox 359 918 439 977; x_wconf 90' lang='grc' dir='ltr'><strong><em>Νῦν</em></strong></span> <span class='ocrx_word' id='word_1_51' title='bbox 454 905 517 977; x_wconf 84' lang='grc' dir='ltr'><strong><em>οὖν</em></strong></span> <span class='ocrx_word' id='word_1_52' title='bbox 532 909 596 996; x_wconf 79' lang='grc' dir='ltr'><strong><em>ε’γῦ</em></strong></span> <span class='ocrx_word' id='word_1_53' title='bbox 612 917 820 997; x_wconf 77' lang='grc' dir='ltr'><strong><em>καθεδοῦμαι</em></strong></span> <span class='ocrx_word' id='word_1_54' title='bbox 834 910 875 979; x_wconf 81' lang='grc' dir='ltr'><strong><em>τά</em></strong></span> <span class='ocrx_word' id='word_1_55' title='bbox 890 912 1028 981; x_wconf 87' lang='grc' dir='ltr'><strong><em>κάκιστα</em></strong></span> <span class='ocrx_word' id='word_1_56' title='bbox 1044 909 1102 980; x_wconf 80' lang='grc' dir='ltr'><strong><em>εῦ-</em></strong></span> 
     </span>
     <span class='ocr_line' id='line_1_9' title="bbox 98 1005 1008 1098; baseline 0.003 -22"><span class='ocrx_word' id='word_1_57' title='bbox 98 1010 238 1095; x_wconf 83' lang='grc' dir='ltr'><strong><em>χόμενος</em></strong></span> <span class='ocrx_word' id='word_1_58' title='bbox 251 1012 427 1095; x_wconf 83' lang='grc' dir='ltr'><strong><em>γενέσθαι,</em></strong></span> <span class='ocrx_word' id='word_1_59' title='bbox 444 1006 489 1087; x_wconf 73' lang='grc' dir='ltr'><strong><em>οἱς</em></strong></span> <span class='ocrx_word' id='word_1_60' title='bbox 505 1005 549 1076; x_wconf 85' lang='grc' dir='ltr'><strong><em>ἀν</em></strong></span> <span class='ocrx_word' id='word_1_61' title='bbox 564 1008 628 1077; x_wconf 82' lang='grc' dir='ltr'><strong><em>ἀπὸ</em></strong></span> <span class='ocrx_word' id='word_1_62' title='bbox 645 1011 774 1078; x_wconf 79' lang='grc' dir='ltr'><strong><em>τοῦτον</em></strong></span> <span class='ocrx_word' id='word_1_63' title='bbox 790 1009 1008 1098; x_wconf 71' lang='grc' dir='ltr'><strong><em>ἀπολάβοιμις</em></strong></span> 
     </span>
    </p>

    <p class='ocr_par' dir='ltr' id='par_1_5' title="bbox 99 1100 1101 1295">
     <span class='ocr_line' id='line_1_10' title="bbox 182 1100 1101 1195; baseline 0 -19"><span class='ocrx_word' id='word_1_64' title='bbox 182 1113 278 1176; x_wconf 84' lang='grc' dir='ltr'><em>ΧΑΡ.</em></span> <span class='ocrx_word' id='word_1_65' title='bbox 302 1103 374 1174; x_wconf 87' lang='grc' dir='ltr'><strong><em>Οῦκ</em></strong></span> <span class='ocrx_word' id='word_1_66' title='bbox 387 1105 610 1191; x_wconf 79' lang='grc' dir='ltr'><strong><em>ἔστινάλλως,</em></strong></span> <span class='ocrx_word' id='word_1_67' title='bbox 627 1100 773 1194; x_wconf 75' lang='grc' dir='ltr'><strong><em>ἀἙρμή.</em></strong></span> <span class='ocrx_word' id='word_1_68' title='bbox 797 1115 863 1175; x_wconf 89' lang='grc' dir='ltr'><strong><em>νῦν</em></strong></span> <span class='ocrx_word' id='word_1_69' title='bbox 874 1110 910 1176; x_wconf 77' lang='grc' dir='ltr'><strong><em>δὲ</em></strong></span> <span class='ocrx_word' id='word_1_70' title='bbox 921 1105 1043 1195; x_wconf 78' lang='grc' dir='ltr'><strong><em>ὀλίγοι,</em></strong></span> <span class='ocrx_word' id='word_1_71' title='bbox 1058 1107 1101 1188; x_wconf 81' lang='grc' dir='ltr'><strong><em>ὡς</em></strong></span> 
     </span>
     <span class='ocr_line' id='line_1_11' title="bbox 99 1201 772 1295; baseline -0.001 -22"><span class='ocrx_word' id='word_1_72' title='bbox 99 1203 194 1295; x_wconf 81' lang='grc' dir='ltr'><strong><em>ὁρᾷς,</em></strong></span> <span class='ocrx_word' id='word_1_73' title='bbox 212 1202 433 1290; x_wconf 90' lang='grc' dir='ltr'><strong><em>ἀφικνοῦνται</em></strong></span> <span class='ocrx_word' id='word_1_74' title='bbox 447 1201 543 1290; x_wconf 82' lang='grc' dir='ltr'><strong><em>ἡμῖν·</em></strong></span> <span class='ocrx_word' id='word_1_75' title='bbox 566 1205 682 1291; x_wconf 80' lang='grc' dir='ltr'><strong><em>εἰρήνη</em></strong></span> <span class='ocrx_word' id='word_1_76' title='bbox 698 1206 772 1290; x_wconf 90' lang='grc' dir='ltr'><strong><em>γάρ.</em></strong></span> 
     </span>
    </p>

    <p class='ocr_par' dir='ltr' id='par_1_6' title="bbox 97 1299 1168 2165">
     <span class='ocr_line' id='line_1_12' title="bbox 182 1299 1099 1389; baseline 0.001 -19"><span class='ocrx_word' id='word_1_77' title='bbox 182 1309 287 1370; x_wconf 84' lang='grc' dir='ltr'><strong>ΕΡΜ.</strong></span> <span class='ocrx_word' id='word_1_78' title='bbox 299 1300 458 1387; x_wconf 72' lang='grc' dir='ltr'><strong><em>’Ἄμεινον</em></strong></span> <span class='ocrx_word' id='word_1_79' title='bbox 470 1299 585 1386; x_wconf 80' lang='grc' dir='ltr'><strong><em>οὕτως,</em></strong></span> <span class='ocrx_word' id='word_1_80' title='bbox 599 1309 629 1370; x_wconf 88' lang='grc' dir='ltr'><strong><em>εί</em></strong></span> <span class='ocrx_word' id='word_1_81' title='bbox 637 1305 692 1370; x_wconf 87' lang='grc' dir='ltr'><strong><em>καὶ</em></strong></span> <span class='ocrx_word' id='word_1_82' title='bbox 702 1300 782 1389; x_wconf 79' lang='grc' dir='ltr'><strong><em>ἡμῖν</em></strong></span> <span class='ocrx_word' id='word_1_83' title='bbox 792 1310 1021 1387; x_wconf 80' lang='grc' dir='ltr'><strong><em>παρατείνοιτο</em></strong></span> <span class='ocrx_word' id='word_1_84' title='bbox 1034 1300 1099 1371; x_wconf 79' lang='grc' dir='ltr'><strong><em>ὑπὸ</em></strong></span> 
     </span>
     <span class='ocr_line' id='line_1_13' title="bbox 98 1393 1099 1487; baseline 0 -19"><span class='ocrx_word' id='word_1_85' title='bbox 98 1408 162 1469; x_wconf 90' lang='grc' dir='ltr'><strong><em>σοῦ</em></strong></span> <span class='ocrx_word' id='word_1_86' title='bbox 181 1398 218 1468; x_wconf 89' lang='grc' dir='ltr'>τὸ</span> <span class='ocrx_word' id='word_1_87' title='bbox 243 1399 385 1486; x_wconf 80' lang='grc' dir='ltr'><strong><em>ὄφλημα.</em></strong></span> <span class='ocrx_word' id='word_1_88' title='bbox 419 1397 507 1485; x_wconf 81' lang='grc' dir='ltr'><strong><em>πλήν</em></strong></span> <span class='ocrx_word' id='word_1_89' title='bbox 527 1397 599 1467; x_wconf 84' lang='grc' dir='ltr'><strong><em>ἀλλ’</em></strong></span> <span class='ocrx_word' id='word_1_90' title='bbox 622 1406 657 1468; x_wconf 85' lang='grc' dir='ltr'><strong><em>ολ</em></strong></span> <span class='ocrx_word' id='word_1_91' title='bbox 670 1400 733 1487; x_wconf 72' lang='grc' dir='ltr'><strong><em>μὲν</em></strong></span> <span class='ocrx_word' id='word_1_92' title='bbox 748 1408 899 1486; x_wconf 87' lang='grc' dir='ltr'><strong><em>παλαιοί,</em></strong></span> <span class='ocrx_word' id='word_1_93' title='bbox 924 1393 951 1469; x_wconf 72' lang='grc' dir='ltr'><strong><em>οδ</em></strong></span> <span class='ocrx_word' id='word_1_94' title='bbox 966 1402 1099 1487; x_wconf 85' lang='grc' dir='ltr'><strong><em>Χάρων,</em></strong></span> 
     </span>
     <span class='ocr_line' id='line_1_14' title="bbox 99 1492 1168 1586; baseline 0.008 -22"><span class='ocrx_word' id='word_1_95' title='bbox 99 1498 199 1565; x_wconf 85' lang='grc' dir='ltr'><strong><em>οίσθα</em></strong></span> <span class='ocrx_word' id='word_1_96' title='bbox 222 1492 286 1565; x_wconf 79' lang='grc' dir='ltr'><strong><em>οἷοι</em></strong></span> <span class='ocrx_word' id='word_1_97' title='bbox 314 1503 573 1584; x_wconf 83' lang='grc' dir='ltr'><strong><em>παρεγίγνοντο,</em></strong></span> <span class='ocrx_word' id='word_1_98' title='bbox 599 1495 747 1583; x_wconf 84' lang='grc' dir='ltr'><strong><em>ἀνδρεῖοι</em></strong></span> <span class='ocrx_word' id='word_1_99' title='bbox 774 1497 935 1583; x_wconf 76' lang='grc' dir='ltr'><strong><em>ἅπαντες,</em></strong></span> <span class='ocrx_word' id='word_1_100' title='bbox 965 1502 1101 1586; x_wconf 79' lang='grc' dir='ltr'><strong><em>αἵματος</em></strong></span> <span class='ocrx_word' id='word_1_101' title='bbox 1118 1518 1168 1572; x_wconf 81' lang='grc'><strong><em>343</em></strong></span> 
     </span>
     <span class='ocr_line' id='line_1_15' title="bbox 99 1592 1100 1687; baseline 0.002 -25"><span class='ocrx_word' id='word_1_102' title='bbox 99 1593 254 1686; x_wconf 76' lang='grc' dir='ltr'><strong><em>ἀνάπλεῳ</em></strong></span> <span class='ocrx_word' id='word_1_103' title='bbox 263 1597 318 1664; x_wconf 79' lang='grc' dir='ltr'><strong><em>καὶ</em></strong></span> <span class='ocrx_word' id='word_1_104' title='bbox 326 1602 522 1680; x_wconf 88' lang='grc' dir='ltr'><strong><em>τραυματίαι</em></strong></span> <span class='ocrx_word' id='word_1_105' title='bbox 535 1599 568 1663; x_wconf 85' lang='grc' dir='ltr'><strong><em>ολ</em></strong></span> <span class='ocrx_word' id='word_1_106' title='bbox 575 1603 707 1664; x_wconf 86' lang='grc' dir='ltr'><strong><em>πολλοί·</em></strong></span> <span class='ocrx_word' id='word_1_107' title='bbox 722 1603 788 1662; x_wconf 92' lang='grc' dir='ltr'><strong><em>νῦν</em></strong></span> <span class='ocrx_word' id='word_1_108' title='bbox 798 1592 864 1683; x_wconf 72' lang='grc' dir='ltr'><strong><em>δδή</em></strong></span> <span class='ocrx_word' id='word_1_109' title='bbox 875 1597 1040 1687; x_wconf 75' lang='grc' dir='ltr'><strong><em>φαρμάκῳ</em></strong></span> <span class='ocrx_word' id='word_1_110' title='bbox 1051 1623 1100 1675; x_wconf 88' lang='grc' dir='ltr'><strong><em>τις</em></strong></span> 
     </span>
     <span class='ocr_line' id='line_1_16' title="bbox 99 1689 1099 1782; baseline 0.001 -22"><span class='ocrx_word' id='word_1_111' title='bbox 99 1690 164 1761; x_wconf 87' lang='grc' dir='ltr'><strong><em>ῦπδ</em></strong></span> <span class='ocrx_word' id='word_1_112' title='bbox 180 1699 241 1760; x_wconf 90' lang='grc' dir='ltr'><strong><em>τοῦ</em></strong></span> <span class='ocrx_word' id='word_1_113' title='bbox 264 1691 381 1772; x_wconf 84' lang='grc' dir='ltr'><strong><em>παιδὸς</em></strong></span> <span class='ocrx_word' id='word_1_114' title='bbox 402 1689 625 1779; x_wconf 80' lang='grc' dir='ltr'><strong><em>ἀποθανιδνῆ</em></strong></span> <span class='ocrx_word' id='word_1_115' title='bbox 647 1690 714 1761; x_wconf 87' lang='grc' dir='ltr'><strong><em>ῦπὸ</em></strong></span> <span class='ocrx_word' id='word_1_116' title='bbox 737 1703 794 1780; x_wconf 82' lang='grc' dir='ltr'><strong><em>της</em></strong></span> <span class='ocrx_word' id='word_1_117' title='bbox 812 1693 972 1781; x_wconf 83' lang='grc' dir='ltr'><strong><em>γυναικὸς</em></strong></span> <span class='ocrx_word' id='word_1_118' title='bbox 990 1692 1012 1782; x_wconf 87' lang='grc' dir='ltr'><strong><em>ή</em></strong></span> <span class='ocrx_word' id='word_1_119' title='bbox 1033 1692 1099 1762; x_wconf 82' lang='grc' dir='ltr'><strong><em>ὑπὸ</em></strong></span> 
     </span>
     <span class='ocr_line' id='line_1_17' title="bbox 98 1789 1100 1880; baseline 0.002 -21"><span class='ocrx_word' id='word_1_120' title='bbox 98 1798 227 1877; x_wconf 81' lang='grc' dir='ltr'><strong><em>τρυφῆς</em></strong></span> <span class='ocrx_word' id='word_1_121' title='bbox 237 1789 408 1880; x_wconf 79' lang='grc' dir='ltr'><strong><em>ἐξῳδηκιδς</em></strong></span> <span class='ocrx_word' id='word_1_122' title='bbox 419 1791 480 1878; x_wconf 87' lang='grc' dir='ltr'><strong><em>τήν</em></strong></span> <span class='ocrx_word' id='word_1_123' title='bbox 490 1795 633 1879; x_wconf 85' lang='grc' dir='ltr'><strong><em>γαστέρα</em></strong></span> <span class='ocrx_word' id='word_1_124' title='bbox 643 1789 747 1861; x_wconf 78' lang='grc' dir='ltr'><strong><em>καὶτὰ</em></strong></span> <span class='ocrx_word' id='word_1_125' title='bbox 759 1796 869 1880; x_wconf 79' lang='grc' dir='ltr'><strong><em>σκέλη,</em></strong></span> <span class='ocrx_word' id='word_1_126' title='bbox 883 1790 981 1880; x_wconf 75' lang='grc' dir='ltr'><strong><em>ὠχροὶ</em></strong></span> <span class='ocrx_word' id='word_1_127' title='bbox 991 1793 1100 1862; x_wconf 81' lang='grc' dir='ltr'><strong><em>ἀπαν-</em></strong></span> 
     </span>
     <span class='ocr_line' id='line_1_18' title="bbox 97 1886 1100 1977; baseline 0.003 -18"><span class='ocrx_word' id='word_1_128' title='bbox 97 1916 150 1969; x_wconf 89' lang='grc' dir='ltr'><strong><em>τες</em></strong></span> <span class='ocrx_word' id='word_1_129' title='bbox 174 1891 233 1957; x_wconf 69' lang='grc' dir='ltr'><strong><em>καὶ</em></strong></span> <span class='ocrx_word' id='word_1_130' title='bbox 251 1886 418 1977; x_wconf 72' lang='grc' dir='ltr'><strong><em>ἀγεννεῖς,</em></strong></span> <span class='ocrx_word' id='word_1_131' title='bbox 439 1887 540 1959; x_wconf 79' lang='grc' dir='ltr'><strong><em>οὐδὲν</em></strong></span> <span class='ocrx_word' id='word_1_132' title='bbox 554 1889 664 1977; x_wconf 82' lang='grc' dir='ltr'><strong><em>ὅμοιοι</em></strong></span> <span class='ocrx_word' id='word_1_133' title='bbox 679 1894 825 1971; x_wconf 81' lang='grc' dir='ltr'><strong><em>ἐκείνοις.</em></strong></span> <span class='ocrx_word' id='word_1_134' title='bbox 853 1897 887 1961; x_wconf 86' lang='grc' dir='ltr'><strong><em>ολ</em></strong></span> <span class='ocrx_word' id='word_1_135' title='bbox 905 1895 941 1961; x_wconf 76' lang='grc' dir='ltr'><strong><em>δὲ</em></strong></span> <span class='ocrx_word' id='word_1_136' title='bbox 955 1902 1100 1963; x_wconf 79' lang='grc' dir='ltr'><strong><em>πλεῖστοι</em></strong></span> 
     </span>
     <span class='ocr_line' id='line_1_19' title="bbox 99 1987 1099 2079; baseline 0.003 -22"><span class='ocrx_word' id='word_1_137' title='bbox 99 1988 210 2057; x_wconf 77' lang='grc' dir='ltr'><strong><em>αὐτῶν</em></strong></span> <span class='ocrx_word' id='word_1_138' title='bbox 231 1987 285 2057; x_wconf 83' lang='grc' dir='ltr'><strong><em>διά</em></strong></span> <span class='ocrx_word' id='word_1_139' title='bbox 306 1990 455 2076; x_wconf 83' lang='grc' dir='ltr'><strong><em>χρήματα</em></strong></span> <span class='ocrx_word' id='word_1_140' title='bbox 475 1988 618 2077; x_wconf 82' lang='grc' dir='ltr'><strong><em>ἥκουσιν</em></strong></span> <span class='ocrx_word' id='word_1_141' title='bbox 641 1991 913 2076; x_wconf 79' lang='grc' dir='ltr'><strong><em>ἐπιβουλεύοντες</em></strong></span> <span class='ocrx_word' id='word_1_142' title='bbox 935 1988 1099 2079; x_wconf 88' lang='grc' dir='ltr'><strong><em>ἀλλήλοις,</em></strong></span> 
     </span>
     <span class='ocr_line' id='line_1_20' title="bbox 98 2084 290 2165; baseline 0.005 -10"><span class='ocrx_word' id='word_1_143' title='bbox 98 2084 142 2165; x_wconf 81' lang='grc' dir='ltr'><strong><em>ὡς</em></strong></span> <span class='ocrx_word' id='word_1_144' title='bbox 158 2091 290 2156; x_wconf 77' lang='grc' dir='ltr'><strong><em>ἐοίκασι.</em></strong></span> 
     </span>
    </p>

    <p class='ocr_par' dir='ltr' id='par_1_7' title="bbox 182 2184 916 2275">
     <span class='ocr_line' id='line_1_21' title="bbox 182 2184 916 2275; baseline 0.004 -23"><span class='ocrx_word' id='word_1_145' title='bbox 182 2194 278 2253; x_wconf 80' lang='lat' dir='ltr'><em>XAP.</em></span> <span class='ocrx_word' id='word_1_146' title='bbox 300 2185 400 2252; x_wconf 88' lang='grc' dir='ltr'><strong><em>Πάνυ</em></strong></span> <span class='ocrx_word' id='word_1_147' title='bbox 417 2184 481 2273; x_wconf 83' lang='grc' dir='ltr'><strong><em>γάρ</em></strong></span> <span class='ocrx_word' id='word_1_148' title='bbox 496 2189 707 2275; x_wconf 79' lang='grc' dir='ltr'><strong><em>περιπόθητά</em></strong></span> <span class='ocrx_word' id='word_1_149' title='bbox 724 2192 792 2257; x_wconf 89' lang='grc' dir='ltr'><strong><em>ε’στι</em></strong></span> <span class='ocrx_word' id='word_1_150' title='bbox 804 2196 916 2255; x_wconf 84' lang='grc' dir='ltr'><strong><em>ταῦτα.</em></strong></span> 
     </span>
    </p>

    <p class='ocr_par' dir='ltr' id='par_1_8' title="bbox 97 2280 1100 2468">
     <span class='ocr_line' id='line_1_22' title="bbox 181 2280 1100 2371; baseline 0.004 -20"><span class='ocrx_word' id='word_1_151' title='bbox 181 2291 284 2351; x_wconf 87' lang='grc' dir='ltr'><em>ΕΡΜ.</em></span> <span class='ocrx_word' id='word_1_152' title='bbox 311 2280 447 2351; x_wconf 83' lang='grc' dir='ltr'><strong><em>Οὐκοῦν</em></strong></span> <span class='ocrx_word' id='word_1_153' title='bbox 463 2280 538 2351; x_wconf 81' lang='grc' dir='ltr'><strong><em>οὐδ’</em></strong></span> <span class='ocrx_word' id='word_1_154' title='bbox 554 2283 617 2371; x_wconf 71' lang='grc' dir='ltr'><strong><em>ἐγώ</em></strong></span> <span class='ocrx_word' id='word_1_155' title='bbox 630 2287 760 2371; x_wconf 83' lang='grc' dir='ltr'><strong><em>δόξαιμι</em></strong></span> <span class='ocrx_word' id='word_1_156' title='bbox 773 2282 817 2352; x_wconf 86' lang='grc' dir='ltr'><strong><em>ἀν</em></strong></span> <span class='ocrx_word' id='word_1_157' title='bbox 831 2283 1033 2371; x_wconf 86' lang='grc' dir='ltr'><strong><em>ἁμαρτάνειν</em></strong></span> <span class='ocrx_word' id='word_1_158' title='bbox 1045 2315 1100 2355; x_wconf 84' lang='grc' dir='ltr'><strong><em>πι-</em></strong></span> 
     </span>
     <span class='ocr_line' id='line_1_23' title="bbox 97 2377 815 2468; baseline -0.003 -19"><span class='ocrx_word' id='word_1_159' title='bbox 97 2389 184 2468; x_wconf 79' lang='grc' dir='ltr'><strong><em>κρῶς</em></strong></span> <span class='ocrx_word' id='word_1_160' title='bbox 201 2378 351 2447; x_wconf 74' lang='grc' dir='ltr'><strong><em>ἀπαιτῶν</em></strong></span> <span class='ocrx_word' id='word_1_161' title='bbox 364 2378 404 2446; x_wconf 83' lang='grc' dir='ltr'><strong><em>τά</em></strong></span> <span class='ocrx_word' id='word_1_162' title='bbox 421 2377 623 2467; x_wconf 83' lang='grc' dir='ltr'><strong><em>ὀφειλόμενα</em></strong></span> <span class='ocrx_word' id='word_1_163' title='bbox 638 2380 727 2465; x_wconf 86' lang='grc' dir='ltr'><strong><em>παρά</em></strong></span> <span class='ocrx_word' id='word_1_164' title='bbox 745 2390 815 2447; x_wconf 87' lang='grc' dir='ltr'><strong><em>σοῦ.</em></strong></span> 
     </span>
    </p>
   </div>
   <div class='ocr_carea' id='block_1_4' title="bbox 292 2634 905 2801">
    <p class='ocr_par' dir='ltr' id='par_1_9' title="bbox 292 2634 905 2801">
     <span class='ocr_line' id='line_1_24' title="bbox 586 2634 614 2694; baseline 0 0"><span class='ocrx_word' id='word_1_165' title='bbox 586 2634 614 2694; x_wconf 86' lang='grc'><strong><em>5.</em></strong></span> 
     </span>
     <span class='ocr_line' id='line_1_25' title="bbox 292 2746 905 2801; baseline 0.005 -3"><span class='ocrx_word' id='word_1_166' title='bbox 292 2746 599 2799; x_wconf 75' lang='grc' dir='ltr'><em>ΠΑΟΤΤΩΝΟΣ</em></span> <span class='ocrx_word' id='word_1_167' title='bbox 622 2748 704 2799; x_wconf 83' lang='grc' dir='ltr'><strong><em>ΚΑΙ</em></strong></span> <span class='ocrx_word' id='word_1_168' title='bbox 731 2749 905 2801; x_wconf 81' lang='grc' dir='ltr'><strong><em>ΕΡΜΟΤ.</em></strong></span> 
     </span>
    </p>
   </div>
   <div class='ocr_carea' id='block_1_5' title="bbox 4 2876 1168 3458">
    <p class='ocr_par' dir='ltr' id='par_1_10' title="bbox 4 2876 1168 3458">
     <span class='ocr_line' id='line_1_26' title="bbox 182 2876 1101 2967; baseline 0 -20"><span class='ocrx_word' id='word_1_169' title='bbox 182 2886 210 2947; x_wconf 92' lang='lat'><strong><em>1.</em></strong></span> <span class='ocrx_word' id='word_1_170' title='bbox 233 2886 395 2947; x_wconf 74' lang='grc' dir='ltr'><em>ΠΛΟΤΤ.</em></span> <span class='ocrx_word' id='word_1_171' title='bbox 419 2876 486 2946; x_wconf 82' lang='grc' dir='ltr'><strong><em>Τὸν</em></strong></span> <span class='ocrx_word' id='word_1_172' title='bbox 501 2881 642 2965; x_wconf 78' lang='grc' dir='ltr'><strong><em>γέροντα</em></strong></span> <span class='ocrx_word' id='word_1_173' title='bbox 652 2877 770 2966; x_wconf 79' lang='grc' dir='ltr'><strong><em>οἶσθα,</em></strong></span> <span class='ocrx_word' id='word_1_174' title='bbox 785 2880 844 2949; x_wconf 89' lang='grc' dir='ltr'><strong><em>τδν</em></strong></span> <span class='ocrx_word' id='word_1_175' title='bbox 855 2884 948 2950; x_wconf 89' lang='grc' dir='ltr'><strong><em>πάνυ</em></strong></span> <span class='ocrx_word' id='word_1_176' title='bbox 958 2908 1101 2967; x_wconf 87' lang='grc' dir='ltr'><strong><em>γεγηρα-</em></strong></span> 
     </span>
     <span class='ocr_line' id='line_1_27' title="bbox 4 2972 1168 3068; baseline 0.003 -23"><span class='ocrx_word' id='word_1_177' title='bbox 4 3044 9 3053; x_wconf 83' lang='grc'><strong><em>,</em></strong></span> <span class='ocrx_word' id='word_1_178' title='bbox 96 2980 179 3046; x_wconf 83' lang='grc' dir='ltr'><strong><em>κάτα</em></strong></span> <span class='ocrx_word' id='word_1_179' title='bbox 195 2981 298 3063; x_wconf 80' lang='grc' dir='ltr'><strong><em>λέγω,</em></strong></span> <span class='ocrx_word' id='word_1_180' title='bbox 320 2974 380 3045; x_wconf 87' lang='grc' dir='ltr'><strong><em>τδν</em></strong></span> <span class='ocrx_word' id='word_1_181' title='bbox 397 2976 560 3045; x_wconf 89' lang='grc' dir='ltr'><strong><em>πλοῦσιου</em></strong></span> <span class='ocrx_word' id='word_1_182' title='bbox 575 2974 769 3063; x_wconf 88' lang='grc' dir='ltr'><strong><em>Εῦκράτηυ,</em></strong></span> <span class='ocrx_word' id='word_1_183' title='bbox 792 2972 818 3068; x_wconf 78' lang='grc' dir='ltr'><em>ᾦ</em></span> <span class='ocrx_word' id='word_1_184' title='bbox 833 2985 946 3058; x_wconf 84' lang='grc' dir='ltr'><strong><em>παῖδες</em></strong></span> <span class='ocrx_word' id='word_1_185' title='bbox 961 2981 1022 3065; x_wconf 76' lang='grc' dir='ltr'><strong><em>μὲν</em></strong></span> <span class='ocrx_word' id='word_1_186' title='bbox 1039 2977 1100 3045; x_wconf 89' lang='grc' dir='ltr'><strong><em>οῦκ</em></strong></span> <span class='ocrx_word' id='word_1_187' title='bbox 1116 2994 1168 3048; x_wconf 77' lang='grc'><strong><em>344</em></strong></span> 
     </span>
     <span class='ocr_line' id='line_1_28' title="bbox 14 3073 1007 3165; baseline 0 -22"><span class='ocrx_word' id='word_1_188' title='bbox 14 3154 17 3165; x_wconf 35' lang='grc' dir='ltr'>Ι</span> <span class='ocrx_word' id='word_1_189' title='bbox 97 3081 198 3160; x_wconf 88' lang='grc' dir='ltr'><strong><em>είσίν,</em></strong></span> <span class='ocrx_word' id='word_1_190' title='bbox 215 3079 249 3142; x_wconf 88' lang='grc' dir='ltr'><strong><em>οί</em></strong></span> <span class='ocrx_word' id='word_1_191' title='bbox 261 3073 321 3142; x_wconf 83' lang='grc' dir='ltr'><strong><em>τὸν</em></strong></span> <span class='ocrx_word' id='word_1_192' title='bbox 337 3083 461 3161; x_wconf 83' lang='grc' dir='ltr'><strong><em>κλῆρον</em></strong></span> <span class='ocrx_word' id='word_1_193' title='bbox 476 3078 512 3141; x_wconf 77' lang='grc' dir='ltr'><strong><em>δὲ</em></strong></span> <span class='ocrx_word' id='word_1_194' title='bbox 529 3081 700 3160; x_wconf 76' lang='grc' dir='ltr'><strong><em>θηρῶντες</em></strong></span> <span class='ocrx_word' id='word_1_195' title='bbox 716 3077 1007 3162; x_wconf 82' lang='grc' dir='ltr'><strong><em>πεντακισμύριοι;</em></strong></span> 
     </span>
     <span class='ocr_line' id='line_1_29' title="bbox 180 3166 920 3258; baseline -0.003 -17"><span class='ocrx_word' id='word_1_196' title='bbox 180 3180 285 3241; x_wconf 81' lang='grc' dir='ltr'><strong><em>ΕΡΜ.</em></strong></span> <span class='ocrx_word' id='word_1_197' title='bbox 306 3180 391 3258; x_wconf 93' lang='grc' dir='ltr'><strong><em>Ναί,</em></strong></span> <span class='ocrx_word' id='word_1_198' title='bbox 409 3170 469 3241; x_wconf 81' lang='grc' dir='ltr'><strong><em>τὸν</em></strong></span> <span class='ocrx_word' id='word_1_199' title='bbox 484 3172 682 3256; x_wconf 57' lang='grc' dir='ltr'><strong><em>Σικυώνιον7</em></strong></span> <span class='ocrx_word' id='word_1_200' title='bbox 695 3174 768 3258; x_wconf 86' lang='grc' dir='ltr'><strong><em>φής.</em></strong></span> <span class='ocrx_word' id='word_1_201' title='bbox 791 3180 825 3242; x_wconf 86' lang='grc' dir='ltr'><strong><em>τί</em></strong></span> <span class='ocrx_word' id='word_1_202' title='bbox 838 3166 920 3254; x_wconf 70' lang='grc' dir='ltr'><strong><em>οῦνς</em></strong></span> 
     </span>
     <span class='ocr_line' id='line_1_30' title="bbox 181 3266 1102 3361; baseline 0.001 -21"><span class='ocrx_word' id='word_1_203' title='bbox 181 3280 344 3341; x_wconf 73' lang='grc' dir='ltr'><em>ΠΛΟΤΤ.</em></span> <span class='ocrx_word' id='word_1_204' title='bbox 366 3271 511 3341; x_wconf 75' lang='grc' dir='ltr'><strong><em>Ἐκεῖνον</em></strong></span> <span class='ocrx_word' id='word_1_205' title='bbox 523 3276 602 3360; x_wconf 90' lang='grc' dir='ltr'><strong><em>με’ν,</em></strong></span> <span class='ocrx_word' id='word_1_206' title='bbox 619 3266 647 3340; x_wconf 74' lang='grc' dir='ltr'><em>ὦ</em></span> <span class='ocrx_word' id='word_1_207' title='bbox 655 3271 774 3361; x_wconf 83' lang='grc' dir='ltr'><strong><em>Ἑρμῆ,</em></strong></span> <span class='ocrx_word' id='word_1_208' title='bbox 790 3280 848 3360; x_wconf 74' lang='grc' dir='ltr'><strong><em>ξῆν</em></strong></span> <span class='ocrx_word' id='word_1_209' title='bbox 859 3279 958 3342; x_wconf 75' lang='grc' dir='ltr'><strong><em>ἔασον</em></strong></span> <span class='ocrx_word' id='word_1_210' title='bbox 970 3274 1022 3341; x_wconf 75' lang='grc' dir='ltr'><strong><em>ἐπὶ</em></strong></span> <span class='ocrx_word' id='word_1_211' title='bbox 1034 3287 1102 3352; x_wconf 75' lang='grc' dir='ltr'><strong><em>τοῖς</em></strong></span> 
     </span>
     <span class='ocr_line' id='line_1_31' title="bbox 98 3366 1096 3458; baseline -0.002 -20"><span class='ocrx_word' id='word_1_212' title='bbox 98 3368 300 3456; x_wconf 74' lang='grc' dir='ltr'><strong><em>ἐνενήκοντα</em></strong></span> <span class='ocrx_word' id='word_1_213' title='bbox 323 3375 445 3455; x_wconf 80' lang='grc' dir='ltr'><strong><em>ἔτεσιν,</em></strong></span> <span class='ocrx_word' id='word_1_214' title='bbox 468 3367 490 3437; x_wconf 71' lang='grc' dir='ltr'><strong><em>δι’</em></strong></span> <span class='ocrx_word' id='word_1_215' title='bbox 509 3377 686 3458; x_wconf 82' lang='grc' dir='ltr'><strong><em>βεβίωκεν,</em></strong></span> <span class='ocrx_word' id='word_1_216' title='bbox 712 3370 929 3458; x_wconf 77' lang='grc' dir='ltr'><strong><em>ἐπιμετρήσας</em></strong></span> <span class='ocrx_word' id='word_1_217' title='bbox 945 3368 1029 3437; x_wconf 83' lang='grc' dir='ltr'><strong><em>ἀλλα</em></strong></span> <span class='ocrx_word' id='word_1_218' title='bbox 1045 3366 1096 3437; x_wconf 88' lang='grc' dir='ltr'><strong><em>το-</em></strong></span> 
     </span>
    </p>
   </div>
   <div class='ocr_carea' id='block_1_6' title="bbox 0 0 1280 3825">
    <p class='ocr_par' dir='ltr' id='par_1_11' title="bbox 0 0 1280 3825">
     <span class='ocr_line' id='line_1_32' title="bbox 0 0 1280 3825; baseline 0 0"><span class='ocrx_word' id='word_1_219' title='bbox 0 0 1280 3825; x_wconf 95' lang='lat' dir='ltr'><strong><em> </em></strong></span> 
     </span>
    </p>
   </div>
  </div>
 </body>
</html>
