2550 3825
406 186 545 247 ΘΕΩΝ
564 186 827 247 ΔΙΑΛΟΓΟΙ.
1053 183 1116 246 103

115 339 148 409 τό
172 348 343 429 ποίμνιον·
376 346 623 432 καταπτάμενος
644 348 680 414 δὲ
703 344 847 414 ὄπισθεν
869 341 1007 423 αάτδςδ
1029 345 1116 424 Ζεὺς

113 441 248 527 κου’φως
262 443 350 527 μάλα
363 457 433 521 τοῖς
452 441 546 525 ὄνυξι
565 442 756 531 περιβαλών
769 446 823 512 καὶ
839 451 884 530 τῷ
903 443 1038 528 στόματι
1052 441 1114 529 την

9 601 20 638 ·.
114 541 165 607 ἐπὶ
179 546 218 628 τῇ
232 548 361 630 κεφαλῇ
374 541 494 627 τιάραν
510 547 593 628 έχων
609 542 751 629 ἀνέφερε
766 541 827 610 τδν
840 546 942 608 παῖδα
956 566 1114 627 τεταραγ-

113 641 215 725 μένον
229 642 284 707 καὶ
298 646 344 725 τῷ
357 641 506 730 τραχήλῳ
522 639 781 732 ἀπεστραμμένῳ
796 644 829 720 ές
846 637 950 707 αὐτὸν
970 637 1115 725 ἀποβλέ-

75 740 77 744 ’
113 761 227 804 ποντα.
248 739 322 805 τότε
338 732 401 806 οὖν
420 737 483 825 ἐγώ
507 737 569 824 τὴν
586 743 729 827 σύριγγα
745 738 858 826 λαβάν
871 777 914 788 -
925 735 1114 824 ἀποβεβλή-

113 863 161 903 κει
180 834 245 922 γάρ
261 834 367 923 αὐτὴν
386 835 453 905 ὑπὸ
470 845 531 905 τοῦ
548 841 645 917 δέους
662 881 698 890 -
715 880 759 891 -
774 835 857 906 ἀλλά
872 834 937 921 γάρ
954 833 972 903 ὁ
988 841 1115 922 διαιτη-

112 934 168 1020 τὴς
180 933 294 1004 οὑτοσὶ
305 941 462 1022 πλησίον,
475 934 558 1004 ἀστε
573 945 805 1023 προσείπωμεν
817 933 930 1003 αὐτόν.
954 939 982 1003 7.
997 942 1112 1016 Χαῖρε,

114 1028 306 1121 ἀβουκόλε.

195 1142 295 1202 ΠΛΡ.
319 1132 396 1220 [Νη]
411 1135 466 1200 καὶ
481 1133 524 1200 σά
540 1161 595 1219 γε,
612 1128 640 1202 ω’
653 1142 814 1203 νεανίσκε.
837 1141 885 1211 τίς
902 1132 937 1200 δὲ
950 1127 998 1198 ἀν
1014 1135 1112 1213 δεῦρο

112 1230 225 1319 ἀφῖξαι
241 1230 325 1318 πρὸς
339 1230 441 1318 ἡμάςς
467 1228 488 1319 ἢ
509 1241 599 1312 τίνας
615 1234 736 1310 ταύτας
751 1231 841 1319 ἀγεις
857 1229 915 1309 τάς
936 1244 1112 1316 γυναῖκας;

113 1328 153 1399 οὐ
168 1329 233 1418 γάρ
248 1331 427 1416 ἐπιτήδειαι
441 1328 649 1416 ὀρεοπολεῖν,
666 1330 754 1399 οὕτω
769 1357 807 1417 γε
821 1323 919 1398 οὖσαι
934 1335 1041 1398 καλαί.

196 1436 299 1496 ΕΡΜ.
325 1427 412 1498 Ἀλλ’
431 1428 472 1497 οά
487 1433 642 1517 γυναῖκές
657 1438 757 1515 είσιν,
770 1429 879 1515 Ἥραν
895 1432 946 1514 δέ,
971 1420 997 1495 ἀ
1011 1430 1111 1513 Πάρι,

3 1597 4 1612 ,
111 1527 166 1592 καὶ
185 1522 332 1610 Ἀθηνάν
353 1527 408 1593 καί
426 1524 625 1613 Ἀφροδίτην
647 1527 742 1617 ὁρᾷς,
767 1526 851 1615 κάμέ
871 1526 932 1595 τὸν
950 1525 1073 1614 Ἑρμῆν
1094 1522 1111 1593 ὁ

111 1621 195 1701 Ζεάς
209 1620 408 1690 ἀπέστειλεν.
430 1620 513 1692 ἀλλά
524 1632 558 1692 τί
568 1628 697 1711 τρέμεις
709 1630 763 1694 καὶ
776 1624 911 1717 ἀχριᾷςς
929 1624 973 1715 μη
986 1630 1111 1694 δέδιθι·

110 1718 254 1807 χαλεπὸν
265 1718 328 1807 γάρ
342 1719 459 1789 οὐδέν’
476 1725 605 1792 κελεύει
616 1728 656 1791 δέ
664 1744 701 1792 σε
711 1722 870 1810 δικαστὴν
883 1729 1041 1811 γενέσθαι
1052 1729 1112 1791 τοῦ

111 1818 393 1910 κάλλονςαάτῶν·
419 1819 505 1890 Ἐπεὶ
518 1823 599 1909 γάρ,
619 1829 717 1908 φησί,
739 1824 839 1900 καλός
851 1848 886 1889 τε
902 1820 1001 1901 αὐτὸς
1016 1821 1113 1890 εἶκαὶ

111 1918 214 2006 σοφδς
224 1918 264 1986 τά
276 1920 427 2006 ἐρωτικά,
443 1923 495 1989 σοὶ
505 1920 566 2007 τὴν
577 1930 703 2007 γνῶσιν
714 1925 886 2008 ἐπιτρέπω,
903 1930 965 1989 τοῦ
976 1922 1012 1989 δέ
1023 1920 1112 2007 ἀγῶ-

111 2044 168 2096 νος
181 2016 218 2085 τὸ
235 2011 345 2087 ἀθλον
360 2029 430 2107 είση
445 2018 613 2105 ἀναγνοάς
630 2018 667 2089 τδ
683 2029 798 2107 μῆλον.

193 2125 292 2184 ΠΛΡ.
316 2115 398 2200 Φέρ’
414 2123 475 2185 ίδω
496 2126 529 2186 τί
547 2123 601 2187 καὶ
614 2121 779 2206 βούλεται.
804 2119 848 2187 Ἡ
859 2126 1001 2202 ΚΑΛΗ,
1018 2124 1110 2202 φησί,
1129 2128 1180 2182 259

110 2226 303 2288 AABEm.
335 2226 404 2297 πῶς
422 2215 466 2287 ἀν
480 2212 559 2306 οὖν,
583 2215 766 2289 ἀδέσποτα
783 2218 901 2307 Ἑρμῆ,
928 2224 1112 2303 δυνηθείην

110 2316 175 2405 έγώ
196 2315 321 2403 θνητὸς
341 2316 440 2397 αὐτὸς
461 2322 516 2386 καί
537 2317 691 2405 ἀγροῖκος
713 2318 762 2388 ἀν
779 2317 933 2403 δικαστὴς
953 2318 1111 2401 γενέσθαι

109 2418 300 2500 παραδόξου
316 2421 398 2496 θέας
413 2420 467 2485 καὶ
486 2423 632 2503 μείζονος
649 2413 670 2504 ἢ
685 2415 768 2486 κατά
784 2416 971 2504 βουκόλους
991 2412 1030 2480 τά
1047 2410 1110 2497 γάρ

108 2523 246 2584 τοιαῦτα
261 2522 389 2600 κρίνειν
403 2524 471 2583 τῶν
487 2514 602 2603 ἁβρῶν
615 2524 744 2602 μᾶλλον
757 2517 813 2584 καὶ
829 2514 991 2582 ἀστικῶν·
1019 2509 1055 2578 τὸ
1074 2510 1111 2579 δὲ

59 2657 62 2661 ’
108 2615 206 2702 ἐμόν,
232 2613 308 2701 αίγα
322 2615 383 2699 μὲν
397 2611 489 2700 αίγός
506 2611 647 2700 ὁποτέρα
662 2622 807 2683 καλλίων
823 2617 878 2681 καὶ
893 2614 1036 2699 δάμαλιν
1050 2611 1111 2679 ἀλ-

108 2723 168 2799 λης
195 2714 383 2801 δαμάλεως,
416 2710 488 2797 τάχ’
516 2708 560 2779 ἀν
585 2712 754 2800 δικάσαιμι
780 2710 864 2780 κατά
888 2712 951 2798 τὴν
974 2714 1110 2797 τέχνην

108 2818 137 2881 8.
162 2803 261 2879 αὗται
276 2814 311 2878 δὲ
325 2818 430 2878 πᾶσαί
441 2836 476 2878 τε
490 2808 611 2896 Ιὁμοίως
625 2815 722 2879 καλαὶ
735 2814 789 2879 καὶ
807 2808 869 2878 οὐκ
884 2807 948 2878 οἷδ’
962 2808 1052 2887 ὅπως
1066 2808 1110 2876 ἀν

107 2937 157 2989 τις
174 2907 239 2978 άπδ
258 2916 314 2995 τῆς
335 2910 446 2991 ἑτέρας
462 2911 512 2977 ἐπὶ
533 2907 595 2994 τὴν
616 2911 730 2993 ἑτέραν
749 2910 927 2996 μεταγάγοι
948 2906 1010 2995 τὴν
1030 2908 1111 2988 ὄψιν

108 3004 320 3084 ἀποσπάσας·
354 3004 395 3074 οὐ
419 3005 483 3091 γάρ
506 3009 614 3076 έθέλει
637 3006 841 3094 ἀφίστασθαι
865 3012 1002 3098 ῥᾳδίως,
1034 3004 1108 3076 ἀλλ’

1 3116 2 3133 ³
108 3112 194 3175 ἔνθα
205 3101 249 3174 ἀν
261 3104 419 3195 ἀπερείσῃ
428 3104 465 3174 τὸ
477 3114 624 3192 πρῶτον,
640 3107 761 3175 τούτου
772 3114 876 3193 ἔχεται
889 3110 944 3175 καὶ
954 3105 991 3175 τδ
1002 3104 1112 3192 παρὸν

107 3208 250 3273 ἐπαινεῖ·
278 3197 342 3271 κάν
358 3202 411 3271 ἐπ’
435 3203 516 3273 ἀλλο
536 3213 677 3294 μεταβῇ,
701 3204 834 3274 κάκεῖνο
849 3204 953 3273 καλὸν
973 3203 1036 3294 δρᾷ
1056 3208 1111 3274 καὶ

108 3304 291 3388 παραμένει
306 3301 361 3369 καί
381 3298 447 3369 ὑπὸ
471 3308 538 3369 τῶν
558 3311 699 3388 πλησίον
721 3301 1030 3390 παραλαμβάνεται,
1056 3306 1111 3373 καί

109 3398 194 3481 ὅλως
207 3403 421 3486 περικέχυταί
432 3428 489 3487 μοι
501 3399 539 3469 τδ
560 3404 680 3480 κάλλος
694 3399 805 3468 αὐτῶν
819 3403 874 3468 καὶ
890 3400 971 3471 ὅλον
986 3408 1105 3481 περιεί-
