2550 3825
529 190 707 250 ΤΙΜΩΝ.
1072 190 1115 253 55

114 384 117 388 ·
198 353 248 417 51.
286 355 380 417 ΤΙΜ.
412 356 505 428 Πως;
533 348 588 417 διὰ
609 346 675 436 γὰρ
697 347 734 416 τό
757 347 801 436 μη
819 355 907 435 ἔχειν
926 349 1013 419 ὅπλα
1035 348 1114 418 οῦδὲ

0 468 1 471 ’
114 444 340 533 προύγράφην
354 448 390 513 ἐν
402 452 448 536 τῷ
463 447 644 537 καταλόγῳ.

197 552 314 614 ΔΗΜ.
338 546 467 629 Μέτρια
478 540 518 610 τά
529 544 605 627 περὶ
615 549 741 610 σαυτοῦ
750 544 867 630 λέγεις,
881 542 974 631 ἡμεῖς
985 549 1022 614 δὲ
1031 545 1114 633 ἀχό-

115 662 221 729 ριστοι
235 637 279 709 ἀν
289 652 402 727 εῖημεν
416 639 694 727 ἀμνημονοῦντες.
719 646 790 725 „zu
803 642 840 709 δὲ
853 645 908 711 καὶ
919 652 1112 730 ψηφίσματα
1133 664 1181 720 165

114 740 280 827 ,γράφων
290 742 345 807 καλ
354 739 591 826 ξυμβουλεύων
601 738 656 805 καὶ
664 746 857 824 στρατηγῶν
865 738 907 807 οῦ
915 740 1017 827 μικροὶ
1025 739 1115 828 ἀφέ-

114 846 218 923 ,,λησε
232 833 294 923 τὴν
307 835 421 903 πόλιν·
444 838 495 903 ἐπὶ
509 834 640 913 τούτοις
660 832 764 902 ἅπασι
784 837 934 923 δεδόχθω
947 848 987 928 τῇ
1006 846 1114 929 βουλῇ

113 937 193 1021 „nal
205 942 250 1025 τῷ
266 935 360 1024 δήμω
374 938 429 1002 καὶ
442 942 482 1023 τῇ
490 932 620 1023 Ἡλιαίᾳ
635 931 718 1001 κατὰ
730 931 839 1018 φυλὰς
851 937 906 1003 καί
918 950 987 1015 τοῖς
997 936 1114 1024 δήμοις

113 1036 205 1121 ,,ίδίηι
226 1032 281 1099 καὶ
301 1028 399 1121 κοινῇ
420 1038 501 1100 πᾶσι
521 1037 670 1118 χρυσοῦν
690 1030 872 1117 ἀναστῆσαι
894 1030 955 1100 τόν
980 1041 1114 1120 Τίμωνα

1 1127 4 1137 ’
113 1127 226 1218 ,μταρά
240 1126 303 1217 τὴν
312 1127 459 1217 Ἀθηνάν
473 1132 511 1198 ἐν
526 1137 566 1218 τῇ
580 1126 761 1215 ἀκροπόλει
774 1128 942 1213 κεραυνὸν
952 1134 990 1199 ἐν
1002 1140 1043 1219 τῇ
1058 1136 1114 1199 δε-

112 1235 189 1317 ,,ξιᾷ
204 1233 319 1314 ἔχοντα
333 1229 387 1295 καὶ
400 1224 535 1306 ἀκτῖνας
549 1223 629 1294 ἕπτά
647 1225 700 1294 ἐπὶ
712 1232 753 1313 τῇ
768 1232 898 1313 κεφαλῇ
913 1229 969 1294 καὶ
990 1247 1114 1314 στεφα-

112 1334 242 1414 ,μοῦσαι
249 1321 353 1392 αὐτόν
360 1326 494 1411 χρυσοῖς
502 1323 680 1410 στεφάνοις
688 1324 743 1391 καί
749 1320 1025 1411 ἀνακηρυχθῆναι
1035 1324 1114 1405 τοῦς

111 1423 324 1511 ,,στεφόνους
344 1421 488 1509 τήμερον
500 1428 695 1501 Διονυσίοις
714 1425 896 1511 τραγῳδοῖς
915 1438 1057 1502 καινοῖς·
1070 1462 1114 1473 -
1131 1451 1183 1506 ιςς

111 1519 280 1611 ,,ἀχθῇναι
291 1518 356 1607 γάρ
368 1516 414 1587 δι’
427 1516 531 1587 αὐτόν
547 1522 600 1587 δεῖ
606 1518 750 1605 τήμερον
760 1515 800 1585 τὰ
812 1519 982 1587 Διονύσια.
994 1562 1029 1570 -
1044 1517 1113 1588 εἷπε

111 1615 511 1705 ,,τὴνγνόμηνΔημέαςὸ
522 1617 643 1706 ῥήτωρ,
654 1613 931 1703 συγγενὴςαάτοῦ
941 1615 1114 1704 ἀγχιστεὺς

110 1719 190 1801 ,μιαί
207 1712 358 1803 μαθητὴς
373 1712 435 1782 όόν·
463 1717 518 1782 καὶ
531 1711 596 1800 γάρ
610 1713 720 1803 ῥήτωρ
742 1712 907 1800 ἀριστοςὸ
926 1721 1039 1801 Τίμων
1058 1718 1112 1784 καὶ
1131 1738 1181 1795 167

111 1811 175 1901 „ui
190 1811 274 1881 ἀλλα
290 1813 399 1879 πάντα
414 1810 520 1879 ὁπόσα
536 1808 580 1879 ἀν
596 1814 730 1900 ἐθέλη.“
773 1816 823 1878 52.
850 1813 950 1880 Τουτὶ
966 1811 1028 1898 μὲν
1048 1806 1112 1881 οὖν
1129 1840 1182 1893 163

109 1931 166 1980 σοι
187 1909 223 1980 τό
241 1910 405 1998 ψήφισμα.
435 1907 499 1995 ἐγω
522 1911 558 1977 δὲ
578 1906 708 1978 καὶτὸν
726 1908 803 1979 υίόν
819 1910 1007 1999 ἐβουλόμην
1027 1908 1113 1998 ἀγα-

108 2024 184 2096 γεῖν
198 2006 287 2093 παρὰ
302 2009 355 2094 σε’,
371 2005 411 2076 δν
425 2011 478 2076 ἐπὶ
490 2016 536 2096 τῷ
553 2014 600 2096 σςό
615 2005 753 2095 ὀνόματι
772 2015 906 2095 Τίμωνα
922 2007 1089 2096 ὠνόμακα.

199 2114 294 2176 ΤΙΜ.
315 2114 410 2192 Πῦς,
425 2099 453 2172 οἶ
467 2109 600 2192 Δημέα,
622 2103 659 2185 ὃς
674 2104 753 2175 οῦδὲ
765 2106 973 2192 γεγάμηκας,
995 2105 1059 2175 ὅσα
1073 2133 1111 2176 νε

107 2208 165 2274 καὶ
178 2201 264 2292 ἡμᾶς
278 2205 416 2284 είδέναι;

194 2309 310 2371 ΔΗΜ.
329 2297 423 2369 'Am
435 2305 546 2386 γαμῶ,
558 2295 602 2386 ἢν
613 2304 693 2390 διδῷ
703 2301 795 2386 θεός,
807 2303 840 2379 ἐς
850 2304 956 2369 νέωτα
966 2303 1022 2369 καὶ
1032 2325 1111 2368 παι·
1206 2311 1209 2315 ’

107 2401 329 2488 δοποιησομαι
343 2395 447 2466 καὶτὸ
461 2398 759 2484 γεννηθησόμενον
772 2438 815 2449 -
825 2396 929 2483 ἄρρεν
944 2395 1007 2484 γὰρ
1020 2403 1110 2467 ἔσται

111 2541 149 2552 -
169 2505 303 2584 Τίμωνα
313 2496 377 2583 ἤδη
392 2503 490 2565 καλῶ.

198 2602 291 2664 ΤΙΜ.
314 2593 387 2665 Οὐκ
399 2593 488 2681 οἶδα,
501 2601 531 2663 εί
540 2594 699 2682 γαμήσεις
709 2590 774 2681 ἔτι,
786 2587 814 2662 οἷ
824 2585 939 2681 οὗτος,
950 2595 1110 2682 τηλικαῦ-

106 2719 171 2782 την
185 2690 264 2776 παρ’
282 2695 366 2778 ἐμοῦ
380 2691 511 2778 πληγὴν
527 2691 716 2780 λαμβάνων.

192 2796 308 2858 ΔΗΜ.
325 2797 441 2876 Οίμοι·
455 2795 490 2857 τί
497 2797 613 2873 τοῦτος
627 2795 801 2877 τυραννίδι
813 2796 926 2876 Τίμων
937 2794 1110 2878 ἐπιχειρεῖς

104 2888 163 2956 καὶ
173 2886 306 2964 τύπτεις
315 2883 395 2964 τοῦς
406 2889 605 2971 ἐλευθέρους
617 2885 659 2954 οῦ
672 2895 831 2974 καθαρῶς
844 2891 1022 2973 ἐλεύθερος
1031 2888 1106 2959 οὐδ’

104 2981 208 3063 ἀστός
218 2981 282 3066 ἀνς
301 2981 385 3052 ἀλλά
398 2985 516 3064 δόσεις
528 2987 565 3052 ἐν
574 2985 665 3072 τείχει
679 2985 741 3073 τὴν
751 2990 848 3072 δίκην
857 2985 899 3053 τό
908 3011 944 3054 τε
955 2983 1039 3055 ἀλλα
1052 2991 1108 3058 καὶ

1 3083 2 3096 ’
104 3082 158 3152 ὅτι
171 3081 235 3166 τὴν
248 3077 432 3166 ἀκρόπολιν
447 3085 636 3168 ἐνέπρησας.

190 3184 242 3246 53.
269 3185 363 3246 ΤΙΜ.
378 3176 465 3247 Ἀλλ’
479 3176 541 3247 οὐκ
553 3183 792 3268 ἐμπέπρησται,
805 3173 831 3246 τό
842 3183 942 3266 μιαρέ
945 3229 955 3266 ,
972 3178 1109 3271 ἡάκρό-
1127 3203 1178 3258 169

104 3284 220 3355 πόλις·
243 3273 326 3343 ὥστε
341 3281 440 3364 δῆλος
455 3272 485 3343 εί
498 3286 729 3364 συκοφαντῶν.

182 3380 301 3442 ΔΗΜ.
312 3369 469 3442 Ἀλλάκαὶ
478 3383 631 3454 πλουτεῖς
638 3374 698 3445 τόν
707 3372 936 3458 ὀπισθόδομον
944 3377 1106 3462 διορύξας.
