2550 3825
468 184 728 245 ΝΙΓΡΙΝΟΣ.
1059 182 1102 243 25

105 365 191 424 φοις,
208 344 290 409 ένιοι
306 344 342 409 δὲ
358 344 413 409 καὶ
429 346 564 428 στέφειν
577 340 636 421 τάς
654 343 775 430 στήλας
792 343 952 429 άνθεσιν,
968 338 1103 430 εύήθεις

103 444 150 507 έτι
169 444 225 507 καί
246 437 335 525 παρά
359 440 421 527 τήν
438 438 597 529 τελευτήν
617 446 840 529 διαμένοντες.
882 449 933 512 31.
961 441 1102 522 εἰκάζειν

104 528 166 603 ούν
181 532 287 623 ήξίου,
299 544 334 605 τί
344 542 528 623 πέπρακται
548 539 679 620 τούτοις
699 539 788 627 παρά
808 539 869 610 τὸν
884 548 970 629 βίον,
988 546 1018 607 εί
1030 566 1102 607 τοι-

102 643 187 701 αῦτα
206 638 281 720 περὶ
304 646 372 705 τῶν
392 636 474 724 μετά
499 638 560 707 τδυ
579 647 657 726 βίον
676 642 930 727 ἐπισκήπτουσι·
961 638 1102 716 τούτους

100 730 167 819 γάρ
183 732 269 803 εἶναι
289 733 367 814 τούς
381 734 418 805 τό
444 739 619 817 πολυτελὲς
642 738 727 820 ὄψον
748 737 960 826 ὠνουμένους
974 739 1029 806 καί
1042 733 1102 804 τδν

102 830 198 900 οἶνον
213 836 251 900 έν
266 846 334 913 τοῖς
349 842 546 922 συμποσίοις
560 834 643 923 μετά
658 837 791 924 κρόκων
801 864 836 906 τε
850 838 905 905 καὶ
916 834 1100 921 ἀρωμάτων
1121 847 1156 904 78

101 931 286 1019 ἐκχέοντας,
305 930 386 1011 τούς
406 935 510 1019 μέσου
529 942 690 1021 χειμῶνος
710 939 974 1022 ἐμπιπλαμένους
989 933 1101 1020 ῥόδων

14 1114 16 1129 ι
102 1031 157 1097 καὶ
174 1026 213 1097 τύ
228 1030 372 1099 σπάνιον
388 1031 499 1101 αύτοίν
515 1036 571 1102 καὶ
584 1032 675 1118 παρά
693 1031 814 1119 καιρδν
830 1032 1044 1119 ἀγαπῶντας,
1062 1029 1100 1099 τδ

21 1132 29 1143 ’
102 1125 134 1193 δ’
148 1130 187 1195 έν
197 1136 302 1219 καιρῷ
313 1132 367 1198 καὶ
378 1130 463 1199 κατά
474 1133 580 1218 φύσιν
591 1132 636 1211 ὡς
648 1130 776 1211 εύτελές
787 1129 1100 1217 ὑπερηφανοῦντας·

101 1223 245 1305 τούτους
266 1226 350 1296 εἶναι
372 1228 452 1308 τούς
472 1235 526 1299 καὶ
545 1229 586 1297 τά
608 1230 699 1316 μύρα
715 1237 883 1314 πίνοντας,
900 1227 988 1297 δκαί
1002 1226 1102 1313 μάλι-

102 1343 163 1390 στα
187 1327 342 1410 διέσυρεν
364 1324 493 1414 αὐτῶν,
514 1328 565 1397 ὅτι
579 1331 663 1415 μηδὲ
678 1336 823 1415 χρῆσθαι
838 1338 927 1396 ίσασι
941 1341 1012 1406 ταῖς
1028 1330 1102 1394 ἑπι-

102 1429 252 1508 θυμίαις,
268 1421 350 1493 άλλά
366 1423 431 1493 κάν
445 1428 580 1507 ταύταις
593 1434 826 1512 παρανομοῦσι
840 1426 895 1493 καὶ
908 1423 988 1503 τούς
1001 1422 1102 1510 ὅρους

102 1526 282 1608 συγχέουσι
304 1524 476 1593 πάντοθεν
495 1534 535 1615 τῇ
551 1533 664 1613 τρυφή
688 1524 893 1610 παραδόντες
912 1521 1024 1592 αὑτοῖν
1043 1520 1102 1600 τάς

104 1617 212 1706 ψυχάς
227 1636 353 1707 πατεῖν,
369 1626 424 1691 καί
440 1633 537 1691 τούτο
554 1622 646 1711 δήτὸ
662 1628 700 1692 έν
712 1638 782 1701 ταῖς
792 1628 988 1713 τραγῳδίαις
998 1648 1035 1689 τε
1048 1623 1101 1688 καὶ

103 1721 292 1807 κωμῳδίαις
306 1720 499 1806 λεγόμενον,
516 1720 580 1807 ήδη
598 1725 653 1788 καὶ
666 1719 756 1805 παρά
767 1721 881 1803 θύραν
897 1718 1101 1805 είσβιαζόμε-
1122 1720 1155 1774 74

102 1842 165 1883 νοι.
192 1816 407 1904 σολοικισμὸν
427 1813 492 1886 οὖν
516 1820 625 1888 ἐκάλει
640 1817 677 1886 τδ
701 1825 854 1886 τοιούτου
873 1824 941 1884 τῶν
956 1814 1099 1902 ἡδονῶν.

101 1920 151 1983 32.
176 1910 242 1982 άπύ
258 1916 293 1983 δέ
313 1923 370 2002 τῆς
393 1915 496 2004 αὐτῆς
515 1920 651 2005 γνάμης
673 1916 807 1986 κάκεῖνο
825 1923 938 2002 ἔλεγεν
957 1914 1102 2002 ἀτεχνῶς

103 2021 163 2080 τοῦ
183 2013 318 2099 Μώμου
344 2012 404 2082 τὸν
433 2016 536 2101 λόγου
557 2017 798 2102 μιμησάμενος·
827 2012 870 2093 άς
889 2013 953 2100 γάρ
977 2017 1101 2089 ἐκεῖνος

101 2112 266 2197 ἐμέμφετο
280 2117 341 2178 τού
351 2113 479 2196 ταύρου
491 2111 554 2182 τδν
563 2112 769 2200 δημιουργὸν
782 2112 867 2180 θεὸν
878 2110 919 2180 ού
930 2114 1101 2197 προθέντα

102 2214 170 2275 τῶν
186 2205 375 2293 ὀφθαλμῶν
396 2208 437 2277 τά
452 2215 589 2296 κέρατα,
614 2211 705 2278 οὕτω
726 2211 766 2297 δή
789 2213 844 2278 καί
866 2207 967 2288 αύτδς
986 2206 1099 2298 ήτιάτο

103 2312 170 2372 τῶν
197 2309 489 2393 στεφανουμένων,
515 2307 566 2377 ὅτι
587 2307 631 2394 μή
655 2318 744 2376 ίσασι
766 2314 827 2374 τού
845 2305 1016 2391 στεφάνου
1040 2303 1100 2372 τόν

102 2403 224 2473 τόπον·
248 2409 279 2471 εί
291 2406 356 2491 γάρ
372 2432 433 2491 τοι,
449 2413 529 2492 ἔφη,
550 2415 591 2496 τῇ
604 2414 691 2494 πνοή
704 2413 772 2472 τῶν
786 2415 849 2472 ίων
872 2429 907 2471 τε
920 2405 976 2471 καὶ
988 2401 1100 2487 ῥόδων

102 2508 288 2586 χαίρουσιν,
303 2499 369 2569 ύπό
387 2512 426 2591 τῇ
441 2507 509 2589 ῥινί
519 2504 661 2590 μάλιστα
675 2506 775 2588 ε’χρήν
785 2498 908 2579 αύτούς
918 2503 1099 2585 στέφεσθαι

102 2599 176 2686 παρ’
194 2598 301 2686 αὐτήν
321 2598 364 2680 ὡς
387 2599 460 2670 οἷόν
480 2629 515 2670 τε
535 2601 597 2688 τήν
618 2599 803 2687 άναπνοήν,
827 2595 867 2666 ἵν’
887 2595 931 2676 ὦς
946 2606 1101 2665 πλείστου
1122 2615 1155 2669 75

104 2696 260 2768 άνέσπων
278 2706 337 2785 τῆς
355 2697 487 2786 ἡδονῆς,
531 2705 582 2768 33.
611 2700 668 2767 καὶ
683 2695 750 2783 μήν
771 2695 946 2775 κάκείνους
970 2698 1100 2780 διεγέλα

102 2795 181 2876 τούς
194 2797 389 2883 θαυμάσιόν
402 2825 478 2866 τινα
497 2796 560 2885 τήν
578 2796 730 2883 σπουδήν
743 2799 819 2881 περί
836 2794 876 2862 τά
892 2799 1009 2862 δεῖπνα
1023 2819 1100 2860 ποι-

103 2899 269 2981 ουμένους
288 2902 404 2982 χυμῶν
423 2922 459 2963 τε
479 2903 657 2974 ποικιλίαις
683 2896 739 2962 καὶ
763 2893 944 2978 πεμμάτων
965 2916 1101 2976 περιερ-

103 3001 203 3074 νίσις·
236 2997 291 3062 καί
313 2992 378 3080 γάρ
400 2988 444 3063 αύ
465 2998 519 3063 καὶ
538 2994 680 3071 τούτους
700 2999 844 3077 ἔφασκεν
869 2988 1101 3085 ὀλιγοχρονίου

104 3117 136 3160 τε
154 3095 211 3160 καί
230 3098 384 3178 βραχείας
398 3089 521 3178 ἡδονῆς
533 3098 628 3175 ἔρωτι
640 3087 764 3167 πολλάς
778 3094 1001 3175 πραγματείας
1015 3083 1100 3154 ὑπο-

103 3192 234 3276 μένειν·
258 3187 422 3276 άπέφαινε
435 3198 521 3276 γοῦν
541 3190 713 3276 τεσσάρων
734 3187 908 3255 δακτύλων
924 3183 1035 3264 αύτοῖς
1050 3188 1097 3253 εί,
1121 3189 1154 3243 76

102 3314 181 3357 νεκα
196 3287 309 3356 πάντα
322 3298 501 3357 πονεῖσθαι
514 3286 575 3356 τὸν
589 3287 709 3370 πόνον,
733 3283 783 3372 ἐφ’
798 3282 928 3364 ὅσουςὸ
943 3284 1101 3370 μήκιστος

102 3383 290 3470 άνθριύπου
306 3387 424 3473 λαιμός
438 3389 541 3455 ἐστιν·
565 3385 642 3455 οὔτε
652 3384 717 3474 γάρ
736 3386 815 3468 πρὶν
830 3387 999 3469 ἐμφαγεῖν,
1015 3379 1100 3448 άτο-
