<?xml version="1.0" encoding="UTF-8"?>
<!DOCTYPE html PUBLIC "-//W3C//DTD XHTML 1.0 Transitional//EN"
    "http://www.w3.org/TR/xhtml1/DTD/xhtml1-transitional.dtd">
<html xmlns="http://www.w3.org/1999/xhtml" xml:lang="en" lang="en">
 <head>
  <title>
</title>
<meta http-equiv="Content-Type" content="text/html;charset=utf-8" />
  <meta name='ocr-system' content='tesseract 3.04.00' />
  <meta name='ocr-capabilities' content='ocr_page ocr_carea ocr_par ocr_line ocrx_word'/>
</head>
<body>
  <div class='ocr_page' id='page_1' title='image "./lucianisamosate03jacogoog/lucianisamosate03jacogoog_0106.png"; bbox 0 0 2550 3825; ppageno 0'>
   <div class='ocr_carea' id='block_1_1' title="bbox 381 168 1086 234">
    <p class='ocr_par' dir='ltr' id='par_1_1' title="bbox 381 168 1086 234">
     <span class='ocr_line' id='line_1_1' title="bbox 381 168 1086 234; baseline 0.003 -6"><span class='ocrx_word' id='word_1_1' title='bbox 381 170 518 229; x_wconf 75' lang='grc' dir='ltr'><em>ΘΕΩΝ</em></span> <span class='ocrx_word' id='word_1_2' title='bbox 538 171 798 232; x_wconf 82' lang='grc' dir='ltr'><strong><em>ΔΙΑΛΟΓῦῙ.</em></strong></span> <span class='ocrx_word' id='word_1_3' title='bbox 1044 168 1086 234; x_wconf 80' lang='grc'><strong><em>87</em></strong></span> 
     </span>
    </p>
   </div>
   <div class='ocr_carea' id='block_1_2' title="bbox 85 326 1156 1897">
    <p class='ocr_par' dir='ltr' id='par_1_2' title="bbox 89 326 1087 1104">
     <span class='ocr_line' id='line_1_2' title="bbox 93 326 1085 419; baseline 0.003 -21"><span class='ocrx_word' id='word_1_4' title='bbox 93 338 155 400; x_wconf 83' lang='grc' dir='ltr'><strong><em>τῦν</em></strong></span> <span class='ocrx_word' id='word_1_5' title='bbox 168 331 223 400; x_wconf 83' lang='grc' dir='ltr'><strong><em>καλ</em></strong></span> <span class='ocrx_word' id='word_1_6' title='bbox 237 328 416 413; x_wconf 74' lang='grc' dir='ltr'><strong><em>ἀστραπῶν</em></strong></span> <span class='ocrx_word' id='word_1_7' title='bbox 426 326 521 415; x_wconf 79' lang='grc' dir='ltr'><strong><em>ἥκειν</em></strong></span> <span class='ocrx_word' id='word_1_8' title='bbox 535 327 614 415; x_wconf 88' lang='grc' dir='ltr'><strong><em>παρ’</em></strong></span> <span class='ocrx_word' id='word_1_9' title='bbox 631 327 751 416; x_wconf 79' lang='grc' dir='ltr'><strong><em>αὐτην·</em></strong></span> <span class='ocrx_word' id='word_1_10' title='bbox 775 329 819 410; x_wconf 84' lang='grc' dir='ltr'><strong><em>ἀς</em></strong></span> <span class='ocrx_word' id='word_1_11' title='bbox 831 333 866 400; x_wconf 75' lang='grc' dir='ltr'><strong><em>δὲ</em></strong></span> <span class='ocrx_word' id='word_1_12' title='bbox 877 337 1015 419; x_wconf 78' lang='grc' dir='ltr'><strong><em>ἐπείσθη</em></strong></span> <span class='ocrx_word' id='word_1_13' title='bbox 1031 335 1085 401; x_wconf 80' lang='grc' dir='ltr'><strong><em>καὶ</em></strong></span> 
     </span>
     <span class='ocr_line' id='line_1_3' title="bbox 93 424 1084 518; baseline 0.002 -22"><span class='ocrx_word' id='word_1_14' title='bbox 93 425 167 514; x_wconf 82' lang='grc' dir='ltr'><strong><em>ἧκεν</em></strong></span> <span class='ocrx_word' id='word_1_15' title='bbox 182 433 265 514; x_wconf 81' lang='grc' dir='ltr'><strong><em>ἔχων</em></strong></span> <span class='ocrx_word' id='word_1_16' title='bbox 281 429 335 494; x_wconf 83' lang='grc' dir='ltr'><strong><em>καὶ</em></strong></span> <span class='ocrx_word' id='word_1_17' title='bbox 351 424 410 493; x_wconf 84' lang='grc' dir='ltr'><strong><em>τὸν</em></strong></span> <span class='ocrx_word' id='word_1_18' title='bbox 423 426 608 512; x_wconf 86' lang='grc' dir='ltr'><strong><em>κεραυνόν,</em></strong></span> <span class='ocrx_word' id='word_1_19' title='bbox 624 424 791 515; x_wconf 78' lang='grc' dir='ltr'><strong><em>ἀνεφλέγη</em></strong></span> <span class='ocrx_word' id='word_1_20' title='bbox 808 427 826 497; x_wconf 85' lang='grc' dir='ltr'>ὁ</span> <span class='ocrx_word' id='word_1_21' title='bbox 841 427 982 516; x_wconf 85' lang='grc' dir='ltr'><strong><em>ὄροφος,</em></strong></span> <span class='ocrx_word' id='word_1_22' title='bbox 998 426 1084 518; x_wconf 73' lang='grc' dir='ltr'><strong><em>καὶὴ</em></strong></span> 
     </span>
     <span class='ocr_line' id='line_1_4' title="bbox 92 522 1086 614; baseline 0 -20"><span class='ocrx_word' id='word_1_23' title='bbox 92 527 215 614; x_wconf 78' lang='grc' dir='ltr'><strong><em>Σεμέλη</em></strong></span> <span class='ocrx_word' id='word_1_24' title='bbox 227 525 290 611; x_wconf 76' lang='grc' dir='ltr'><strong><em>μὲν</em></strong></span> <span class='ocrx_word' id='word_1_25' title='bbox 302 528 530 612; x_wconf 78' lang='grc' dir='ltr'><strong><em>διαφθείρεται</em></strong></span> <span class='ocrx_word' id='word_1_26' title='bbox 542 522 607 593; x_wconf 77' lang='grc' dir='ltr'><strong><em>ὑπὸ</em></strong></span> <span class='ocrx_word' id='word_1_27' title='bbox 623 532 684 592; x_wconf 87' lang='grc' dir='ltr'><strong><em>τοῦ</em></strong></span> <span class='ocrx_word' id='word_1_28' title='bbox 696 528 816 613; x_wconf 82' lang='grc' dir='ltr'><strong><em>πυρός,</em></strong></span> <span class='ocrx_word' id='word_1_29' title='bbox 834 529 890 613; x_wconf 69' lang='grc' dir='ltr'><strong><em>ἐμὲ</em></strong></span> <span class='ocrx_word' id='word_1_30' title='bbox 905 530 942 595; x_wconf 76' lang='grc' dir='ltr'><strong><em>ἀὲ</em></strong></span> <span class='ocrx_word' id='word_1_31' title='bbox 958 528 1086 595; x_wconf 81' lang='grc' dir='ltr'><strong><em>κελεύει</em></strong></span> 
     </span>
     <span class='ocr_line' id='line_1_5' title="bbox 92 621 1087 712; baseline 0.001 -20"><span class='ocrx_word' id='word_1_32' title='bbox 92 624 293 709; x_wconf 80' lang='grc' dir='ltr'><strong><em>ἀνατεμόντα</em></strong></span> <span class='ocrx_word' id='word_1_33' title='bbox 304 621 365 710; x_wconf 76' lang='grc' dir='ltr'><strong><em>τὴν</em></strong></span> <span class='ocrx_word' id='word_1_34' title='bbox 374 629 516 710; x_wconf 69' lang='grc' dir='ltr'><strong><em>γαστέρα</em></strong></span> <span class='ocrx_word' id='word_1_35' title='bbox 530 631 587 709; x_wconf 83' lang='grc' dir='ltr'><strong><em>τῆς</em></strong></span> <span class='ocrx_word' id='word_1_36' title='bbox 596 622 756 709; x_wconf 76' lang='grc' dir='ltr'><strong><em>γυναικὸς</em></strong></span> <span class='ocrx_word' id='word_1_37' title='bbox 767 623 964 712; x_wconf 79' lang='grc' dir='ltr'><strong><em>ἀνακομίσαι</em></strong></span> <span class='ocrx_word' id='word_1_38' title='bbox 975 623 1087 704; x_wconf 75' lang='grc' dir='ltr'><strong><em>ἀτελὲς</em></strong></span> 
     </span>
     <span class='ocr_line' id='line_1_6' title="bbox 91 719 1085 812; baseline 0.001 -22"><span class='ocrx_word' id='word_1_39' title='bbox 91 729 135 790; x_wconf 85' lang='grc' dir='ltr'><strong><em>ἔτι</em></strong></span> <span class='ocrx_word' id='word_1_40' title='bbox 155 719 244 812; x_wconf 74' lang='grc' dir='ltr'><strong><em>αὐτῷ</em></strong></span> <span class='ocrx_word' id='word_1_41' title='bbox 267 719 304 788; x_wconf 85' lang='grc' dir='ltr'><strong><em>τά</em></strong></span> <span class='ocrx_word' id='word_1_42' title='bbox 329 727 475 809; x_wconf 81' lang='grc' dir='ltr'><strong><em>ἔμβρυον</em></strong></span> <span class='ocrx_word' id='word_1_43' title='bbox 496 721 700 810; x_wconf 82' lang='grc' dir='ltr'><strong><em>ἑπτάμηνον·</em></strong></span> <span class='ocrx_word' id='word_1_44' title='bbox 728 727 783 792; x_wconf 76' lang='grc' dir='ltr'><strong><em>καὶ</em></strong></span> <span class='ocrx_word' id='word_1_45' title='bbox 804 722 915 811; x_wconf 78' lang='grc' dir='ltr'><strong><em>ἐπειδὴ</em></strong></span> <span class='ocrx_word' id='word_1_46' title='bbox 937 726 1085 809; x_wconf 75' lang='grc' dir='ltr'><strong><em>ἐποίησα,</em></strong></span> 
     </span>
     <span class='ocr_line' id='line_1_7' title="bbox 90 817 1085 909; baseline 0.002 -21"><span class='ocrx_word' id='word_1_47' title='bbox 90 817 207 890; x_wconf 77' lang='grc' dir='ltr'><strong><em>θιελάν</em></strong></span> <span class='ocrx_word' id='word_1_48' title='bbox 224 818 284 888; x_wconf 88' lang='grc' dir='ltr'><strong><em>τὸν</em></strong></span> <span class='ocrx_word' id='word_1_49' title='bbox 300 823 419 888; x_wconf 80' lang='grc' dir='ltr'><strong><em>ἑαυτοῦ</em></strong></span> <span class='ocrx_word' id='word_1_50' title='bbox 438 817 546 906; x_wconf 84' lang='grc' dir='ltr'><strong><em>μηρόν</em></strong></span> <span class='ocrx_word' id='word_1_51' title='bbox 569 822 758 909; x_wconf 76' lang='grc' dir='ltr'><strong><em>ἐντίθησιν,</em></strong></span> <span class='ocrx_word' id='word_1_52' title='bbox 785 822 829 901; x_wconf 83' lang='grc' dir='ltr'><strong><em>ὡς</em></strong></span> <span class='ocrx_word' id='word_1_53' title='bbox 849 819 1085 906; x_wconf 77' lang='grc' dir='ltr'><strong><em>ἀποτελεσθείη</em></strong></span> 
     </span>
     <span class='ocr_line' id='line_1_8' title="bbox 89 919 1087 1010; baseline 0.001 -22"><span class='ocrx_word' id='word_1_54' title='bbox 89 925 251 1006; x_wconf 81' lang='grc' dir='ltr'><strong><em>ἐνταῦθα,</em></strong></span> <span class='ocrx_word' id='word_1_55' title='bbox 266 923 322 989; x_wconf 79' lang='grc' dir='ltr'><strong><em>καὶ</em></strong></span> <span class='ocrx_word' id='word_1_56' title='bbox 336 927 402 988; x_wconf 91' lang='grc' dir='ltr'><strong><em>νῦν</em></strong></span> <span class='ocrx_word' id='word_1_57' title='bbox 416 926 513 1010; x_wconf 78' lang='grc' dir='ltr'><strong><em>τρίτῳ</em></strong></span> <span class='ocrx_word' id='word_1_58' title='bbox 528 919 592 1006; x_wconf 76' lang='grc' dir='ltr'><strong><em>ἤδη</em></strong></span> <span class='ocrx_word' id='word_1_59' title='bbox 606 922 685 1005; x_wconf 85' lang='grc' dir='ltr'><strong><em>μηυλ</em></strong></span> <span class='ocrx_word' id='word_1_60' title='bbox 703 922 846 1000; x_wconf 77' lang='grc' dir='ltr'><strong><em>ἐξέτεκεν</em></strong></span> <span class='ocrx_word' id='word_1_61' title='bbox 860 919 940 989; x_wconf 86' lang='grc' dir='ltr'><strong><em>αάτό</em></strong></span> <span class='ocrx_word' id='word_1_62' title='bbox 953 922 1007 989; x_wconf 82' lang='grc' dir='ltr'><strong><em>καλ</em></strong></span> <span class='ocrx_word' id='word_1_63' title='bbox 1020 947 1087 1007; x_wconf 87' lang='grc' dir='ltr'><strong><em>μοι·</em></strong></span> 
     </span>
     <span class='ocr_line' id='line_1_9' title="bbox 90 1015 591 1104; baseline -0.002 -17"><span class='ocrx_word' id='word_1_64' title='bbox 90 1027 196 1098; x_wconf 78' lang='grc' dir='ltr'><strong><em>λακῦς</em></strong></span> <span class='ocrx_word' id='word_1_65' title='bbox 209 1016 274 1086; x_wconf 76' lang='grc' dir='ltr'><strong><em>ἀπὸ</em></strong></span> <span class='ocrx_word' id='word_1_66' title='bbox 290 1027 357 1086; x_wconf 76' lang='grc' dir='ltr'><strong><em>τῶν</em></strong></span> <span class='ocrx_word' id='word_1_67' title='bbox 373 1015 503 1085; x_wconf 73' lang='grc' dir='ltr'><strong><em>ὠδίνων</em></strong></span> <span class='ocrx_word' id='word_1_68' title='bbox 518 1024 591 1104; x_wconf 78' lang='grc' dir='ltr'><strong><em>ἔχει.</em></strong></span> 
     </span>
    </p>

    <p class='ocr_par' dir='ltr' id='par_1_3' title="bbox 170 1111 847 1207">
     <span class='ocr_line' id='line_1_10' title="bbox 170 1111 847 1207; baseline 0 -21"><span class='ocrx_word' id='word_1_69' title='bbox 170 1124 274 1186; x_wconf 85' lang='grc' dir='ltr'><strong><em>ΠΟΣ.</em></strong></span> <span class='ocrx_word' id='word_1_70' title='bbox 297 1124 376 1185; x_wconf 92' lang='grc' dir='ltr'><strong><em>Νῦν</em></strong></span> <span class='ocrx_word' id='word_1_71' title='bbox 392 1111 455 1185; x_wconf 87' lang='grc' dir='ltr'><strong><em>οῦν</em></strong></span> <span class='ocrx_word' id='word_1_72' title='bbox 470 1124 536 1184; x_wconf 89' lang='grc' dir='ltr'><strong><em>ποῦ</em></strong></span> <span class='ocrx_word' id='word_1_73' title='bbox 552 1116 587 1185; x_wconf 86' lang='grc' dir='ltr'><strong><em>τά</em></strong></span> <span class='ocrx_word' id='word_1_74' title='bbox 602 1122 727 1207; x_wconf 79' lang='grc' dir='ltr'><strong><em>βρέφος</em></strong></span> <span class='ocrx_word' id='word_1_75' title='bbox 743 1123 847 1202; x_wconf 74' lang='grc' dir='ltr'><strong><em>ἑστίας</em></strong></span> 
     </span>
    </p>

    <p class='ocr_par' dir='ltr' id='par_1_4' title="bbox 88 1213 1156 1402">
     <span class='ocr_line' id='line_1_11' title="bbox 170 1213 1156 1304; baseline 0 -22"><span class='ocrx_word' id='word_1_76' title='bbox 170 1223 273 1283; x_wconf 82' lang='grc' dir='ltr'><strong><em>ΕΡΜ.</em></strong></span> <span class='ocrx_word' id='word_1_77' title='bbox 291 1213 341 1295; x_wconf 83' lang='grc' dir='ltr'><strong><em>Ἐς</em></strong></span> <span class='ocrx_word' id='word_1_78' title='bbox 354 1214 416 1302; x_wconf 77' lang='grc' dir='ltr'><strong><em>τὴν</em></strong></span> <span class='ocrx_word' id='word_1_79' title='bbox 429 1223 551 1284; x_wconf 91' lang='grc' dir='ltr'><strong><em>Νῦσαν</em></strong></span> <span class='ocrx_word' id='word_1_80' title='bbox 566 1215 769 1304; x_wconf 87' lang='grc' dir='ltr'><strong><em>ἀποκομίσας</em></strong></span> <span class='ocrx_word' id='word_1_81' title='bbox 783 1223 889 1286; x_wconf 78' lang='grc' dir='ltr'><strong><em>ἔδωκα</em></strong></span> <span class='ocrx_word' id='word_1_82' title='bbox 904 1233 974 1296; x_wconf 81' lang='grc' dir='ltr'><strong><em>ταῖς</em></strong></span> <span class='ocrx_word' id='word_1_83' title='bbox 983 1225 1084 1304; x_wconf 84' lang='grc' dir='ltr'><strong><em>Νυμ-</em></strong></span> <span class='ocrx_word' id='word_1_84' title='bbox 1102 1227 1156 1282; x_wconf 73' lang='lat'><strong><em>22⁹</em></strong></span> 
     </span>
     <span class='ocr_line' id='line_1_12' title="bbox 88 1311 861 1402; baseline 0.003 -22"><span class='ocrx_word' id='word_1_85' title='bbox 88 1341 165 1400; x_wconf 91' lang='grc' dir='ltr'><strong><em>φαις</em></strong></span> <span class='ocrx_word' id='word_1_86' title='bbox 182 1311 380 1401; x_wconf 83' lang='grc' dir='ltr'><strong><em>ἀνατρέφειν</em></strong></span> <span class='ocrx_word' id='word_1_87' title='bbox 394 1315 567 1382; x_wconf 86' lang='grc' dir='ltr'><strong><em>Διόνυσον</em></strong></span> <span class='ocrx_word' id='word_1_88' title='bbox 581 1318 861 1402; x_wconf 80' lang='grc' dir='ltr'><strong><em>ἐπονομασθέντα.</em></strong></span> 
     </span>
    </p>

    <p class='ocr_par' dir='ltr' id='par_1_5' title="bbox 87 1409 1084 1599">
     <span class='ocr_line' id='line_1_13' title="bbox 172 1409 1084 1499; baseline 0.003 -19"><span class='ocrx_word' id='word_1_89' title='bbox 172 1420 272 1482; x_wconf 84' lang='grc' dir='ltr'><strong><em>ΠΟΣ.</em></strong></span> <span class='ocrx_word' id='word_1_90' title='bbox 296 1409 431 1480; x_wconf 88' lang='grc' dir='ltr'><strong><em>Οῦκοῦυ</em></strong></span> <span class='ocrx_word' id='word_1_91' title='bbox 445 1412 615 1499; x_wconf 88' lang='grc' dir='ltr'><strong><em>ἀμφότερα</em></strong></span> <span class='ocrx_word' id='word_1_92' title='bbox 630 1422 691 1482; x_wconf 91' lang='grc' dir='ltr'><strong><em>τοῦ</em></strong></span> <span class='ocrx_word' id='word_1_93' title='bbox 702 1415 878 1483; x_wconf 81' lang='grc' dir='ltr'><strong><em>Διονύσου</em></strong></span> <span class='ocrx_word' id='word_1_94' title='bbox 890 1416 1012 1483; x_wconf 90' lang='grc' dir='ltr'><strong><em>τοῦτον</em></strong></span> <span class='ocrx_word' id='word_1_95' title='bbox 1030 1417 1084 1483; x_wconf 74' lang='grc' dir='ltr'><strong><em>καὶ</em></strong></span> 
     </span>
     <span class='ocr_line' id='line_1_14' title="bbox 87 1508 698 1599; baseline 0 -20"><span class='ocrx_word' id='word_1_96' title='bbox 87 1512 193 1599; x_wconf 77' lang='grc' dir='ltr'><strong><em>μήτηρ</em></strong></span> <span class='ocrx_word' id='word_1_97' title='bbox 211 1515 265 1579; x_wconf 80' lang='grc' dir='ltr'><strong><em>καὶ</em></strong></span> <span class='ocrx_word' id='word_1_98' title='bbox 278 1509 385 1598; x_wconf 82' lang='grc' dir='ltr'><strong><em>πατὴρ</em></strong></span> <span class='ocrx_word' id='word_1_99' title='bbox 400 1508 417 1578; x_wconf 86' lang='grc' dir='ltr'>ὁ</span> <span class='ocrx_word' id='word_1_100' title='bbox 433 1509 577 1597; x_wconf 80' lang='grc' dir='ltr'><strong><em>ἀδελφός</em></strong></span> <span class='ocrx_word' id='word_1_101' title='bbox 593 1515 698 1595; x_wconf 81' lang='grc' dir='ltr'><strong><em>ἑστιν;</em></strong></span> 
     </span>
    </p>

    <p class='ocr_par' dir='ltr' id='par_1_6' title="bbox 85 1603 1085 1897">
     <span class='ocr_line' id='line_1_15' title="bbox 170 1603 1084 1702; baseline 0.001 -23"><span class='ocrx_word' id='word_1_102' title='bbox 170 1618 273 1680; x_wconf 82' lang='grc' dir='ltr'><em>ΕΡΜ.</em></span> <span class='ocrx_word' id='word_1_103' title='bbox 296 1609 435 1679; x_wconf 79' lang='grc' dir='ltr'><strong><em>Ἔοικεν.</em></strong></span> <span class='ocrx_word' id='word_1_104' title='bbox 468 1609 583 1697; x_wconf 76' lang='grc' dir='ltr'><strong><em>ἀπειμι</em></strong></span> <span class='ocrx_word' id='word_1_105' title='bbox 603 1609 633 1678; x_wconf 77' lang='grc' dir='ltr'><strong><em>θ’</em></strong></span> <span class='ocrx_word' id='word_1_106' title='bbox 653 1603 716 1678; x_wconf 84' lang='grc' dir='ltr'><strong><em>οὖν</em></strong></span> <span class='ocrx_word' id='word_1_107' title='bbox 732 1609 824 1698; x_wconf 79' lang='grc' dir='ltr'><strong><em>ῦάοιρ</em></strong></span> <span class='ocrx_word' id='word_1_108' title='bbox 842 1609 931 1702; x_wconf 75' lang='grc' dir='ltr'><strong><em>αὐτῷ</em></strong></span> <span class='ocrx_word' id='word_1_109' title='bbox 947 1610 1030 1695; x_wconf 87' lang='grc' dir='ltr'><strong><em>πράς</em></strong></span> <span class='ocrx_word' id='word_1_110' title='bbox 1046 1610 1084 1680; x_wconf 83' lang='grc' dir='ltr'><strong><em>τὰ</em></strong></span> 
     </span>
     <span class='ocr_line' id='line_1_16' title="bbox 88 1707 1085 1798; baseline 0.001 -20"><span class='ocrx_word' id='word_1_111' title='bbox 88 1719 217 1798; x_wconf 88' lang='grc' dir='ltr'><strong><em>τραῦμα</em></strong></span> <span class='ocrx_word' id='word_1_112' title='bbox 235 1720 337 1779; x_wconf 76' lang='grc' dir='ltr'><strong><em>οίσοιν</em></strong></span> <span class='ocrx_word' id='word_1_113' title='bbox 356 1712 411 1777; x_wconf 86' lang='grc' dir='ltr'><strong><em>καλ</em></strong></span> <span class='ocrx_word' id='word_1_114' title='bbox 430 1708 470 1776; x_wconf 89' lang='grc' dir='ltr'><strong><em>τά</em></strong></span> <span class='ocrx_word' id='word_1_115' title='bbox 487 1707 570 1778; x_wconf 85' lang='grc' dir='ltr'><strong><em>ἀλλα</em></strong></span> <span class='ocrx_word' id='word_1_116' title='bbox 587 1711 736 1797; x_wconf 84' lang='grc' dir='ltr'><strong><em>ποιήσων</em></strong></span> <span class='ocrx_word' id='word_1_117' title='bbox 758 1710 781 1778; x_wconf 83' lang='grc' dir='ltr'><strong><em>ἀ</em></strong></span> <span class='ocrx_word' id='word_1_118' title='bbox 795 1718 957 1798; x_wconf 77' lang='grc' dir='ltr'><strong><em>νομίζεται</em></strong></span> <span class='ocrx_word' id='word_1_119' title='bbox 974 1711 1085 1797; x_wconf 75' lang='grc' dir='ltr'><strong><em>ὥσπερ</em></strong></span> 
     </span>
     <span class='ocr_line' id='line_1_17' title="bbox 85 1820 181 1897; baseline -0.01 -17"><span class='ocrx_word' id='word_1_120' title='bbox 85 1820 181 1897; x_wconf 75' lang='grc' dir='ltr'><strong><em>λεχοῖ.</em></strong></span> 
     </span>
    </p>
   </div>
   <div class='ocr_carea' id='block_1_3' title="bbox 483 1945 686 1955">
    <p class='ocr_par' dir='ltr' id='par_1_7' title="bbox 483 1945 686 1955">
     <span class='ocr_line' id='line_1_18' title="bbox 483 1945 686 1955; baseline 0.01 -2"><span class='ocrx_word' id='word_1_121' title='bbox 483 1945 686 1955; x_wconf 78' lang='lat'><strong>——-—-—-—</strong></span> 
     </span>
    </p>
   </div>
   <div class='ocr_carea' id='block_1_4' title="bbox 356 2052 815 2219">
    <p class='ocr_par' dir='ltr' id='par_1_8' title="bbox 356 2052 815 2219">
     <span class='ocr_line' id='line_1_19' title="bbox 561 2052 609 2117; baseline -0.083 0"><span class='ocrx_word' id='word_1_122' title='bbox 561 2052 609 2117; x_wconf 85' lang='lat'><strong><em>10.</em></strong></span> 
     </span>
     <span class='ocr_line' id='line_1_20' title="bbox 356 2162 815 2219; baseline 0.007 -5"><span class='ocrx_word' id='word_1_123' title='bbox 356 2162 524 2215; x_wconf 76' lang='grc' dir='ltr'><strong><em>Εεοιον</em></strong></span> <span class='ocrx_word' id='word_1_124' title='bbox 547 2166 629 2218; x_wconf 72' lang='lat' dir='ltr'><strong><em>zm</em></strong></span> <span class='ocrx_word' id='word_1_125' title='bbox 656 2165 815 2219; x_wconf 77' lang='grc' dir='ltr'><strong><em>ιιιιον,</em></strong></span> 
     </span>
    </p>
   </div>
   <div class='ocr_carea' id='block_1_5' title="bbox 81 2290 1088 3450">
    <p class='ocr_par' dir='ltr' id='par_1_9' title="bbox 84 2290 1087 2774">
     <span class='ocr_line' id='line_1_21' title="bbox 170 2290 1085 2384; baseline -0.001 -23"><span class='ocrx_word' id='word_1_126' title='bbox 170 2298 199 2361; x_wconf 93' lang='grc'><strong><em>1.</em></strong></span> <span class='ocrx_word' id='word_1_127' title='bbox 221 2300 324 2364; x_wconf 81' lang='grc' dir='ltr'><strong><em>ΕΡΜ.</em></strong></span> <span class='ocrx_word' id='word_1_128' title='bbox 342 2290 496 2382; x_wconf 78' lang='grc' dir='ltr'><strong><em>ὮἭλιε,</em></strong></span> <span class='ocrx_word' id='word_1_129' title='bbox 511 2294 556 2382; x_wconf 77' lang='grc' dir='ltr'><strong><em>μὴ</em></strong></span> <span class='ocrx_word' id='word_1_130' title='bbox 568 2296 687 2384; x_wconf 83' lang='grc' dir='ltr'><strong><em>έλάσης</em></strong></span> <span class='ocrx_word' id='word_1_131' title='bbox 697 2298 856 2383; x_wconf 87' lang='grc' dir='ltr'><strong><em>τήμερον,</em></strong></span> <span class='ocrx_word' id='word_1_132' title='bbox 868 2293 885 2362; x_wconf 87' lang='grc' dir='ltr'>ὁ</span> <span class='ocrx_word' id='word_1_133' title='bbox 897 2294 981 2372; x_wconf 87' lang='grc' dir='ltr'><strong><em>Ζεῦς</em></strong></span> <span class='ocrx_word' id='word_1_134' title='bbox 992 2314 1085 2379; x_wconf 92' lang='grc' dir='ltr'><strong><em>φησι,</em></strong></span> 
     </span>
     <span class='ocr_line' id='line_1_22' title="bbox 86 2390 1085 2481; baseline -0.003 -21"><span class='ocrx_word' id='word_1_135' title='bbox 86 2393 168 2480; x_wconf 74' lang='grc' dir='ltr'><strong><em>μηδὲ</em></strong></span> <span class='ocrx_word' id='word_1_136' title='bbox 193 2390 313 2478; x_wconf 88' lang='grc' dir='ltr'><strong><em>αῦριου</em></strong></span> <span class='ocrx_word' id='word_1_137' title='bbox 326 2394 408 2479; x_wconf 76' lang='grc' dir='ltr'><strong><em>μηδὲ</em></strong></span> <span class='ocrx_word' id='word_1_138' title='bbox 431 2397 463 2472; x_wconf 82' lang='grc' dir='ltr'><strong><em>ἐς</em></strong></span> <span class='ocrx_word' id='word_1_139' title='bbox 479 2401 592 2481; x_wconf 90' lang='grc' dir='ltr'><strong><em>τρίτην</em></strong></span> <span class='ocrx_word' id='word_1_140' title='bbox 610 2392 752 2480; x_wconf 80' lang='grc' dir='ltr'><strong><em>ἡμέραν,</em></strong></span> <span class='ocrx_word' id='word_1_141' title='bbox 778 2390 861 2461; x_wconf 86' lang='grc' dir='ltr'><strong><em>ἀλλά</em></strong></span> <span class='ocrx_word' id='word_1_142' title='bbox 882 2396 981 2460; x_wconf 78' lang='grc' dir='ltr'><strong><em>ένῦου</em></strong></span> <span class='ocrx_word' id='word_1_143' title='bbox 996 2394 1085 2476; x_wconf 84' lang='grc' dir='ltr'><strong><em>μένε,</em></strong></span> 
     </span>
     <span class='ocr_line' id='line_1_23' title="bbox 85 2489 1086 2577; baseline -0.003 -19"><span class='ocrx_word' id='word_1_144' title='bbox 85 2494 141 2561; x_wconf 83' lang='grc' dir='ltr'><strong><em>καλ</em></strong></span> <span class='ocrx_word' id='word_1_145' title='bbox 154 2489 192 2560; x_wconf 86' lang='grc' dir='ltr'><strong><em>τά</em></strong></span> <span class='ocrx_word' id='word_1_146' title='bbox 208 2489 329 2577; x_wconf 83' lang='grc' dir='ltr'><strong><em>μεταξά</em></strong></span> <span class='ocrx_word' id='word_1_147' title='bbox 344 2498 401 2576; x_wconf 88' lang='grc' dir='ltr'><strong><em>μία</em></strong></span> <span class='ocrx_word' id='word_1_148' title='bbox 421 2518 470 2570; x_wconf 88' lang='grc' dir='ltr'><strong><em>τις</em></strong></span> <span class='ocrx_word' id='word_1_149' title='bbox 484 2498 566 2560; x_wconf 80' lang='grc' dir='ltr'><strong><em>ἔσται</em></strong></span> <span class='ocrx_word' id='word_1_150' title='bbox 587 2490 649 2571; x_wconf 81' lang='grc' dir='ltr'><strong><em>νῦξ</em></strong></span> <span class='ocrx_word' id='word_1_151' title='bbox 663 2490 790 2577; x_wconf 89' lang='grc' dir='ltr'><strong><em>μακρά·</em></strong></span> <span class='ocrx_word' id='word_1_152' title='bbox 820 2489 902 2558; x_wconf 75' lang='grc' dir='ltr'><strong><em>ὥστε</em></strong></span> <span class='ocrx_word' id='word_1_153' title='bbox 915 2492 1086 2557; x_wconf 77' lang='grc' dir='ltr'><strong><em>λυέτωσαν</em></strong></span> 
     </span>
     <span class='ocr_line' id='line_1_24' title="bbox 84 2581 1087 2676; baseline -0.002 -19"><span class='ocrx_word' id='word_1_154' title='bbox 84 2594 148 2675; x_wconf 81' lang='grc' dir='ltr'><strong><em>μὲν</em></strong></span> <span class='ocrx_word' id='word_1_155' title='bbox 165 2594 202 2656; x_wconf 91' lang='grc' dir='ltr'><strong><em>αί</em></strong></span> <span class='ocrx_word' id='word_1_156' title='bbox 219 2581 316 2674; x_wconf 78' lang='grc' dir='ltr'><strong><em>Ὧραι</em></strong></span> <span class='ocrx_word' id='word_1_157' title='bbox 332 2582 433 2668; x_wconf 79' lang='grc' dir='ltr'><strong><em>αὖθις</em></strong></span> <span class='ocrx_word' id='word_1_158' title='bbox 447 2589 526 2668; x_wconf 84' lang='grc' dir='ltr'><strong><em>τοῦς</em></strong></span> <span class='ocrx_word' id='word_1_159' title='bbox 541 2593 680 2674; x_wconf 80' lang='grc' dir='ltr'><strong><em>ἵππους,</em></strong></span> <span class='ocrx_word' id='word_1_160' title='bbox 704 2586 748 2657; x_wconf 84' lang='grc' dir='ltr'><strong><em>σῦ</em></strong></span> <span class='ocrx_word' id='word_1_161' title='bbox 770 2591 806 2657; x_wconf 77' lang='grc' dir='ltr'><strong><em>δὲ</em></strong></span> <span class='ocrx_word' id='word_1_162' title='bbox 825 2593 945 2676; x_wconf 83' lang='grc' dir='ltr'><strong><em>σβέσον</em></strong></span> <span class='ocrx_word' id='word_1_163' title='bbox 960 2584 997 2654; x_wconf 84' lang='grc' dir='ltr'>τό</span> <span class='ocrx_word' id='word_1_164' title='bbox 1018 2591 1087 2673; x_wconf 85' lang='grc' dir='ltr'><strong><em>πῦρ</em></strong></span> 
     </span>
     <span class='ocr_line' id='line_1_25' title="bbox 84 2685 694 2774; baseline -0.003 -18"><span class='ocrx_word' id='word_1_165' title='bbox 84 2690 140 2756; x_wconf 78' lang='grc' dir='ltr'><strong><em>καί</em></strong></span> <span class='ocrx_word' id='word_1_166' title='bbox 154 2685 306 2755; x_wconf 88' lang='grc' dir='ltr'><strong><em>ἀνάπαυε</em></strong></span> <span class='ocrx_word' id='word_1_167' title='bbox 323 2686 378 2755; x_wconf 79' lang='grc' dir='ltr'><strong><em>διά</em></strong></span> <span class='ocrx_word' id='word_1_168' title='bbox 395 2696 526 2774; x_wconf 86' lang='grc' dir='ltr'><strong><em>μακροῦ</em></strong></span> <span class='ocrx_word' id='word_1_169' title='bbox 543 2687 694 2756; x_wconf 89' lang='grc' dir='ltr'><strong><em>σεαυτόν.</em></strong></span> 
     </span>
    </p>

    <p class='ocr_par' dir='ltr' id='par_1_10' title="bbox 82 2781 1088 3171">
     <span class='ocr_line' id='line_1_26' title="bbox 169 2781 1087 2874; baseline 0.001 -22"><span class='ocrx_word' id='word_1_170' title='bbox 169 2792 243 2853; x_wconf 88' lang='grc' dir='ltr'><strong><em>ΗΛ.</em></strong></span> <span class='ocrx_word' id='word_1_171' title='bbox 275 2783 385 2852; x_wconf 87' lang='grc' dir='ltr'><strong><em>Καινά</em></strong></span> <span class='ocrx_word' id='word_1_172' title='bbox 408 2794 528 2871; x_wconf 89' lang='grc' dir='ltr'><strong><em>ταῦτα,</em></strong></span> <span class='ocrx_word' id='word_1_173' title='bbox 554 2781 714 2874; x_wconf 79' lang='grc' dir='ltr'><strong><em>ιάἙρμῆ,</em></strong></span> <span class='ocrx_word' id='word_1_174' title='bbox 736 2788 790 2853; x_wconf 80' lang='grc' dir='ltr'><strong><em>καί</em></strong></span> <span class='ocrx_word' id='word_1_175' title='bbox 814 2783 976 2855; x_wconf 89' lang='grc' dir='ltr'><strong><em>ἀλλόκοτα</em></strong></span> <span class='ocrx_word' id='word_1_176' title='bbox 997 2784 1087 2873; x_wconf 80' lang='grc' dir='ltr'><strong><em>ἥκεις</em></strong></span> 
     </span>
     <span class='ocr_line' id='line_1_27' title="bbox 85 2882 1087 2975; baseline 0.002 -24"><span class='ocrx_word' id='word_1_177' title='bbox 85 2885 333 2973; x_wconf 70' lang='grc' dir='ltr'><strong><em>παραγγέλλειν.</em></strong></span> <span class='ocrx_word' id='word_1_178' title='bbox 351 2882 434 2955; x_wconf 88' lang='grc' dir='ltr'><strong><em>ἀλλά</em></strong></span> <span class='ocrx_word' id='word_1_179' title='bbox 443 2884 488 2975; x_wconf 78' lang='grc' dir='ltr'><strong><em>μὴ</em></strong></span> <span class='ocrx_word' id='word_1_180' title='bbox 499 2892 719 2974; x_wconf 89' lang='grc' dir='ltr'><strong><em>παραβαίνειν</em></strong></span> <span class='ocrx_word' id='word_1_181' title='bbox 727 2912 757 2953; x_wconf 91' lang='grc' dir='ltr'><strong><em>τι</em></strong></span> <span class='ocrx_word' id='word_1_182' title='bbox 767 2890 862 2965; x_wconf 75' lang='grc' dir='ltr'><strong><em>ἔδοξα</em></strong></span> <span class='ocrx_word' id='word_1_183' title='bbox 872 2888 909 2953; x_wconf 80' lang='grc' dir='ltr'><strong><em>ἐν</em></strong></span> <span class='ocrx_word' id='word_1_184' title='bbox 918 2891 963 2974; x_wconf 78' lang='grc' dir='ltr'><strong><em>τῷ</em></strong></span> <span class='ocrx_word' id='word_1_185' title='bbox 974 2883 1087 2973; x_wconf 78' lang='grc' dir='ltr'><strong><em>ῦρῦμρι</em></strong></span> 
     </span>
     <span class='ocr_line' id='line_1_28' title="bbox 83 2977 1088 3075; baseline -0.002 -23"><span class='ocrx_word' id='word_1_186' title='bbox 83 2987 140 3053; x_wconf 84' lang='grc' dir='ltr'><strong><em>καλ</em></strong></span> <span class='ocrx_word' id='word_1_187' title='bbox 153 2990 215 3066; x_wconf 80' lang='grc' dir='ltr'><strong><em>ἔξω</em></strong></span> <span class='ocrx_word' id='word_1_188' title='bbox 227 2985 342 3053; x_wconf 80' lang='grc' dir='ltr'><strong><em>έλάσαι</em></strong></span> <span class='ocrx_word' id='word_1_189' title='bbox 356 2992 423 3053; x_wconf 78' lang='grc' dir='ltr'><strong><em>τῶν</em></strong></span> <span class='ocrx_word' id='word_1_190' title='bbox 438 2984 549 3070; x_wconf 81' lang='grc' dir='ltr'><strong><em>ὅρων,</em></strong></span> <span class='ocrx_word' id='word_1_191' title='bbox 566 2977 651 3075; x_wconf 80' lang='grc' dir='ltr'><strong><em>κᾷτά</em></strong></span> <span class='ocrx_word' id='word_1_192' title='bbox 662 3009 718 3069; x_wconf 91' lang='grc' dir='ltr'><strong><em>μοι</em></strong></span> <span class='ocrx_word' id='word_1_193' title='bbox 732 2981 869 3069; x_wconf 76' lang='grc' dir='ltr'><strong><em>ἄχθεται</em></strong></span> <span class='ocrx_word' id='word_1_194' title='bbox 880 2988 935 3052; x_wconf 84' lang='grc' dir='ltr'><strong><em>καλ</em></strong></span> <span class='ocrx_word' id='word_1_195' title='bbox 948 2981 1010 3070; x_wconf 78' lang='grc' dir='ltr'><strong><em>τὴν</em></strong></span> <span class='ocrx_word' id='word_1_196' title='bbox 1023 2984 1088 3050; x_wconf 88' lang='grc' dir='ltr'><strong><em>νῦ·</em></strong></span> 
     </span>
     <span class='ocr_line' id='line_1_29' title="bbox 82 3082 927 3171; baseline -0.004 -20"><span class='ocrx_word' id='word_1_197' title='bbox 82 3110 145 3151; x_wconf 85' lang='grc' dir='ltr'><strong><em>κτα</em></strong></span> <span class='ocrx_word' id='word_1_198' title='bbox 157 3091 355 3169; x_wconf 77' lang='grc' dir='ltr'><strong><em>τριπλασίαν</em></strong></span> <span class='ocrx_word' id='word_1_199' title='bbox 369 3093 426 3171; x_wconf 82' lang='grc' dir='ltr'><strong><em>τῆς</em></strong></span> <span class='ocrx_word' id='word_1_200' title='bbox 440 3082 562 3171; x_wconf 80' lang='grc' dir='ltr'><strong><em>ἡμέρας</em></strong></span> <span class='ocrx_word' id='word_1_201' title='bbox 579 3090 714 3168; x_wconf 85' lang='grc' dir='ltr'><strong><em>ποιῆσαι</em></strong></span> <span class='ocrx_word' id='word_1_202' title='bbox 729 3082 927 3167; x_wconf 80' lang='grc' dir='ltr'><strong><em>ἀιέγνωκεν;</em></strong></span> 
     </span>
    </p>

    <p class='ocr_par' dir='ltr' id='par_1_11' title="bbox 81 3178 1088 3450">
     <span class='ocr_line' id='line_1_30' title="bbox 166 3178 1086 3263; baseline -0.009 -11"><span class='ocrx_word' id='word_1_203' title='bbox 166 3190 272 3252; x_wconf 85' lang='grc' dir='ltr'><strong>ΕΡΜ.</strong></span> <span class='ocrx_word' id='word_1_204' title='bbox 302 3180 412 3251; x_wconf 75' lang='grc' dir='ltr'><strong><em>Οὐδὲν</em></strong></span> <span class='ocrx_word' id='word_1_205' title='bbox 436 3191 605 3263; x_wconf 87' lang='grc' dir='ltr'><strong><em>τοιοῦτον,</em></strong></span> <span class='ocrx_word' id='word_1_206' title='bbox 632 3182 710 3249; x_wconf 73' lang='grc' dir='ltr'><strong><em>οῦδὲ</em></strong></span> <span class='ocrx_word' id='word_1_207' title='bbox 730 3183 762 3258; x_wconf 82' lang='grc' dir='ltr'><strong><em>ἐς</em></strong></span> <span class='ocrx_word' id='word_1_208' title='bbox 783 3178 832 3247; x_wconf 82' lang='grc' dir='ltr'><strong><em>ἀεὶ</em></strong></span> <span class='ocrx_word' id='word_1_209' title='bbox 854 3186 952 3247; x_wconf 89' lang='grc' dir='ltr'><strong><em>τοῦτο</em></strong></span> <span class='ocrx_word' id='word_1_210' title='bbox 980 3184 1086 3247; x_wconf 80' lang='grc' dir='ltr'><strong><em>ἔσται·</em></strong></span> 
     </span>
     <span class='ocr_line' id='line_1_31' title="bbox 81 3275 1088 3368; baseline -0.002 -22"><span class='ocrx_word' id='word_1_211' title='bbox 81 3290 185 3349; x_wconf 81' lang='grc' dir='ltr'><strong><em>θείται</em></strong></span> <span class='ocrx_word' id='word_1_212' title='bbox 204 3284 244 3349; x_wconf 81' lang='grc' dir='ltr'><strong><em>δέ</em></strong></span> <span class='ocrx_word' id='word_1_213' title='bbox 261 3308 292 3349; x_wconf 90' lang='grc' dir='ltr'><strong><em>τι</em></strong></span> <span class='ocrx_word' id='word_1_214' title='bbox 313 3288 377 3348; x_wconf 87' lang='grc' dir='ltr'><strong><em>νῦν</em></strong></span> <span class='ocrx_word' id='word_1_215' title='bbox 397 3278 498 3359; x_wconf 79' lang='grc' dir='ltr'><strong><em>αὐτὸς</em></strong></span> <span class='ocrx_word' id='word_1_216' title='bbox 518 3282 777 3368; x_wconf 79' lang='grc' dir='ltr'><strong><em>ἐπιμηκεστέραν</em></strong></span> <span class='ocrx_word' id='word_1_217' title='bbox 792 3279 951 3365; x_wconf 68' lang='grc' dir='ltr'><strong><em>γενέσθαι</em></strong></span> <span class='ocrx_word' id='word_1_218' title='bbox 972 3282 1006 3346; x_wconf 85' lang='grc' dir='ltr'><strong><em>ολ</em></strong></span> <span class='ocrx_word' id='word_1_219' title='bbox 1025 3275 1088 3361; x_wconf 76' lang='grc' dir='ltr'><strong><em>τὴν</em></strong></span> 
     </span>
     <span class='ocr_line' id='line_1_32' title="bbox 81 3406 197 3450; baseline 0.043 -7"><span class='ocrx_word' id='word_1_220' title='bbox 81 3406 197 3450; x_wconf 83' lang='grc' dir='ltr'><strong><em>υνκτα.</em></strong></span> 
     </span>
    </p>
   </div>
   <div class='ocr_carea' id='block_1_6' title="bbox 0 0 1280 3825">
    <p class='ocr_par' dir='ltr' id='par_1_12' title="bbox 0 0 1280 3825">
     <span class='ocr_line' id='line_1_33' title="bbox 0 0 1280 3825; baseline 0 3"><span class='ocrx_word' id='word_1_221' title='bbox 0 0 1280 3825; x_wconf 95' lang='lat' dir='ltr'><strong><em> </em></strong></span> 
     </span>
    </p>
   </div>
  </div>
 </body>
</html>
