2550 3825
173 202 236 266 826
531 205 832 264 AOYKIANOY'

174 367 211 432 ἐν
231 378 300 443 ταῖς
322 370 442 442 οίκίαις
467 365 518 432 ἐπὶ
541 361 708 448 προφάσει
729 361 934 442 παιδεύσεως
957 364 1181 441 δουλεύοντας

175 461 344 551 ᾤκτειρον.
366 462 457 530 τουτὶ
472 463 523 545 δέ,
542 454 702 544 ιόέταῖρε,
717 460 754 527 τὸ
765 459 927 546 ἡμέτερον
940 470 1074 548 πρᾶγμα
1089 487 1180 528 παν-

173 561 317 628 τάπασιν
333 559 477 642 ἑτεροῖόν
494 561 600 642 ἐστίν,
617 568 651 625 εἰ
660 583 699 644 γε
713 555 753 625 τά
769 560 931 644 μένοίκοι
944 560 1077 646 ίσότιμα
1085 556 1178 644 ἡμῖν,

142 737 144 742 .
174 663 315 746 δημοσίᾳ
329 659 365 724 δέ
376 665 433 742 τῆς
448 663 601 742 μεγίστης
611 654 713 742 ἀρχῆς
723 663 953 742 κοινωνοῦμεν
963 658 1018 724 καὶ
1027 655 1065 723 τό
1076 657 1179 740 μέρος

173 750 491 838 συνδιαπράττομεν.
512 751 610 838 ἔγωγ’
624 746 704 838 οὖν,
720 759 750 820 εἰ
759 756 913 839 σκέψαιο,
926 754 1053 839 δόξαιμ’
1066 752 1111 820 άν
1121 773 1178 820 σοι

174 851 217 922 οῦ
231 850 268 918 τό
286 851 505 938 σμικρότατον
518 858 576 936 τῆς
589 857 775 936 Αἰγυπτίας
784 851 906 936 ταύτης
917 848 1020 937 ἀρχῆς
1032 853 1178 936 ἐγκεχει-

174 957 307 1035 ρίσθαι,
330 945 391 1026 τὰς
403 953 494 1026 δίκας
513 948 658 1034 εἰσάγειν
671 951 725 1016 καὶ
737 950 832 1028 τάξιν
845 945 959 1026 αὐταῖς
971 946 1035 1034 τὴν
1047 947 1177 1034 προσή-

173 1065 301 1114 κουσαν
315 1048 498 1114 ἐπιτιθέναι
514 1048 569 1114 καί
583 1053 652 1114 τῶν
667 1048 903 1133 πραττομένων
917 1048 972 1114 καί
986 1047 1177 1132 λεγομένων

174 1142 419 1224 ἁπαξαπάντων
435 1143 657 1231 ὑπομνήματα
672 1146 865 1232 γράφεσθαι
882 1149 936 1213 καλ
951 1145 1010 1223 τάς
1025 1172 1062 1212 τε
1076 1148 1177 1230 ῥητο-

174 1249 263 1324 ρείας
274 1247 342 1307 των
352 1241 657 1326 δικαιολογούντων
665 1243 839 1327 ῥυθμίζειν
850 1245 904 1308 καὶ
913 1239 970 1319 τάς
980 1248 1042 1308 τοῦ
1053 1240 1178 1326 ἄρχον-

173 1366 229 1416 τος
241 1339 381 1423 γνώσεις
398 1335 482 1421 πρὸς
502 1336 539 1405 τό
561 1342 770 1424 σαφέστατον
782 1337 852 1425 άμα
866 1341 921 1406 καὶ
937 1336 1178 1424 ἀκριβέστατον

173 1434 238 1504 σῦν
249 1442 356 1504 πίστει
369 1443 409 1525 τῇ
419 1443 554 1523 μεγίστῃ
567 1435 803 1521 διαφυλάττων
814 1438 869 1503 καί
882 1434 1103 1520 παραδιδόναι
1114 1438 1179 1520 δη-

172 1541 270 1622 μοσίᾳ
285 1531 368 1620 πρὸς
381 1531 442 1600 τὸν
459 1531 509 1600 άεὶ
524 1533 649 1618 χρόνον
658 1531 933 1619 ἀποκεισομένας,
952 1534 1007 1600 καὶ
1021 1529 1038 1598 ὁ
1053 1528 1178 1617 μισθός

105 1650 155 1706 722
175 1629 238 1698 οὐκ
259 1621 440 1715 ἰδιωτικός,
470 1627 552 1698 άλλά
573 1627 664 1716 παρά
687 1637 749 1698 τοῦ
770 1634 947 1717 βασιλέως,
973 1628 1015 1696 οῦ
1037 1624 1178 1714 σμικρὸς

173 1729 251 1797 οὐδὲ
261 1722 369 1813 οὗτος,
386 1726 469 1797 άλλά
481 1729 742 1808 πολυτάλαντος·
763 1728 869 1798 παλτὰ
879 1726 960 1816 μετά
971 1736 1075 1795 ταῦτα
1086 1722 1176 1793 δέοό

173 1835 299 1912 φαῦλαι
313 1829 456 1910 ἐλπίδες,
483 1832 512 1893 εἰ
527 1823 566 1891 τά
583 1827 692 1892 εἰκότα
708 1835 870 1914 γίγνοιτο,
892 1824 965 1894 ἀλλ’
986 1831 1087 1901 ἔθνος
1102 1827 1173 1891 ἐπι·
1268 1834 1269 1879 ί

172 1931 336 2010 τραπῆναι
356 1921 377 2008 ἥ
397 1925 491 2002 τιναςΙ
510 1921 610 2001 άλλας
630 1924 764 2007 πράξεις
776 1926 959 2012 βασιλικάς.
992 1928 1042 1992 13.
1069 1925 1177 1988 ἐθέλω

174 2030 259 2109 γοῦν
269 2024 305 2088 ἐκ
319 2028 473 2103 περιττοῦ
486 2022 692 2107 χρησάμενος
701 2030 742 2110 τῇ
752 2030 918 2111 παρρησίη
928 2025 983 2089 καὶ
997 2019 1099 2107 ὁμόσε
1109 2044 1178 2105 γω-

174 2120 277 2207 ρήσας
291 2127 336 2211 τῷ
354 2121 581 2208 ἐπιφερομένῳ
596 2120 773 2206 ἐγκλήματι
786 2118 868 2187 καθ’
883 2118 1074 2205 ὑπερβολὴν
1090 2115 1172 2185 άπο-

173 2221 395 2307 λογήσασθαι,
411 2220 466 2287 καί
481 2215 520 2304 δὴ
538 2224 625 2303 φημί
637 2237 691 2285 σοι
705 2220 830 2303 μηδένα
847 2218 951 2304 μηδὲν
967 2216 1085 2304 άμισθλ
1098 2240 1175 2283 ποια

174 2334 240 2404 εῖν,
269 2315 343 2385 οὐδ’
367 2314 410 2385 άν
430 2315 508 2395 τοῦς
527 2315 567 2384 τά
585 2319 720 2401 μέγιστα
737 2318 939 2401 πράττοντας
953 2328 1062 2406 εἴπῃς,
1087 2314 1178 2383 ὅπου

118 2470 121 2479 .
174 2417 256 2503 μηδὲ
275 2413 430 2503 βασιλεὺς
456 2411 555 2491 αὐτὸς
579 2412 726 2499 άμισθός
744 2418 842 2484 ἐστιν.
876 2414 917 2483 οῦ
942 2417 1071 2502 φόρους
1088 2416 1177 2500 λέγω

174 2512 252 2583 οὐδὲ
264 2514 421 2599 δασμούς,
433 2511 498 2582 ὁπό
500 2534 553 2579 σοι
564 2510 653 2599 παρά
664 2519 731 2581 τῶν
745 2511 938 2602 ἀρχομένων
948 2518 1085 2583 ἐπέτειοι
1096 2529 1179 2599 φοι-

173 2620 293 2697 τῶσιν,
314 2607 387 2680 ἀλλ’
404 2618 472 2679 ἐστι
486 2619 617 2699 βασιλεῖ
630 2608 752 2699 μισθός
770 2617 923 2699 μέγιστος
936 2619 1066 2682 ἔπαινοι
1083 2611 1177 2699 καὶὴ

174 2706 263 2795 παρά
277 2716 379 2777 πᾶσιν
395 2707 525 2777 εὔκλεια
539 2714 593 2778 καὶ
607 2707 644 2778 τὸ
656 2713 710 2779 ἐπὶ
723 2726 794 2791 ταῖς
808 2710 1010 2799 εὐεργεσίαις
1025 2735 1177 2797 προσκν-

173 2817 323 2892 νεῑσθαι,
338 2810 392 2875 καὶ
407 2808 533 2885 εἰκόνες
547 2810 652 2877 δὲκαὶ
667 2808 733 2897 νεςό
747 2812 803 2877 καί
816 2815 950 2897 τεμένη,
966 2809 1073 2879 ὁπόσα
1084 2808 1176 2896 παρά

173 2934 241 2975 τιν
255 2903 448 2991 άρχομένων
458 2913 585 2992 έχουσι,
601 2910 719 2994 μισθοὶ
730 2911 785 2976 καὶ
798 2911 902 2977 ταῦτά
914 2917 998 2978 εἰσιν
1012 2908 1096 2993 ὑπὲρ
1107 2916 1178 2977 τῶν

173 3011 363 3092 φροντίδων
373 3008 427 3073 καὶ
438 3014 612 3093 προνοίας,
627 3005 670 3093 ἣν
683 3008 892 3092 εἰσφέρονται
906 3015 1178 3095 προσκοποῦντες

173 3104 224 3173 ἀεὶ
237 3101 277 3173 τά
289 3102 385 3171 κοινά
399 3107 454 3172 καὶ
464 3111 583 3192 βελτίω
592 3113 776 3183 ποιοῦντες.
801 3103 846 3183 ὡς
856 3105 897 3194 δὴ
908 3104 1009 3192 μικρὰ
1020 3106 1178 3192 μεγάλοις

174 3203 328 3289 εἰκάζειν,
342 3197 385 3289 ἢν
400 3204 517 3291 ἐθέλῃς
530 3201 715 3289 ἀρξάμενος
729 3200 795 3269 άπὸ
806 3211 863 3289 τῆς
872 3212 934 3271 τοῦ
945 3210 1059 3287 σωροῦ
1072 3230 1179 3289 κορυ-

173 3309 238 3389 φῆς
254 3300 306 3387 ἐφ’
324 3303 463 3369 ἕκαστον
482 3302 628 3387 τούτων,
656 3301 717 3389 ἀφ’
742 3295 790 3371 οἷν
807 3302 993 3389 σύγκειται,
1018 3312 1178 3391 καταβαί-

172 3425 262 3485 νειν,
278 3397 353 3481 ὄψει
364 3396 415 3466 ότι
431 3402 568 3485 μεγέθει
583 3402 637 3468 καὶ
652 3401 843 3487 σμικρότητι
858 3400 1095 3487 διαλλάττομεν
1109 3409 1180 3469 τῶν
