<?xml version="1.0" encoding="UTF-8"?>
<!DOCTYPE html PUBLIC "-//W3C//DTD XHTML 1.0 Transitional//EN"
    "http://www.w3.org/TR/xhtml1/DTD/xhtml1-transitional.dtd">
<html xmlns="http://www.w3.org/1999/xhtml" xml:lang="en" lang="en">
 <head>
  <title>
</title>
<meta http-equiv="Content-Type" content="text/html;charset=utf-8" />
  <meta name='ocr-system' content='tesseract 3.04.00' />
  <meta name='ocr-capabilities' content='ocr_page ocr_carea ocr_par ocr_line ocrx_word'/>
</head>
<body>
  <div class='ocr_page' id='page_1' title='image "./lucianisamosate03jacogoog/lucianisamosate03jacogoog_0236.png"; bbox 0 0 2550 3825; ppageno 0'>
   <div class='ocr_carea' id='block_1_1' title="bbox 503 184 1092 251">
    <p class='ocr_par' dir='ltr' id='par_1_1' title="bbox 503 184 1092 251">
     <span class='ocr_line' id='line_1_1' title="bbox 503 184 1092 251; baseline 0.007 -4"><span class='ocrx_word' id='word_1_1' title='bbox 503 190 682 249; x_wconf 77' lang='grc' dir='ltr'><em>ΧΑΡΩΝ.</em></span> <span class='ocrx_word' id='word_1_2' title='bbox 1030 184 1092 251; x_wconf 69' lang='grc'><strong><em>207</em></strong></span> 
     </span>
    </p>
   </div>
   <div class='ocr_carea' id='block_1_2' title="bbox 1 346 1161 1323">
    <p class='ocr_par' dir='ltr' id='par_1_2' title="bbox 88 346 1161 827">
     <span class='ocr_line' id='line_1_2' title="bbox 92 346 1093 439; baseline 0 -22"><span class='ocrx_word' id='word_1_3' title='bbox 92 355 134 439; x_wconf 79' lang='grc' dir='ltr'><strong><em>τῷ</em></strong></span> <span class='ocrx_word' id='word_1_4' title='bbox 153 350 305 433; x_wconf 76' lang='grc' dir='ltr'><strong><em>πνέοντι,</em></strong></span> <span class='ocrx_word' id='word_1_5' title='bbox 328 347 394 434; x_wconf 77' lang='grc' dir='ltr'><strong><em>ἐγω</em></strong></span> <span class='ocrx_word' id='word_1_6' title='bbox 411 353 448 417; x_wconf 74' lang='grc' dir='ltr'><strong><em>δὲ</em></strong></span> <span class='ocrx_word' id='word_1_7' title='bbox 468 347 531 437; x_wconf 86' lang='grc' dir='ltr'><strong><em>τήν</em></strong></span> <span class='ocrx_word' id='word_1_8' title='bbox 549 346 690 435; x_wconf 81' lang='grc' dir='ltr'><strong><em>ἡσυχίαν</em></strong></span> <span class='ocrx_word' id='word_1_9' title='bbox 709 349 804 436; x_wconf 85' lang='grc' dir='ltr'><strong><em>ἀγειν</em></strong></span> <span class='ocrx_word' id='word_1_10' title='bbox 825 349 1093 436; x_wconf 78' lang='grc' dir='ltr'><strong><em>παρακελεύομαι</em></strong></span> 
     </span>
     <span class='ocr_line' id='line_1_3' title="bbox 88 444 1093 534; baseline -0.002 -19"><span class='ocrx_word' id='word_1_11' title='bbox 88 447 183 533; x_wconf 86' lang='grc' dir='ltr'><strong><em>ὑμῖν·</em></strong></span> <span class='ocrx_word' id='word_1_12' title='bbox 208 444 308 525; x_wconf 82' lang='grc' dir='ltr'><strong><em>αὐτός</em></strong></span> <span class='ocrx_word' id='word_1_13' title='bbox 322 444 386 533; x_wconf 82' lang='grc' dir='ltr'><strong><em>γάρ</em></strong></span> <span class='ocrx_word' id='word_1_14' title='bbox 403 450 525 516; x_wconf 87' lang='grc' dir='ltr'><strong><em>είδέναι</em></strong></span> <span class='ocrx_word' id='word_1_15' title='bbox 542 445 579 513; x_wconf 84' lang='grc' dir='ltr'><strong><em>τό</em></strong></span> <span class='ocrx_word' id='word_1_16' title='bbox 594 450 734 534; x_wconf 83' lang='grc' dir='ltr'><strong><em>βέλτιον.</em></strong></span> <span class='ocrx_word' id='word_1_17' title='bbox 763 446 846 515; x_wconf 85' lang='grc' dir='ltr'><strong><em>κατά</em></strong></span> <span class='ocrx_word' id='word_1_18' title='bbox 863 446 965 515; x_wconf 84' lang='grc' dir='ltr'><strong><em>ταότά</em></strong></span> <span class='ocrx_word' id='word_1_19' title='bbox 984 446 1093 534; x_wconf 84' lang='grc' dir='ltr'><strong><em>δήκαὶ</em></strong></span> 
     </span>
     <span class='ocr_line' id='line_1_4' title="bbox 89 542 1161 633; baseline -0.002 -20"><span class='ocrx_word' id='word_1_20' title='bbox 89 543 132 613; x_wconf 76' lang='grc' dir='ltr'><strong><em>σι)</em></strong></span> <span class='ocrx_word' id='word_1_21' title='bbox 147 552 269 628; x_wconf 79' lang='grc' dir='ltr'><strong><em>πρᾶττε</em></strong></span> <span class='ocrx_word' id='word_1_22' title='bbox 288 542 397 612; x_wconf 87' lang='grc' dir='ltr'><strong><em>ὁπόσα</em></strong></span> <span class='ocrx_word' id='word_1_23' title='bbox 413 552 521 623; x_wconf 76' lang='grc' dir='ltr'><strong><em>καλῶς</em></strong></span> <span class='ocrx_word' id='word_1_24' title='bbox 542 551 628 629; x_wconf 87' lang='grc' dir='ltr'><strong><em>ἐχειν</em></strong></span> <span class='ocrx_word' id='word_1_25' title='bbox 648 551 789 631; x_wconf 80' lang='grc' dir='ltr'><strong><em>νομίζεις</em></strong></span> <span class='ocrx_word' id='word_1_26' title='bbox 806 546 1011 633; x_wconf 78' lang='grc' dir='ltr'><strong><em>κυβερνήτης</em></strong></span> <span class='ocrx_word' id='word_1_27' title='bbox 1026 554 1091 612; x_wconf 85' lang='grc' dir='ltr'><strong><em>νῦν</em></strong></span> <span class='ocrx_word' id='word_1_28' title='bbox 1110 569 1161 626; x_wconf 70' lang='grc' dir='ltr'><strong><em>ςςς</em></strong></span> 
     </span>
     <span class='ocr_line' id='line_1_5' title="bbox 88 640 1092 733; baseline -0.001 -22"><span class='ocrx_word' id='word_1_29' title='bbox 88 670 126 731; x_wconf 89' lang='grc' dir='ltr'><strong><em>γε</em></strong></span> <span class='ocrx_word' id='word_1_30' title='bbox 149 642 211 710; x_wconf 84' lang='grc' dir='ltr'><strong><em>ω”ν·</em></strong></span> <span class='ocrx_word' id='word_1_31' title='bbox 235 640 299 728; x_wconf 77' lang='grc' dir='ltr'><strong><em>ἐγω</em></strong></span> <span class='ocrx_word' id='word_1_32' title='bbox 320 646 373 729; x_wconf 79' lang='grc' dir='ltr'><strong><em>δέ,</em></strong></span> <span class='ocrx_word' id='word_1_33' title='bbox 402 642 512 728; x_wconf 76' lang='grc' dir='ltr'><strong><em>ὥσπερ</em></strong></span> <span class='ocrx_word' id='word_1_34' title='bbox 530 645 699 731; x_wconf 78' lang='grc' dir='ltr'><strong><em>ἐπιβάταις</em></strong></span> <span class='ocrx_word' id='word_1_35' title='bbox 719 645 837 732; x_wconf 91' lang='grc' dir='ltr'><strong><em>νόμος,</em></strong></span> <span class='ocrx_word' id='word_1_36' title='bbox 865 651 973 733; x_wconf 82' lang='grc' dir='ltr'><strong><em>σιωπή</em></strong></span> <span class='ocrx_word' id='word_1_37' title='bbox 989 656 1092 713; x_wconf 82' lang='grc' dir='ltr'><strong><em>καθε·</em></strong></span> 
     </span>
     <span class='ocr_line' id='line_1_6' title="bbox 89 740 815 827; baseline 0.001 -18"><span class='ocrx_word' id='word_1_38' title='bbox 89 746 212 826; x_wconf 84' lang='grc' dir='ltr'><strong><em>δοῦμαι</em></strong></span> <span class='ocrx_word' id='word_1_39' title='bbox 227 740 336 809; x_wconf 82' lang='grc' dir='ltr'><strong><em>πάντα</em></strong></span> <span class='ocrx_word' id='word_1_40' title='bbox 353 742 554 827; x_wconf 74' lang='grc' dir='ltr'><strong><em>πειθόμενος</em></strong></span> <span class='ocrx_word' id='word_1_41' title='bbox 567 743 741 811; x_wconf 78' lang='grc' dir='ltr'><strong><em>κελεύοντί</em></strong></span> <span class='ocrx_word' id='word_1_42' title='bbox 753 762 815 810; x_wconf 92' lang='grc' dir='ltr'><strong><em>σοι.</em></strong></span> 
     </span>
    </p>

    <p class='ocr_par' dir='ltr' id='par_1_3' title="bbox 1 836 1094 1323">
     <span class='ocr_line' id='line_1_7' title="bbox 172 836 1094 928; baseline 0.004 -23"><span class='ocrx_word' id='word_1_43' title='bbox 172 845 276 905; x_wconf 84' lang='grc' dir='ltr'><strong>ΕΡΜ.</strong></span> <span class='ocrx_word' id='word_1_44' title='bbox 294 836 423 924; x_wconf 79' lang='grc' dir='ltr'><strong><em>Ὀρθῶς</em></strong></span> <span class='ocrx_word' id='word_1_45' title='bbox 443 842 562 925; x_wconf 82' lang='grc' dir='ltr'><strong><em>λέγεις·</em></strong></span> <span class='ocrx_word' id='word_1_46' title='bbox 590 838 691 919; x_wconf 86' lang='grc' dir='ltr'><strong><em>αότδς</em></strong></span> <span class='ocrx_word' id='word_1_47' title='bbox 711 839 777 928; x_wconf 83' lang='grc' dir='ltr'><strong><em>γάρ</em></strong></span> <span class='ocrx_word' id='word_1_48' title='bbox 796 850 924 928; x_wconf 81' lang='grc' dir='ltr'><strong><em>ελσομαι</em></strong></span> <span class='ocrx_word' id='word_1_49' title='bbox 945 848 980 908; x_wconf 88' lang='grc' dir='ltr'><strong><em>τί</em></strong></span> <span class='ocrx_word' id='word_1_50' title='bbox 994 864 1094 925; x_wconf 84' lang='grc' dir='ltr'><strong><em>ποιη-</em></strong></span> 
     </span>
     <span class='ocr_line' id='line_1_8' title="bbox 88 934 1088 1030; baseline -0.002 -21"><span class='ocrx_word' id='word_1_51' title='bbox 88 943 164 1009; x_wconf 77' lang='grc' dir='ltr'><strong><em>τίον</em></strong></span> <span class='ocrx_word' id='word_1_52' title='bbox 181 939 236 1005; x_wconf 79' lang='grc' dir='ltr'><strong><em>καὶ</em></strong></span> <span class='ocrx_word' id='word_1_53' title='bbox 251 938 416 1024; x_wconf 79' lang='grc' dir='ltr'><strong><em>ἐξευρήσω</em></strong></span> <span class='ocrx_word' id='word_1_54' title='bbox 432 938 494 1026; x_wconf 85' lang='grc' dir='ltr'><strong><em>τήν</em></strong></span> <span class='ocrx_word' id='word_1_55' title='bbox 507 939 627 1027; x_wconf 74' lang='grc' dir='ltr'><strong><em>ἱκανήν</em></strong></span> <span class='ocrx_word' id='word_1_56' title='bbox 643 943 781 1028; x_wconf 90' lang='grc' dir='ltr'><strong><em>σκοπήν.</em></strong></span> <span class='ocrx_word' id='word_1_57' title='bbox 813 934 868 1030; x_wconf 77' lang='grc' dir='ltr'><strong><em>ἀρ’</em></strong></span> <span class='ocrx_word' id='word_1_58' title='bbox 886 934 949 1010; x_wconf 80' lang='grc' dir='ltr'><strong><em>οὖν</em></strong></span> <span class='ocrx_word' id='word_1_59' title='bbox 963 939 981 1009; x_wconf 89' lang='grc' dir='ltr'>ὁ</span> <span class='ocrx_word' id='word_1_60' title='bbox 997 942 1088 1009; x_wconf 82' lang='lat' dir='ltr'><em>Kav&#39;-</em></span> 
     </span>
     <span class='ocr_line' id='line_1_9' title="bbox 1 1034 1091 1127; baseline 0 -22"><span class='ocrx_word' id='word_1_61' title='bbox 1 1072 4 1079; x_wconf 95' lang='lat'>·</span> <span class='ocrx_word' id='word_1_62' title='bbox 88 1056 190 1113; x_wconf 90' lang='grc' dir='ltr'><strong><em>κασος</em></strong></span> <span class='ocrx_word' id='word_1_63' title='bbox 204 1036 386 1121; x_wconf 84' lang='grc' dir='ltr'><strong><em>ἐπιτήδειος</em></strong></span> <span class='ocrx_word' id='word_1_64' title='bbox 404 1034 426 1122; x_wconf 80' lang='grc' dir='ltr'><strong><em>ἦ</em></strong></span> <span class='ocrx_word' id='word_1_65' title='bbox 442 1037 459 1106; x_wconf 90' lang='grc' dir='ltr'>ὁ</span> <span class='ocrx_word' id='word_1_66' title='bbox 474 1036 653 1125; x_wconf 86' lang='grc' dir='ltr'><strong><em>Παρνασός</em></strong></span> <span class='ocrx_word' id='word_1_67' title='bbox 669 1037 873 1127; x_wconf 76' lang='grc' dir='ltr'><strong><em>ὑψηλότερος</em></strong></span> <span class='ocrx_word' id='word_1_68' title='bbox 888 1036 910 1126; x_wconf 86' lang='grc' dir='ltr'><strong><em>ή</em></strong></span> <span class='ocrx_word' id='word_1_69' title='bbox 930 1038 1056 1125; x_wconf 77' lang='grc' dir='ltr'><strong><em>ἀμφοῖν</em></strong></span> <span class='ocrx_word' id='word_1_70' title='bbox 1074 1035 1091 1105; x_wconf 91' lang='grc' dir='ltr'><strong><em>ὁ</em></strong></span> 
     </span>
     <span class='ocr_line' id='line_1_10' title="bbox 90 1133 1093 1224; baseline 0 -22"><span class='ocrx_word' id='word_1_71' title='bbox 90 1133 258 1219; x_wconf 79' lang='grc' dir='ltr'><strong><em>Ὄλυμπος</em></strong></span> <span class='ocrx_word' id='word_1_72' title='bbox 275 1136 422 1203; x_wconf 82' lang='grc' dir='ltr'><strong><em>ἐκεινοσί</em></strong></span> <span class='ocrx_word' id='word_1_73' title='bbox 425 1165 436 1218; x_wconf 73' lang='lat'>3</span> <span class='ocrx_word' id='word_1_74' title='bbox 457 1143 563 1206; x_wconf 92' lang='grc' dir='ltr'><strong><em>καίτοι</em></strong></span> <span class='ocrx_word' id='word_1_75' title='bbox 582 1135 623 1205; x_wconf 81' lang='grc' dir='ltr'><strong><em>οὐ</em></strong></span> <span class='ocrx_word' id='word_1_76' title='bbox 640 1136 806 1223; x_wconf 83' lang='grc' dir='ltr'><strong><em>φαῦλονδ</em></strong></span> <span class='ocrx_word' id='word_1_77' title='bbox 825 1135 1044 1224; x_wconf 75' lang='grc' dir='ltr'><strong><em>ἀνεμνήσθην</em></strong></span> <span class='ocrx_word' id='word_1_78' title='bbox 1061 1138 1093 1213; x_wconf 88' lang='grc' dir='ltr'><strong><em>ἐς</em></strong></span> 
     </span>
     <span class='ocr_line' id='line_1_11' title="bbox 89 1232 1093 1323; baseline -0.001 -23"><span class='ocrx_word' id='word_1_79' title='bbox 89 1232 150 1301; x_wconf 87' lang='grc' dir='ltr'><strong><em>τόν</em></strong></span> <span class='ocrx_word' id='word_1_80' title='bbox 159 1232 332 1319; x_wconf 80' lang='grc' dir='ltr'><strong><em>Ὄλυμπον</em></strong></span> <span class='ocrx_word' id='word_1_81' title='bbox 346 1233 492 1303; x_wconf 75' lang='grc' dir='ltr'><strong><em>ἀπιδών·</em></strong></span> <span class='ocrx_word' id='word_1_82' title='bbox 520 1251 704 1323; x_wconf 76' lang='grc' dir='ltr'><strong><em>συγκαμεῖν</em></strong></span> <span class='ocrx_word' id='word_1_83' title='bbox 718 1239 799 1304; x_wconf 82' lang='grc' dir='ltr'><strong><em>δέτι</em></strong></span> <span class='ocrx_word' id='word_1_84' title='bbox 814 1239 868 1303; x_wconf 82' lang='grc' dir='ltr'><strong><em>καλ</em></strong></span> <span class='ocrx_word' id='word_1_85' title='bbox 884 1235 1093 1320; x_wconf 78' lang='grc' dir='ltr'><strong><em>ὑπουργῆσαι</em></strong></span> 
     </span>
    </p>
   </div>
   <div class='ocr_carea' id='block_1_3' title="bbox 1 1333 268 1400">
    <p class='ocr_par' dir='ltr' id='par_1_4' title="bbox 1 1333 268 1400">
     <span class='ocr_line' id='line_1_12' title="bbox 1 1333 268 1400; baseline 0.004 -1"><span class='ocrx_word' id='word_1_86' title='bbox 1 1346 8 1360; x_wconf 82' lang='lat'><strong>⁴</strong></span> <span class='ocrx_word' id='word_1_87' title='bbox 89 1335 145 1400; x_wconf 82' lang='grc' dir='ltr'><strong><em>καλ</em></strong></span> <span class='ocrx_word' id='word_1_88' title='bbox 158 1333 195 1400; x_wconf 76' lang='grc' dir='ltr'><strong><em>σὲ</em></strong></span> <span class='ocrx_word' id='word_1_89' title='bbox 210 1337 268 1400; x_wconf 89' lang='grc' dir='ltr'><strong><em>δεῖ.</em></strong></span> 
     </span>
    </p>
   </div>
   <div class='ocr_carea' id='block_1_4' title="bbox 5 1429 1160 3489">
    <p class='ocr_par' dir='ltr' id='par_1_5' title="bbox 173 1429 1035 1519">
     <span class='ocr_line' id='line_1_13' title="bbox 173 1429 1035 1519; baseline -0.003 -21"><span class='ocrx_word' id='word_1_90' title='bbox 173 1438 271 1499; x_wconf 85' lang='grc' dir='ltr'><em>ΧΑΡ.</em></span> <span class='ocrx_word' id='word_1_91' title='bbox 295 1432 500 1518; x_wconf 87' lang='grc' dir='ltr'><strong><em>Πρόσταττε·</em></strong></span> <span class='ocrx_word' id='word_1_92' title='bbox 523 1430 726 1518; x_wconf 82' lang='grc' dir='ltr'><strong><em>ὑπουργήσω</em></strong></span> <span class='ocrx_word' id='word_1_93' title='bbox 741 1430 805 1519; x_wconf 83' lang='grc' dir='ltr'><strong><em>γὰρ</em></strong></span> <span class='ocrx_word' id='word_1_94' title='bbox 822 1430 885 1499; x_wconf 82' lang='grc' dir='ltr'><strong><em>ὅσα</em></strong></span> <span class='ocrx_word' id='word_1_95' title='bbox 900 1429 1035 1499; x_wconf 89' lang='grc' dir='ltr'><strong><em>δυνατά.</em></strong></span> 
     </span>
    </p>

    <p class='ocr_par' dir='ltr' id='par_1_6' title="bbox 12 1526 1160 2502">
     <span class='ocr_line' id='line_1_14' title="bbox 173 1526 1091 1620; baseline -0.003 -24"><span class='ocrx_word' id='word_1_96' title='bbox 173 1536 276 1620; x_wconf 84' lang='grc' dir='ltr'><strong><em>ΕΡΜ.</em></strong></span> <span class='ocrx_word' id='word_1_97' title='bbox 292 1526 466 1616; x_wconf 78' lang='grc' dir='ltr'><strong><em>Ὅμηροςὸ</em></strong></span> <span class='ocrx_word' id='word_1_98' title='bbox 487 1530 624 1615; x_wconf 89' lang='grc' dir='ltr'><strong><em>ποιητής</em></strong></span> <span class='ocrx_word' id='word_1_99' title='bbox 640 1550 721 1615; x_wconf 84' lang='grc' dir='ltr'><strong><em>φησι</em></strong></span> <span class='ocrx_word' id='word_1_100' title='bbox 737 1528 815 1607; x_wconf 80' lang='grc' dir='ltr'><strong><em>τούς</em></strong></span> <span class='ocrx_word' id='word_1_101' title='bbox 831 1528 976 1607; x_wconf 85' lang='grc' dir='ltr'><strong><em>Ἀλωέως</em></strong></span> <span class='ocrx_word' id='word_1_102' title='bbox 989 1529 1091 1613; x_wconf 79' lang='grc' dir='ltr'><strong><em>υἱέας,</em></strong></span> 
     </span>
     <span class='ocr_line' id='line_1_15' title="bbox 90 1624 1093 1713; baseline -0.002 -19"><span class='ocrx_word' id='word_1_103' title='bbox 90 1625 152 1694; x_wconf 89' lang='grc' dir='ltr'><strong><em>δόο</em></strong></span> <span class='ocrx_word' id='word_1_104' title='bbox 164 1628 219 1694; x_wconf 87' lang='grc' dir='ltr'><strong><em>καλ</em></strong></span> <span class='ocrx_word' id='word_1_105' title='bbox 231 1624 354 1705; x_wconf 82' lang='grc' dir='ltr'><strong><em>αὐτοδς</em></strong></span> <span class='ocrx_word' id='word_1_106' title='bbox 365 1626 480 1713; x_wconf 85' lang='grc' dir='ltr'><strong><em>ὄντας,</em></strong></span> <span class='ocrx_word' id='word_1_107' title='bbox 497 1633 549 1695; x_wconf 83' lang='grc' dir='ltr'><strong><em>ἔτι</em></strong></span> <span class='ocrx_word' id='word_1_108' title='bbox 559 1633 677 1705; x_wconf 85' lang='grc' dir='ltr'><strong><em>παῖδας</em></strong></span> <span class='ocrx_word' id='word_1_109' title='bbox 686 1632 845 1713; x_wconf 78' lang='grc' dir='ltr'><strong><em>ἐθελῆσαί</em></strong></span> <span class='ocrx_word' id='word_1_110' title='bbox 853 1652 931 1694; x_wconf 91' lang='grc' dir='ltr'><strong><em>ποτε</em></strong></span> <span class='ocrx_word' id='word_1_111' title='bbox 945 1624 1006 1712; x_wconf 85' lang='grc' dir='ltr'><strong><em>τήν</em></strong></span> <span class='ocrx_word' id='word_1_112' title='bbox 1015 1624 1093 1693; x_wconf 84' lang='grc' dir='ltr'><strong><em>Ὅσ-</em></strong></span> 
     </span>
     <span class='ocr_line' id='line_1_16' title="bbox 90 1723 1091 1815; baseline 0 -26"><span class='ocrx_word' id='word_1_113' title='bbox 90 1747 153 1790; x_wconf 92' lang='grc' dir='ltr'><strong><em>σαν</em></strong></span> <span class='ocrx_word' id='word_1_114' title='bbox 178 1726 214 1790; x_wconf 89' lang='grc' dir='ltr'><strong><em>εἰι</em></strong></span> <span class='ocrx_word' id='word_1_115' title='bbox 236 1724 378 1810; x_wconf 79' lang='grc' dir='ltr'><strong><em>βάθρων</em></strong></span> <span class='ocrx_word' id='word_1_116' title='bbox 397 1723 652 1803; x_wconf 78' lang='grc' dir='ltr'><strong><em>ἀνασπάσαντας</em></strong></span> <span class='ocrx_word' id='word_1_117' title='bbox 674 1726 839 1793; x_wconf 87' lang='grc' dir='ltr'><strong><em>ἐπιθεῖναι</em></strong></span> <span class='ocrx_word' id='word_1_118' title='bbox 858 1733 904 1813; x_wconf 73' lang='grc' dir='ltr'><strong><em>τῷ</em></strong></span> <span class='ocrx_word' id='word_1_119' title='bbox 930 1724 1091 1815; x_wconf 78' lang='grc' dir='ltr'><strong><em>Ὀλύμπῳ,</em></strong></span> 
     </span>
     <span class='ocr_line' id='line_1_17' title="bbox 90 1818 1092 1912; baseline 0.001 -25"><span class='ocrx_word' id='word_1_120' title='bbox 90 1818 158 1887; x_wconf 80' lang='grc' dir='ltr'><strong><em>εἶτα</em></strong></span> <span class='ocrx_word' id='word_1_121' title='bbox 174 1818 210 1888; x_wconf 87' lang='grc' dir='ltr'><strong><em>τό</em></strong></span> <span class='ocrx_word' id='word_1_122' title='bbox 228 1822 356 1906; x_wconf 90' lang='grc' dir='ltr'><strong><em>Πήλιον</em></strong></span> <span class='ocrx_word' id='word_1_123' title='bbox 377 1821 428 1890; x_wconf 84' lang='grc' dir='ltr'><strong><em>ἐπ’</em></strong></span> <span class='ocrx_word' id='word_1_124' title='bbox 446 1822 545 1912; x_wconf 79' lang='grc' dir='ltr'><strong><em>αὐτῇ,</em></strong></span> <span class='ocrx_word' id='word_1_125' title='bbox 567 1820 687 1909; x_wconf 88' lang='grc' dir='ltr'><strong><em>ίκανήν</em></strong></span> <span class='ocrx_word' id='word_1_126' title='bbox 708 1824 833 1911; x_wconf 79' lang='grc' dir='ltr'><strong><em>ταύτην</em></strong></span> <span class='ocrx_word' id='word_1_127' title='bbox 850 1830 993 1909; x_wconf 81' lang='grc' dir='ltr'><strong><em>κλίμακα</em></strong></span> <span class='ocrx_word' id='word_1_128' title='bbox 1008 1825 1092 1902; x_wconf 80' lang='grc' dir='ltr'><strong><em>ἕξειν</em></strong></span> 
     </span>
     <span class='ocr_line' id='line_1_18' title="bbox 90 1921 1093 2010; baseline 0.003 -24"><span class='ocrx_word' id='word_1_129' title='bbox 90 1922 264 2010; x_wconf 80' lang='grc' dir='ltr'><strong><em>οἰομένους</em></strong></span> <span class='ocrx_word' id='word_1_130' title='bbox 285 1925 340 1989; x_wconf 79' lang='grc' dir='ltr'><strong><em>καὶ</em></strong></span> <span class='ocrx_word' id='word_1_131' title='bbox 357 1922 543 2009; x_wconf 87' lang='grc' dir='ltr'><strong><em>πρόσβασιν</em></strong></span> <span class='ocrx_word' id='word_1_132' title='bbox 559 1924 611 1990; x_wconf 78' lang='grc' dir='ltr'><strong><em>ἐπὶ</em></strong></span> <span class='ocrx_word' id='word_1_133' title='bbox 630 1921 690 1989; x_wconf 84' lang='grc' dir='ltr'><strong><em>τόν</em></strong></span> <span class='ocrx_word' id='word_1_134' title='bbox 710 1923 866 2008; x_wconf 83' lang='grc' dir='ltr'><strong><em>οὐρανόν.</em></strong></span> <span class='ocrx_word' id='word_1_135' title='bbox 901 1925 1016 1991; x_wconf 82' lang='grc' dir='ltr'><strong><em>ἐκείνω</em></strong></span> <span class='ocrx_word' id='word_1_136' title='bbox 1032 1924 1093 2008; x_wconf 74' lang='grc' dir='ltr'><strong><em>μὲν</em></strong></span> 
     </span>
     <span class='ocr_line' id='line_1_19' title="bbox 12 2011 1092 2108; baseline 0.004 -25"><span class='ocrx_word' id='word_1_137' title='bbox 12 2087 15 2092; x_wconf 67' lang='grc'><strong><em>,</em></strong></span> <span class='ocrx_word' id='word_1_138' title='bbox 90 2011 154 2085; x_wconf 79' lang='grc' dir='ltr'><strong><em>οὖν</em></strong></span> <span class='ocrx_word' id='word_1_139' title='bbox 166 2017 211 2085; x_wconf 79' lang='grc' dir='ltr'><strong><em>τω</em></strong></span> <span class='ocrx_word' id='word_1_140' title='bbox 223 2025 400 2106; x_wconf 86' lang='grc' dir='ltr'><strong><em>μειρακίω,</em></strong></span> <span class='ocrx_word' id='word_1_141' title='bbox 415 2020 594 2090; x_wconf 87' lang='grc' dir='ltr'><strong><em>ἀτασθάλω</em></strong></span> <span class='ocrx_word' id='word_1_142' title='bbox 603 2018 668 2105; x_wconf 85' lang='grc' dir='ltr'><strong><em>γάρ</em></strong></span> <span class='ocrx_word' id='word_1_143' title='bbox 678 2019 799 2106; x_wconf 79' lang='grc' dir='ltr'><strong><em>ἤστην,</em></strong></span> <span class='ocrx_word' id='word_1_144' title='bbox 819 2027 911 2100; x_wconf 80' lang='grc' dir='ltr'><strong><em>δίκας</em></strong></span> <span class='ocrx_word' id='word_1_145' title='bbox 924 2021 1092 2108; x_wconf 90' lang='grc' dir='ltr'><strong><em>ἐτισάτην·</em></strong></span> 
     </span>
     <span class='ocr_line' id='line_1_20' title="bbox 90 2113 1093 2210; baseline 0.004 -28"><span class='ocrx_word' id='word_1_146' title='bbox 90 2113 138 2183; x_wconf 79' lang='grc' dir='ltr'><strong><em>νῶ</em></strong></span> <span class='ocrx_word' id='word_1_147' title='bbox 162 2116 199 2183; x_wconf 77' lang='grc' dir='ltr'><strong><em>δὲ</em></strong></span> <span class='ocrx_word' id='word_1_148' title='bbox 218 2116 313 2184; x_wconf 84' lang='grc' dir='ltr'><strong><em>-οὐ</em></strong></span> <span class='ocrx_word' id='word_1_149' title='bbox 332 2117 398 2205; x_wconf 84' lang='grc' dir='ltr'><strong><em>γάρ</em></strong></span> <span class='ocrx_word' id='word_1_150' title='bbox 418 2121 471 2187; x_wconf 84' lang='grc' dir='ltr'><strong><em>ἐπὶ</em></strong></span> <span class='ocrx_word' id='word_1_151' title='bbox 493 2127 583 2210; x_wconf 75' lang='grc' dir='ltr'><strong><em>κακῷ</em></strong></span> <span class='ocrx_word' id='word_1_152' title='bbox 606 2127 673 2185; x_wconf 80' lang='grc' dir='ltr'><strong><em>τῶν</em></strong></span> <span class='ocrx_word' id='word_1_153' title='bbox 694 2129 787 2188; x_wconf 79' lang='grc' dir='ltr'><strong><em>θεων</em></strong></span> <span class='ocrx_word' id='word_1_154' title='bbox 806 2129 909 2188; x_wconf 82' lang='grc' dir='ltr'><strong><em>ταῦτα</em></strong></span> <span class='ocrx_word' id='word_1_155' title='bbox 928 2123 1093 2207; x_wconf 82' lang='grc' dir='ltr'><strong><em>βουλεύο-</em></strong></span> 
     </span>
     <span class='ocr_line' id='line_1_21' title="bbox 47 2215 1160 2304; baseline 0.006 -24"><span class='ocrx_word' id='word_1_156' title='bbox 47 2286 50 2292; x_wconf 67' lang='grc'><strong><em>,</em></strong></span> <span class='ocrx_word' id='word_1_157' title='bbox 90 2240 153 2300; x_wconf 89' lang='grc' dir='ltr'><strong><em>μεν</em></strong></span> <span class='ocrx_word' id='word_1_158' title='bbox 163 2257 205 2266; x_wconf 90' lang='grc'><strong>-</strong></span> <span class='ocrx_word' id='word_1_159' title='bbox 218 2223 252 2283; x_wconf 92' lang='grc' dir='ltr'><strong><em>τί</em></strong></span> <span class='ocrx_word' id='word_1_160' title='bbox 262 2215 334 2303; x_wconf 82' lang='grc' dir='ltr'><strong><em>οόχλ</em></strong></span> <span class='ocrx_word' id='word_1_161' title='bbox 347 2221 588 2304; x_wconf 72' lang='grc' dir='ltr'><strong><em>οἰκοδομοῦμεν</em></strong></span> <span class='ocrx_word' id='word_1_162' title='bbox 599 2233 654 2286; x_wconf 82' lang='grc' dir='ltr'><strong><em>καῖ</em></strong></span> <span class='ocrx_word' id='word_1_163' title='bbox 665 2223 759 2287; x_wconf 81' lang='grc' dir='ltr'><strong><em>αυτοὶ</em></strong></span> <span class='ocrx_word' id='word_1_164' title='bbox 773 2218 855 2286; x_wconf 80' lang='grc' dir='ltr'><strong><em>κατὰ</em></strong></span> <span class='ocrx_word' id='word_1_165' title='bbox 869 2217 909 2286; x_wconf 81' lang='grc' dir='ltr'><strong><em>τά</em></strong></span> <span class='ocrx_word' id='word_1_166' title='bbox 922 2218 1006 2286; x_wconf 77' lang='grc' dir='ltr'><strong><em>αὐτοὶ</em></strong></span> <span class='ocrx_word' id='word_1_167' title='bbox 1020 2223 1092 2287; x_wconf 81' lang='grc' dir='ltr'><strong><em>ἐπι·</em></strong></span> <span class='ocrx_word' id='word_1_168' title='bbox 1111 2238 1160 2294; x_wconf 67' lang='lat'><strong><em>495</em></strong></span> 
     </span>
     <span class='ocr_line' id='line_1_22' title="bbox 90 2312 1092 2404; baseline 0.005 -24"><span class='ocrx_word' id='word_1_169' title='bbox 90 2317 326 2393; x_wconf 84' lang='grc' dir='ltr'><strong><em>κυλινδουντες</em></strong></span> <span class='ocrx_word' id='word_1_170' title='bbox 343 2317 511 2401; x_wconf 87' lang='grc' dir='ltr'><strong><em>ἐπάλληλα</em></strong></span> <span class='ocrx_word' id='word_1_171' title='bbox 527 2312 567 2382; x_wconf 82' lang='grc' dir='ltr'><strong><em>τδι</em></strong></span> <span class='ocrx_word' id='word_1_172' title='bbox 582 2315 660 2401; x_wconf 84' lang='grc' dir='ltr'><strong><em>ὅρη,</em></strong></span> <span class='ocrx_word' id='word_1_173' title='bbox 683 2313 727 2394; x_wconf 75' lang='grc' dir='ltr'><strong><em>ὡς</em></strong></span> <span class='ocrx_word' id='word_1_174' title='bbox 742 2321 871 2402; x_wconf 78' lang='grc' dir='ltr'><strong><em>ἔχοιμεν</em></strong></span> <span class='ocrx_word' id='word_1_175' title='bbox 887 2315 947 2404; x_wconf 83' lang='grc' dir='ltr'><strong><em>ἀφ’</em></strong></span> <span class='ocrx_word' id='word_1_176' title='bbox 964 2315 1092 2402; x_wconf 72' lang='grc' dir='ltr'><strong><em>ὑψηλο-</em></strong></span> 
     </span>
     <span class='ocr_line' id='line_1_23' title="bbox 90 2411 681 2502; baseline 0 -22"><span class='ocrx_word' id='word_1_177' title='bbox 90 2415 190 2498; x_wconf 82' lang='grc' dir='ltr'><strong><em>τέρου</em></strong></span> <span class='ocrx_word' id='word_1_178' title='bbox 205 2411 442 2502; x_wconf 82' lang='grc' dir='ltr'><strong><em>ἀκριβεστέραν</em></strong></span> <span class='ocrx_word' id='word_1_179' title='bbox 458 2411 520 2499; x_wconf 89' lang='grc' dir='ltr'><strong><em>τήν</em></strong></span> <span class='ocrx_word' id='word_1_180' title='bbox 536 2416 681 2499; x_wconf 87' lang='grc' dir='ltr'><strong><em>σκοπήυ;</em></strong></span> 
     </span>
    </p>

    <p class='ocr_par' dir='ltr' id='par_1_7' title="bbox 91 2505 1094 2698">
     <span class='ocr_line' id='line_1_24' title="bbox 175 2505 1094 2598; baseline 0.004 -20"><span class='ocrx_word' id='word_1_181' title='bbox 175 2517 204 2578; x_wconf 86' lang='grc'><strong><em>4.</em></strong></span> <span class='ocrx_word' id='word_1_182' title='bbox 220 2521 316 2582; x_wconf 84' lang='lat' dir='ltr'><em>XAP.</em></span> <span class='ocrx_word' id='word_1_183' title='bbox 337 2515 402 2581; x_wconf 79' lang='grc' dir='ltr'><strong><em>Καὶ</em></strong></span> <span class='ocrx_word' id='word_1_184' title='bbox 414 2512 648 2598; x_wconf 90' lang='grc' dir='ltr'><strong><em>δυνησόμεθα,</em></strong></span> <span class='ocrx_word' id='word_1_185' title='bbox 666 2505 693 2580; x_wconf 76' lang='grc' dir='ltr'><strong><em>ἀ</em></strong></span> <span class='ocrx_word' id='word_1_186' title='bbox 702 2511 819 2598; x_wconf 79' lang='grc' dir='ltr'><strong><em>Ἑρμῆ,</em></strong></span> <span class='ocrx_word' id='word_1_187' title='bbox 836 2511 890 2580; x_wconf 86' lang='grc' dir='ltr'><strong><em>δύ’</em></strong></span> <span class='ocrx_word' id='word_1_188' title='bbox 905 2512 997 2591; x_wconf 80' lang='grc' dir='ltr'><strong><em>ὄντες</em></strong></span> <span class='ocrx_word' id='word_1_189' title='bbox 1010 2514 1094 2582; x_wconf 90' lang='grc' dir='ltr'><strong><em>ἀνα-</em></strong></span> 
     </span>
     <span class='ocr_line' id='line_1_25' title="bbox 91 2607 855 2698; baseline 0.004 -23"><span class='ocrx_word' id='word_1_190' title='bbox 91 2611 215 2675; x_wconf 85' lang='grc' dir='ltr'><strong><em>θέσθαι</em></strong></span> <span class='ocrx_word' id='word_1_191' title='bbox 230 2608 391 2696; x_wconf 86' lang='grc' dir='ltr'><strong><em>ἀράμενοι</em></strong></span> <span class='ocrx_word' id='word_1_192' title='bbox 408 2609 445 2678; x_wconf 88' lang='grc' dir='ltr'><strong><em>τό</em></strong></span> <span class='ocrx_word' id='word_1_193' title='bbox 460 2612 590 2698; x_wconf 91' lang='grc' dir='ltr'><strong><em>Πήλιον</em></strong></span> <span class='ocrx_word' id='word_1_194' title='bbox 605 2607 627 2697; x_wconf 82' lang='grc' dir='ltr'><strong><em>ἦ</em></strong></span> <span class='ocrx_word' id='word_1_195' title='bbox 640 2609 701 2696; x_wconf 87' lang='grc' dir='ltr'><strong><em>τήν</em></strong></span> <span class='ocrx_word' id='word_1_196' title='bbox 712 2609 855 2693; x_wconf 76' lang='grc' dir='ltr'><strong><em>Ὅσσανς</em></strong></span> 
     </span>
    </p>

    <p class='ocr_par' dir='ltr' id='par_1_8' title="bbox 90 2701 1094 2990">
     <span class='ocr_line' id='line_1_26' title="bbox 174 2701 1094 2797; baseline 0.003 -23"><span class='ocrx_word' id='word_1_197' title='bbox 174 2714 278 2775; x_wconf 86' lang='grc' dir='ltr'><em>ΕΡΜ.</em></span> <span class='ocrx_word' id='word_1_198' title='bbox 299 2706 368 2776; x_wconf 85' lang='grc' dir='ltr'><strong><em>Διά</em></strong></span> <span class='ocrx_word' id='word_1_199' title='bbox 383 2716 417 2777; x_wconf 88' lang='grc' dir='ltr'><strong><em>τί</em></strong></span> <span class='ocrx_word' id='word_1_200' title='bbox 435 2708 468 2776; x_wconf 85' lang='grc' dir='ltr'><strong><em>δ’</em></strong></span> <span class='ocrx_word' id='word_1_201' title='bbox 484 2707 547 2777; x_wconf 81' lang='grc' dir='ltr'><strong><em>οὐκ</em></strong></span> <span class='ocrx_word' id='word_1_202' title='bbox 561 2708 621 2792; x_wconf 84' lang='grc' dir='ltr'><strong><em>ἀν,</em></strong></span> <span class='ocrx_word' id='word_1_203' title='bbox 647 2701 829 2794; x_wconf 75' lang='grc' dir='ltr'><strong><em>ἀΧάρωνς</em></strong></span> <span class='ocrx_word' id='word_1_204' title='bbox 857 2705 878 2795; x_wconf 83' lang='grc' dir='ltr'><strong><em>ή</em></strong></span> <span class='ocrx_word' id='word_1_205' title='bbox 894 2707 994 2790; x_wconf 86' lang='grc' dir='ltr'><strong><em>ἀξιοῖς</em></strong></span> <span class='ocrx_word' id='word_1_206' title='bbox 1008 2708 1094 2797; x_wconf 81' lang='grc' dir='ltr'><strong><em>ἡμᾶς</em></strong></span> 
     </span>
     <span class='ocr_line' id='line_1_27' title="bbox 90 2801 1093 2893; baseline 0.006 -23"><span class='ocrx_word' id='word_1_207' title='bbox 90 2801 349 2890; x_wconf 82' lang='grc' dir='ltr'><strong><em>ἀγεννεστέρους</em></strong></span> <span class='ocrx_word' id='word_1_208' title='bbox 363 2805 446 2874; x_wconf 81' lang='grc' dir='ltr'><strong><em>εἶναι</em></strong></span> <span class='ocrx_word' id='word_1_209' title='bbox 460 2822 530 2874; x_wconf 85' lang='grc' dir='ltr'><strong><em>τοῖν</em></strong></span> <span class='ocrx_word' id='word_1_210' title='bbox 541 2814 760 2893; x_wconf 86' lang='grc' dir='ltr'><strong><em>βρεφυλλίοιν</em></strong></span> <span class='ocrx_word' id='word_1_211' title='bbox 772 2811 930 2892; x_wconf 87' lang='grc' dir='ltr'><strong><em>ἐκείνοιν,</em></strong></span> <span class='ocrx_word' id='word_1_212' title='bbox 946 2811 1000 2876; x_wconf 82' lang='grc' dir='ltr'><strong><em>καὶ</em></strong></span> <span class='ocrx_word' id='word_1_213' title='bbox 1010 2817 1093 2877; x_wconf 86' lang='grc' dir='ltr'><strong><em>ταῦ-</em></strong></span> 
     </span>
     <span class='ocr_line' id='line_1_28' title="bbox 91 2900 488 2990; baseline 0.013 -23"><span class='ocrx_word' id='word_1_214' title='bbox 91 2928 130 2967; x_wconf 95' lang='grc' dir='ltr'><strong><em>τα</em></strong></span> <span class='ocrx_word' id='word_1_215' title='bbox 143 2900 247 2980; x_wconf 75' lang='grc' dir='ltr'><strong><em>θεοὺς</em></strong></span> <span class='ocrx_word' id='word_1_216' title='bbox 262 2902 488 2990; x_wconf 76' lang='grc' dir='ltr'><strong><em>όπάρχονταςς</em></strong></span> 
     </span>
    </p>

    <p class='ocr_par' dir='ltr' id='par_1_9' title="bbox 5 3001 1093 3190">
     <span class='ocr_line' id='line_1_29' title="bbox 173 3001 1093 3094; baseline 0.008 -24"><span class='ocrx_word' id='word_1_217' title='bbox 173 3008 270 3070; x_wconf 86' lang='grc' dir='ltr'><em>ΧΑΡ.</em></span> <span class='ocrx_word' id='word_1_218' title='bbox 302 3001 391 3089; x_wconf 82' lang='grc' dir='ltr'><strong><em>Οόκ,</em></strong></span> <span class='ocrx_word' id='word_1_219' title='bbox 419 3003 501 3074; x_wconf 85' lang='grc' dir='ltr'><strong><em>ἀλλά</em></strong></span> <span class='ocrx_word' id='word_1_220' title='bbox 519 3004 556 3073; x_wconf 83' lang='grc' dir='ltr'><strong><em>τό</em></strong></span> <span class='ocrx_word' id='word_1_221' title='bbox 578 3013 712 3094; x_wconf 86' lang='grc' dir='ltr'><strong><em>πρᾶγμα</em></strong></span> <span class='ocrx_word' id='word_1_222' title='bbox 734 3011 827 3075; x_wconf 86' lang='grc' dir='ltr'><strong><em>δοκεῖ</em></strong></span> <span class='ocrx_word' id='word_1_223' title='bbox 845 3033 901 3093; x_wconf 91' lang='grc' dir='ltr'><strong><em>μοι</em></strong></span> <span class='ocrx_word' id='word_1_224' title='bbox 921 3007 1093 3077; x_wconf 89' lang='grc' dir='ltr'><strong><em>ἀπίθανον</em></strong></span> 
     </span>
     <span class='ocr_line' id='line_1_30' title="bbox 5 3097 613 3190; baseline 0.012 -26"><span class='ocrx_word' id='word_1_225' title='bbox 5 3135 15 3164; x_wconf 72' lang='grc' dir='ltr'><strong><em>ι</em></strong></span> <span class='ocrx_word' id='word_1_226' title='bbox 35 3097 46 3112; x_wconf 74' lang='grc'><strong>“</strong></span> <span class='ocrx_word' id='word_1_227' title='bbox 91 3125 165 3167; x_wconf 91' lang='grc' dir='ltr'><strong><em>τινα</em></strong></span> <span class='ocrx_word' id='word_1_228' title='bbox 180 3099 241 3185; x_wconf 86' lang='grc' dir='ltr'><strong><em>τήν</em></strong></span> <span class='ocrx_word' id='word_1_229' title='bbox 255 3110 501 3188; x_wconf 88' lang='grc' dir='ltr'><strong><em>μεγαλουργίαν</em></strong></span> <span class='ocrx_word' id='word_1_230' title='bbox 518 3111 613 3190; x_wconf 80' lang='grc' dir='ltr'><strong><em>ἔχειν.</em></strong></span> 
     </span>
    </p>

    <p class='ocr_par' dir='ltr' id='par_1_10' title="bbox 92 3199 1094 3489">
     <span class='ocr_line' id='line_1_31' title="bbox 174 3199 1094 3292; baseline 0.007 -24"><span class='ocrx_word' id='word_1_231' title='bbox 174 3207 279 3269; x_wconf 82' lang='lat' dir='ltr'><strong><em>EPM.</em></strong></span> <span class='ocrx_word' id='word_1_232' title='bbox 299 3200 462 3280; x_wconf 75' lang='grc' dir='ltr'><strong><em>Εἰκότως·</em></strong></span> <span class='ocrx_word' id='word_1_233' title='bbox 486 3203 616 3290; x_wconf 80' lang='grc' dir='ltr'><strong><em>ἰδιότης</em></strong></span> <span class='ocrx_word' id='word_1_234' title='bbox 630 3202 695 3289; x_wconf 85' lang='grc' dir='ltr'><strong><em>γάρ</em></strong></span> <span class='ocrx_word' id='word_1_235' title='bbox 711 3205 748 3289; x_wconf 82' lang='grc' dir='ltr'><strong><em>εἶ,</em></strong></span> <span class='ocrx_word' id='word_1_236' title='bbox 764 3199 937 3292; x_wconf 78' lang='grc' dir='ltr'><strong><em>ἀΧάρων,</em></strong></span> <span class='ocrx_word' id='word_1_237' title='bbox 954 3208 1009 3274; x_wconf 86' lang='grc' dir='ltr'><strong><em>καλ</em></strong></span> <span class='ocrx_word' id='word_1_238' title='bbox 1019 3205 1094 3289; x_wconf 83' lang='grc' dir='ltr'><strong><em>ήκι-</em></strong></span> 
     </span>
     <span class='ocr_line' id='line_1_32' title="bbox 92 3297 1094 3391; baseline 0.009 -27"><span class='ocrx_word' id='word_1_239' title='bbox 92 3317 151 3364; x_wconf 87' lang='grc' dir='ltr'><strong><em>στα</em></strong></span> <span class='ocrx_word' id='word_1_240' title='bbox 163 3298 349 3384; x_wconf 87' lang='grc' dir='ltr'><strong><em>ποιητικός·</em></strong></span> <span class='ocrx_word' id='word_1_241' title='bbox 372 3297 440 3371; x_wconf 73' lang='grc' dir='ltr'><strong><em>ὅδὲ</em></strong></span> <span class='ocrx_word' id='word_1_242' title='bbox 454 3303 616 3387; x_wconf 85' lang='grc' dir='ltr'><strong><em>γεννάδας</em></strong></span> <span class='ocrx_word' id='word_1_243' title='bbox 623 3301 767 3390; x_wconf 82' lang='grc' dir='ltr'><strong><em>Ὅμηρος</em></strong></span> <span class='ocrx_word' id='word_1_244' title='bbox 780 3301 845 3372; x_wconf 89' lang='grc' dir='ltr'><strong><em>ἀπό</em></strong></span> <span class='ocrx_word' id='word_1_245' title='bbox 862 3308 958 3373; x_wconf 78' lang='grc' dir='ltr'><strong><em>δυοῖν</em></strong></span> <span class='ocrx_word' id='word_1_246' title='bbox 969 3313 1094 3391; x_wconf 77' lang='grc' dir='ltr'><strong><em>στίχοιν</em></strong></span> 
     </span>
     <span class='ocr_line' id='line_1_33' title="bbox 92 3395 1094 3489; baseline 0.008 -26"><span class='ocrx_word' id='word_1_247' title='bbox 92 3395 208 3464; x_wconf 83' lang='grc' dir='ltr'><strong><em>αὐτίκα</em></strong></span> <span class='ocrx_word' id='word_1_248' title='bbox 221 3396 302 3484; x_wconf 81' lang='grc' dir='ltr'><strong><em>ἡμῖν</em></strong></span> <span class='ocrx_word' id='word_1_249' title='bbox 313 3395 463 3486; x_wconf 81' lang='grc' dir='ltr'><strong><em>ἀμβατὸν</em></strong></span> <span class='ocrx_word' id='word_1_250' title='bbox 474 3403 605 3489; x_wconf 86' lang='grc' dir='ltr'><strong><em>ἐποίησε</em></strong></span> <span class='ocrx_word' id='word_1_251' title='bbox 620 3397 680 3469; x_wconf 85' lang='grc' dir='ltr'><strong><em>τόν</em></strong></span> <span class='ocrx_word' id='word_1_252' title='bbox 694 3400 857 3488; x_wconf 83' lang='grc' dir='ltr'><strong><em>οὐρανόν,</em></strong></span> <span class='ocrx_word' id='word_1_253' title='bbox 874 3401 962 3470; x_wconf 81' lang='grc' dir='ltr'><strong><em>οὕτω</em></strong></span> <span class='ocrx_word' id='word_1_254' title='bbox 973 3405 1094 3489; x_wconf 79' lang='grc' dir='ltr'><strong><em>ῥαδίως</em></strong></span> 
     </span>
    </p>
   </div>
   <div class='ocr_carea' id='block_1_5' title="bbox 0 0 1285 3825">
    <p class='ocr_par' dir='ltr' id='par_1_11' title="bbox 0 0 1285 3825">
     <span class='ocr_line' id='line_1_34' title="bbox 0 0 1285 3825; baseline 0 0"><span class='ocrx_word' id='word_1_255' title='bbox 0 0 1285 3825; x_wconf 95' lang='lat' dir='ltr'><strong><em> </em></strong></span> 
     </span>
    </p>
   </div>
  </div>
 </body>
</html>
