2550 3825
518 165 694 225 ΧΑΡΩΝ.
1042 164 1103 229 217

106 343 199 403 τερον
212 318 249 386 τό
266 328 371 407 νήμα,
394 324 523 391 ἐκεῖνον
538 323 574 390 δέ
589 317 634 389 αύ
647 325 785 391 τούτου·
812 326 943 394 τοιόνδε
957 327 1023 413 γάρ
1039 325 1103 414 τιή

106 416 266 504 ἐπιπλοκὴ
289 424 391 506 δηλοῖ.
424 418 503 511 ὁρᾷς
524 419 557 489 δ’
577 413 640 488 ούν
660 419 725 489 ἀπὸ
736 430 858 491 λεπτοῦ
879 428 1105 513 κρεμαμένους

107 514 269 598 ἀπανταςς
291 522 346 588 καὶ
360 512 457 598 οὗτος
469 518 532 606 μέν
542 517 768 599 ἀνασπασθεὶς
780 519 851 589 ἀνω
861 524 1023 610 μετέωρός
1038 527 1104 591 ἐστι
1122 544 1173 597 513

106 620 161 685 καί
179 616 259 703 μετὰ
279 616 400 705 μικρόν
421 618 633 704 καταπεσών,
659 616 904 706 ἀπορραγέντος
922 629 983 691 τού
997 629 1104 709 λίνου,

107 711 240 783 ἐπειδᾶν
253 718 367 801 μηκέτι
382 712 500 804 ἀντέχη
515 712 598 802 πρός
611 713 647 783 τό
665 717 783 804 βάρος,
799 722 903 805 μέγαν
918 717 978 787 τόν
990 720 1105 805 ψόφον

105 813 296 898 έργάσεται,
310 805 409 892 οὗτος
419 813 455 881 δέ
466 810 580 898 ὀλίγον
590 811 656 881 ἀπὸ
670 822 730 900 γῆς
741 817 983 903 αἰωρούμενος,
997 814 1040 903 ήν
1051 822 1105 885 καλ

106 913 206 999 πέση,
221 908 367 997 ἀψοφητί
379 918 537 997 κείσεται,
551 912 646 997 μόλις
659 914 714 981 καὶ
728 927 795 991 τοῖς
809 921 954 1000 γείτοσιν
968 918 1105 995 ἐξακον-

106 1011 247 1086 σθέντος
260 1015 321 1075 τοῦ
335 1009 517 1095 πτώματος.

188 1113 284 1174 XAP.
305 1110 494 1193 Παγγέλοια
507 1115 627 1194 ταῦτα,
645 1103 790 1196 ἀἘρμή.

190 1206 240 1271 17.
260 1210 363 1272 ΕΡΜ.
385 1208 451 1274 Καὶ
470 1204 538 1291 μήν
560 1204 634 1273 οὐδ’
654 1213 758 1275 εἰπεῖν
777 1212 861 1293 ἔχοις
881 1204 925 1275 ἀν
945 1205 1026 1275 κατά
1043 1206 1105 1294 τήν

105 1298 215 1387 ἀξίαν,
231 1300 320 1380 ὅπως
330 1304 397 1371 έστλ
407 1307 648 1391 καταγέλαστα,
661 1298 837 1392 ύΧάρων,
852 1308 907 1374 καὶ
920 1306 1060 1391 μάλιστα
1071 1311 1107 1374 αἱ

105 1396 192 1484 ἀγαν
211 1401 353 1467 σπουδαὶ
373 1396 485 1468 αύτων
500 1399 605 1468 καὶτὸ
626 1398 748 1488 μεταξύ
769 1409 836 1469 τῶν
855 1405 997 1471 ἐλπίδων
1019 1412 1105 1489 οἴχε-

106 1506 187 1564 σθαι
195 1496 427 1582 ἀναρπάστους
437 1502 656 1584 γιγνομένους
665 1495 730 1565 ὑπὸ
740 1505 801 1566 τοῦ
809 1507 980 1588 βελτίστου
991 1502 1105 1569 Θανά-

106 1620 175 1662 του.
207 1591 341 1680 ἀγγελοι
359 1598 395 1662 δὲ
415 1598 471 1664 καὶ
488 1593 649 1682 ὑπηρέται
669 1592 773 1663 αὐτοῦ
794 1596 883 1681 μάλα
901 1604 1034 1681 πολλοί,
1062 1595 1104 1675 ὡς

106 1691 202 1781 ὁρᾷς,
216 1689 349 1779 ἠπίαλοι
358 1697 414 1763 καὶ
427 1695 562 1782 πυρετοὶ
576 1696 631 1762 καὶ
644 1694 751 1779 φθόαι
765 1696 819 1761 καὶ
829 1702 1104 1781 περιπνευμονίαι

106 1794 160 1860 καὶ
180 1798 257 1879 ξίφη
278 1794 333 1859 καὶ
349 1791 507 1880 ληστήρια
525 1795 581 1860 καὶ
599 1793 722 1860 κώνεια
737 1794 791 1860 καί
806 1794 954 1860 δικασταὶ
975 1794 1029 1860 καὶ
1045 1792 1105 1859 τύ·

105 1916 240 1979 ραννοι·
262 1889 459 1957 καὶτούτων
474 1886 574 1958 οὐδέν
588 1887 675 1969 ὅλως
690 1886 812 1967 αύτούς
829 1890 1021 1974 εἰσέρχεται,
1037 1888 1103 1957 ἔστ’

106 1985 150 2056 ἀν
166 1981 205 2056 εύ
219 1989 426 2072 πράττωσιν,
443 1987 524 2056 όταν
536 1989 572 2055 δὲ
586 1996 754 2075 σφαλῶσι,
770 1984 856 2055 πολύ
867 1985 903 2054 τό
917 1985 1045 2056 ὀττοτοῖ
1051 1989 1105 2054 καὶ

105 2092 177 2154 αίαῑ
188 2087 243 2153 καὶ
256 2095 352 2170 ολμοι.
375 2091 404 2153 εί
418 2087 454 2152 δὲ
469 2083 574 2164 εὐθύς
589 2088 621 2165 ἐξ
631 2082 732 2170 ἀρχῆς
748 2085 907 2152 ἐνενόουν
921 2083 972 2151 ότι
986 2092 1107 2171 θνητοί

104 2187 142 2251 τέ
155 2189 239 2250 είσιν
253 2179 347 2250 αύτοὶ
367 2185 422 2250 καὶ
443 2181 557 2269 ὀλίγον
575 2189 696 2250 τοῦτον
710 2181 833 2267 χρόνον
848 2182 1105 2267 ἐπιδημήσαντες

104 2292 151 2374 τῷ
158 2290 220 2373 βίφ
229 2280 364 2351 ἀπίασιν
375 2281 485 2368 ω”σπερ
495 2286 527 2363 έξ
538 2281 705 2366 ὀνείρατος
717 2281 826 2348 πάντα
836 2278 920 2361 ὑπὲρ
930 2288 990 2366 γῆς
1000 2278 1104 2366 ἀφέν-

105 2408 174 2468 τες,
191 2387 273 2462 έζων
286 2407 321 2448 τε
335 2376 379 2448 ἀν
395 2386 669 2467 σωφρονέστερον
685 2382 739 2449 καὶ
752 2373 852 2467 ήττον
862 2377 1002 2464 ἠνιῶντο
1019 2379 1103 2447 ἀπο-

105 2479 284 2558 θανόντες·
306 2485 371 2546 νῦν
383 2479 419 2546 δὲ
431 2481 464 2557 ές
477 2477 528 2547 ἀεὶ
542 2471 732 2556 ἐλπίσαντες
746 2477 929 2563 χρήσεσθαι
939 2491 1006 2556 τοῖς
1018 2501 1104 2560 παρ-

106 2585 218 2662 οῦσιν,
241 2575 375 2645 έπειδάν
389 2576 522 2656 έπιστάς
536 2574 554 2645 ὁ
569 2575 734 2662 ὑπηρέτης
748 2581 831 2663 καλή
848 2576 903 2642 καὶ
919 2571 1030 2663 ἀπάγη
1044 2598 1104 2640 πε-

105 2675 207 2763 δήσας
226 2683 271 2766 τῷ
297 2684 428 2768 πυρετῷ
447 2672 470 2763 ή
495 2683 535 2765 τῇ
556 2675 668 2764 φθόη,
694 2673 917 2759 ἀγανακτοῦσι
938 2669 1021 2757 πρὸς
1043 2669 1104 2757 τήν

104 2771 241 2861 ἀγωγήν
256 2773 377 2843 ούποτε
398 2775 686 2861 προσδοκήσαντες
700 2771 1024 2857 ἀποσπασθήσεσθαι
1041 2769 1104 2840 αύ-
1120 2787 1171 2841 514

104 2878 180 2939 τῶν.
210 2866 231 2956 ή
250 2878 285 2939 τί
301 2869 365 2958 γάρ
387 2870 449 2939 ούκ
471 2867 515 2940 ἀν
535 2871 705 2958 ποιήσειεν
728 2873 851 2948 ἐκεῖνος
873 2867 891 2936 ὁ
914 2867 976 2955 τήν
996 2876 1105 2937 οίκίαν

104 2973 234 3056 σπονδή
250 2971 528 3056 οἰκοδομούμενος
540 2972 595 3037 καὶ
607 2965 685 3046 τούς
697 2969 834 3055 έργάτας
845 2970 1059 3053 ἐπισπέρχων,
1076 2973 1106 3034 εί

102 3069 210 3154 μάθοι
225 3064 275 3135 ὅτι
293 3065 314 3154 ή
334 3067 396 3153 μέν
415 3069 480 3147 ἕξει
497 3067 588 3144 τέλος
602 3063 708 3156 αύτῷ,
730 3063 800 3135 ὁδέ
814 3064 887 3148 ἀρτι
904 3065 1030 3143 ἐπιθεὶς
1044 3061 1104 3132 τόν

103 3163 233 3251 ὄροφον
247 3162 358 3232 ἀπεισι
368 3170 414 3254 τῷ
429 3163 625 3253 κληρονόμῳ
636 3159 826 3229 καταλιπόν
841 3159 1024 3229 ἀπολαύειν
1041 3159 1104 3227 αύ-

102 3271 177 3349 τής,
206 3259 304 3340 αύτδς
323 3263 407 3348 μηδὲ
419 3260 607 3348 Ιδειπνήσεις
627 3256 645 3327 δ
667 3257 786 3338 ἀθλιος
806 3260 842 3325 ἐν
858 3255 958 3346 αὐτῇς
980 3260 1105 3336 ἐκεῖνος

101 3361 164 3440 μὲν
176 3357 240 3444 γάρ
252 3356 270 3428 ὁ
282 3367 406 3446 χαίρων
418 3356 469 3428 ότι
479 3358 605 3447 ἀρρενα
615 3360 717 3425 παῖδα
728 3358 859 3424 τέτοκεν
870 3352 961 3447 αύτῷ
973 3351 994 3442 ή
1005 3354 1104 3440 γυνή,
