2550 3825
158 174 220 237 140
511 174 816 232 AOYKIANOY

240 338 270 400 2.
292 339 404 401 ΜΕΝ.
430 340 471 400 Τί
485 337 569 418 φῆςς
591 339 621 398 εί
630 329 674 417 μῆ
688 334 720 408 ἐς
732 333 918 418 Λεβάδειαν
928 329 993 419 μῶρ
1004 335 1164 418 παρέλθω

157 434 211 498 καλ
228 433 424 516 ἐσταλμένος
443 443 513 506 ταῖς
533 425 674 506 ὀθόναις
690 435 826 514 γελοίως
841 436 947 515 μᾶζαν
968 433 1006 498 έν
1019 445 1094 498 ταῖν
1108 459 1164 516 χε-

90 535 140 589 340
159 542 233 611 ροῑν
248 533 331 612 ἔχων
346 526 518 612 ἐσερπύσω
539 523 592 593 διαὶ
612 533 674 592 τοῦ
688 533 826 611 στομίου
841 533 1000 594 ταπεινοῦ
1018 526 1116 606 ὄντος
1131 531 1164 607 ές

157 622 195 692 τό
215 625 394 710 σπήλαιον,
416 621 478 692 οῦκ
499 620 543 690 ῶν
562 621 741 709 ἠδυνάμην
762 626 901 711 είδέναι,
922 622 974 691 ὅτι
994 623 1113 710 νεκρὸς
1136 624 1165 692 ελ

158 720 269 808 ῶσπερ
286 720 380 807 ἡμεῖς
393 722 481 809 μόνῃ
496 728 537 807 τῆ
551 728 684 808 γοητείᾳ
700 723 887 806 διαφέρωνς
910 719 994 790 ἀλλὰ
1008 720 1093 809 πρὸς
1106 730 1163 809 τῆς

157 821 331 906 μδντικῆς,
347 827 382 887 τί
396 822 449 886 δαί
465 817 482 885 ὁ
500 818 589 904 ἥρως
605 821 709 897 έστίν;
729 816 841 904 ἀγνοῶ
856 819 929 903 γάρ.
963 842 968 850 ·

245 924 370 984 ΤΡΟΦ.
390 913 644 1000 Ἐξ·ἆνθρώπου
660 943 692 985 τι
707 919 763 984 καλ
777 925 863 984 θεοῦ
879 918 1056 986 σύνθετον.

241 1022 352 1082 ΜΕΝ.
367 1011 406 1081 Ὃ
417 1014 497 1099 μήτε
509 1013 690 1100 ἅνθρωπός
702 1017 808 1100 ἐστιν,
826 1013 871 1094 ῶς
882 1016 963 1102 φῆς,
980 1016 1061 1102 μῆτε
1071 1015 1162 1102 θεός,

76 1129 77 1136 ’
156 1114 210 1180 καὶ
222 1111 479 1197 συναμφότερόν
491 1114 575 1191 έστις
597 1121 663 1179 νῦν
674 1106 739 1179 οῦν
749 1120 817 1179 ποῦ
827 1133 891 1179 σου
902 1111 939 1180 τὸ
950 1121 1043 1181 θεῶν
1055 1115 1162 1181 έκεῖνο

156 1207 317 1295 ἡμίτομον
331 1206 539 1295 ὀπελῆλυθε;

245 1313 370 1375 ΤΡΟΦ.
392 1314 483 1396 Χρᾷ,
501 1300 528 1374 ώ
545 1310 718 1394 Μένιππε,
737 1311 773 1376 έν
787 1314 939 1395 Βοιωτίᾳ.

244 1412 353 1472 ΜΕΝ.
378 1405 451 1474 Οὐκ
466 1404 555 1492 οίδα,
574 1399 600 1473 ώ
615 1407 807 1492 Τροφώνιε,
823 1404 844 1472 ὀ
858 1432 889 1472 τι
900 1407 955 1472 καὶ
967 1407 1087 1489 λέγεις·
1109 1404 1160 1474 ὅτι

156 1505 269 1591 μέντοι
284 1501 362 1581 ὀλος
376 1501 406 1570 εί
418 1501 537 1586 νεκρὸς
553 1501 699 1590 οίκριβῶς
713 1501 790 1588 ὁρῶ.

644 1775 675 1836 4.

87 1887 135 1941 341
385 1884 553 1937 ΕΡΜον
576 1887 659 1938 ΚΑΙ
685 1886 928 1940 ΧΑΡπΝοΣ.

240 2015 268 2077 1.
290 2014 394 2076 ΕΡΜ.
417 2008 655 2093 Λογισώμεθα,
669 2000 878 2094 ώπορθμεῦ,
894 2014 924 2075 εί
933 2014 1038 2094 δοκεῖ
1052 2007 1160 2077 ὁπόσα
1242 2033 1248 2039 ·

155 2134 211 2193 μοι
223 2105 368 2191 ὀφείλεις
377 2102 493 2191 ῆδῆ,”
473 2128 563 2183 οπως
573 2132 617 2191 μη
608 2098 732 2182 αὖθις
743 2107 898 2191 ἐρίζωμέν
909 2133 940 2172 τι
950 2109 1024 2191 περὶ
1036 2104 1158 2174 αὐτῶν.

238 2211 335 2271 ΧΑΡ.
359 2204 599 2289 Λογισώμεθα,
615 2230 640 2269 ιο
628 2196 765 2288 Ερμῆ·
788 2204 928 2342 ἄμεινον
938 2231 1002 2291 γαρ
1015 2201 1160 2290 ὡρίσθαι

155 2306 210 2371 καὶ
224 2299 544 2387 ἀπραγμονέστερον.

225 2408 328 2468 ΕΡΜ.
336 2398 507 2486 Αγκυραν
518 2398 929 2489 εντειλαμενωέκομισα
887 2425 984 2468 πεντε
994 2406 1159 2487 δραχμῶν

227 2504 324 2566 ΧΑΡ.
346 2503 482 2564 Πολλοῦ
496 2498 608 2581 λέγεις.

226 2602 331 2662 ΕΡΜ.
352 2591 406 2679 Νὴ
422 2592 482 2660 τὸν
492 2591 665 2678 Ἀϊδωνέα,
690 2600 757 2660 τῶν
771 2598 869 2661 πέντε
885 2592 1081 2682 ώνησώμην,
1103 2600 1159 2665 καί

154 2698 351 2778 τροπωτῆρα
367 2690 428 2758 δύο
445 2688 584 2777 ὀβολῶν.

236 2798 332 2857 ΧΑΡ.
359 2796 454 2857 Τίθει
472 2793 569 2857 πέντε
587 2788 733 2876 δραχμὰς
746 2792 801 2857 καὶ
816 2787 957 2877 ὀβολοὺς
971 2792 1044 2859 δύο.

237 2897 340 2958 ΕΡΜ.
359 2885 452 2956 Καί’
434 2892 596 2972 ακέστραν
606 2888 690 2972 ὑπὲρ
701 2895 761 2955 τοῦ
770 2893 892 2957 ίστίου·
908 2893 1006 2956 πέντε
1016 2888 1158 2977 ὀβολοὺς

83 3008 134 3063 342
155 2997 217 3079 έγω
206 2990 425 3076 κατέβαλον.

236 3098 333 3159 ΧΑΡ.
357 3090 423 3157 Καὶ
438 3088 578 3167 τούτους
595 3063 778 3174 προστίθει

236 3196 339 3257 ΕΡΜ.
363 3188 429 3255 Καὶ
449 3183 554 3273 κηρὸν
571 3183 615 3264 ῶς
636 3186 812 3253 ἐπιτελέσαι
834 3191 895 3251 τοῦ
916 3188 1097 3270 σκαφιδίου
1116 3183 1157 3252 τὰ

153 3286 323 3380 ἆνεφμότα
339 3290 394 3354 καί
408 3283 511 3372 ἥλους
528 3289 564 3353 δὲ
585 3286 640 3352 καί
654 3284 836 3370 καλώδιον,
857 3279 918 3368 ἀφ’
935 3274 978 3350 οῦ
995 3280 1058 3369 τῆν
1074 3280 1157 3351 ὑπέ-

152 3412 217 3467 ραν
231 3388 401 3470 έποίῆσας,
418 3383 480 3450 δύο
497 3387 652 3469 δραχμῶν
667 3380 805 3450 ἅπαντα.
