2550 3825
217 150 495 211 ΜΕΝΙΠΠΟΣ
512 154 547 210 Η
566 154 986 214 ΝΕΚΤΟΜΑΝΤΕΙΑ.
1038 154 1100 218 203

99 303 168 375 εἷπε
183 304 245 394 τὴν
258 310 398 395 γνάμην
412 316 570 396 Κρανίων
586 318 811 390 Σκελετίωνος
825 313 1012 394 Νεκυσιεὺς
1032 342 1100 399 φυ-

100 414 157 491 λῆς
168 402 424 493 Ἀλιβαντίδος.“

186 532 316 599 Τούτου
335 531 611 617 ἀναγνωσθέντος
628 541 690 600 τοῦ
710 542 919 621 ψηφίσματος
936 539 1100 624 ἐπεψήφι-

100 650 163 697 σαν
175 630 237 715 μὲν
249 634 286 697 αί
300 627 412 716 ἀρχαί,
433 631 699 717 ἐπεχειροτόνησε
717 631 752 699 δὲ
769 630 804 699 τό
821 641 949 720 πλῆθος
961 636 1016 702 καὶ
1029 638 1102 702 ένε-
1118 652 1168 707 484

98 727 282 815 βριμήσατο
301 724 322 813 ἡ
340 725 454 813 Βριμοδ
476 730 531 795 καὶ
551 725 737 814 ὑλάκτησεν
758 727 776 796 ὁ
797 732 980 818 Κέρβερος·
1013 730 1101 799 οὕτω

97 822 162 911 γάρ
175 828 290 912 ἐντελῆ
299 831 446 911 γίγνεται
456 826 511 892 καὶ
521 826 621 911 πόρια
635 824 676 892 τά
687 825 931 914 ἀνεγνωσμένα.
954 836 1004 896 21.
1019 838 1101 897 ταῦ-

98 950 137 990 τα
152 922 215 1009 μὲν
229 922 270 1009 δή
284 945 337 991 σοι
351 920 391 989 τά
405 926 443 991 έν
452 931 492 1012 τῇ
503 926 667 1013 ἐκκλησίᾳ.
690 923 754 1009 έγά
767 927 819 1011 δέ,
834 918 938 1013 οὗπερ
950 924 1100 1013 ἀφίγμην

98 1023 214 1105 ἕνεκα,
231 1026 278 1109 τῷ
290 1027 442 1111 Τειρεσίᾳ
453 1018 654 1107 προσελθων
664 1026 813 1090 ἱκέτευον
824 1021 928 1091 αὐτόν
940 1021 980 1091 τά
990 1025 1099 1091 πάντα

99 1119 340 1208 διηγησάμενος
361 1126 465 1189 εἰπεῖν
487 1121 571 1207 πρός
590 1146 647 1206 με,
675 1121 773 1189 ποῖόν
795 1148 870 1190 τινα
894 1120 1019 1209 ἡγεῖται
1039 1120 1098 1190 τόν

99 1217 236 1305 ἀριστον
249 1224 334 1306 βίον.
357 1216 374 1285 ὁ
391 1220 428 1286 δὲ
440 1219 582 1304 γελάσας
597 1259 641 1269 -
656 1220 775 1287 ἔστιδὲ
790 1220 921 1306 τυφλόν
935 1248 966 1288 τι
981 1221 1089 1306 γερόν

97 1344 170 1385 τιον
183 1318 238 1385 καλ
253 1314 361 1403 ἀχρὸυ
375 1319 429 1383 καὶ
443 1316 717 1402 λεπτόφωνον-
726 1309 765 1385 Ὠ
779 1322 907 1405 τέκνον,
926 1325 1024 1404 φησί,
1039 1314 1096 1404 τὴν

98 1420 159 1503 μὲν
181 1421 289 1483 αἰτίαν
306 1414 381 1483 οίδά
402 1435 455 1482 σοι
475 1424 533 1501 τῆς
552 1414 692 1502 ἀπορίας
717 1414 767 1483 ὅτι
787 1415 875 1503 παρά
892 1424 960 1484 τῶν
983 1424 1101 1503 σοφοῖν

98 1516 226 1600 ἐγένετο
244 1512 286 1580 οὐ
301 1511 341 1581 τά
356 1511 440 1581 αὐτοὶ
450 1516 707 1600 γιγνωσκόντων
721 1518 864 1594 ἑαυτοῖς·
886 1512 969 1602 ἀτάρ
985 1513 1027 1583 οὐ
1036 1518 1098 1583 δέ·
1116 1533 1169 1589 εει

98 1642 152 1700 μις
167 1615 276 1699 λέγειν
296 1610 380 1695 πρὸς
397 1616 448 1679 σέ·
479 1611 651 1700 ἀπείρηται
668 1611 733 1699 γάρ
756 1611 822 1680 ὑπό
840 1621 901 1681 τοῦ
915 1613 1100 1699 Ῥαδαμάν-

97 1721 192 1788 θυος.
232 1714 421 1797 Μηδαμῶς,
442 1717 545 1797 ἔφην,
563 1705 590 1778 ά
607 1712 780 1796 πατέριον,
806 1709 880 1779 ἀλλ’
898 1712 968 1780 εἰπὲ
983 1716 1038 1779 καὶ
1055 1706 1099 1796 μὴ

97 1813 246 1896 περιίδῃς
259 1834 300 1893 με
316 1815 378 1876 σοῦ
398 1808 607 1894 τυφλότερον
625 1808 797 1894 περιιόντα
812 1810 849 1876 έν
866 1816 911 1899 τῷ
926 1816 996 1897 βίφ.
1030 1805 1100 1876 ὁδε

98 1910 139 1996 δή
153 1934 195 1995 με
209 1904 391 1993 άπαγαγάν
407 1909 462 1976 καὶ
477 1905 564 1976 πολι)
579 1916 646 1976 τῶν
660 1908 772 1978 ἀλλων
784 1904 979 1988 ἀποσπάσας
993 1908 1100 1996 ἠρέμα

98 2005 294 2088 προσκόψας
308 2002 391 2089 πρός
405 2001 442 2070 τό
458 1998 518 2081 οὖς
532 2023 652 2090 φησιν,
674 2002 707 2072 ‘O
722 2013 791 2072 τῶν
810 2011 951 2075 ίδιωταν
967 2007 1100 2094 ἀριστος

97 2114 169 2193 βίος
188 2107 243 2173 καὶ
263 2106 549 2190 σωφρονέστερος·
572 2101 616 2181 ὡς
635 2111 692 2190 της
713 2101 908 2192 ἀφροσύνης
928 2105 1099 2190 παυσάμε-

98 2229 156 2282 νος
180 2210 240 2271 τοῦ
261 2199 592 2288 μετεωρολογείν’καλ
611 2201 687 2285 τέλη
707 2203 762 2267 καὶ
784 2199 886 2287 ἀρχάς
908 2205 1099 2270 ἐπισκοπεῖν

98 2305 153 2372 καὶ
165 2300 374 2378 καταπτύσας
388 2306 456 2367 τῶν
470 2307 587 2384 σοφῶν
600 2299 730 2366 τούτων
745 2307 977 2386 συλλογισμῶν
991 2299 1099 2368 καὶτὰ

98 2407 233 2468 τοιαῦτα
248 2407 352 2486 λῆρον
365 2395 573 2485 ἡγησάμενος
587 2403 685 2464 τοῦτο
700 2396 807 2483 μόνον
824 2400 857 2478 ἐξ
872 2396 1018 2474 ἅπαντος
1032 2406 1100 2482 θη-

98 2499 200 2588 ράση,
215 2497 305 2576 ὅπως
318 2495 355 2565 τό
370 2493 479 2582 παρόν
494 2487 532 2562 εὖ
543 2497 686 2581 θέμενος
701 2494 919 2584 παραδράμῃς
935 2502 1043 2582 γελαν
1057 2491 1097 2561 τό
1117 2513 1167 2568 48⁶

99 2595 204 2665 πολλά
218 2599 272 2664 καὶ
286 2597 362 2680 περὶ
374 2595 478 2681 μηδὲν
493 2592 715 2669 ἐσπουδακώς.

162 2720 205 2800 δίς
222 2719 324 2789 εἰπάν
338 2721 441 2788 πάλιν
456 2712 541 2803 ὦρτο
557 2716 632 2786 κατ’
650 2714 840 2803 ἀσφοδελὸν
853 2724 1008 2803 λειμῶνα.

98 2857 147 2918 22.
163 2846 228 2935 έγοδ
243 2851 331 2916 δέ-
341 2850 396 2917 καὶ
409 2846 474 2935 γάρ
492 2847 556 2935 ἤδη
570 2845 632 2928 ὀψὲ
648 2839 692 2934 ἦν
706 2845 831 2932 -”Αγε
846 2846 904 2932 δή,
922 2839 1102 2931 ἀΜιθρο-

98 2947 261 3036 βαρξάνη,
284 2955 384 3033 φημί,
413 2955 447 3015 τί
464 2950 682 3032 διαμέλλομεν
701 2946 756 3013 καλ
772 2942 835 3011 οὐκ
856 2943 979 3031 ἀπιμευ
999 2938 1101 3022 αὖθις

97 3045 130 3124 ές
144 3043 204 3113 τόν
223 3051 314 3132 βίους
336 3042 407 3113 ὁδε
428 3042 511 3129 πρὸς
533 3051 652 3130 ταῦτα,
678 3044 818 3129 Θάρρει,
840 3048 960 3129 φησίν,
983 3034 1100 3109 &Mi-

97 3167 214 3211 υιππε·
236 3158 368 3229 ταχείαν
383 3144 447 3229 γάρ
464 3163 517 3210 σοι
531 3144 585 3211 καὶ
600 3140 798 3229 ἀπράγμονα
815 3137 978 3220 ὑποδείξω
998 3137 1099 3222 ἀτρα-

97 3241 171 3308 πόν.
195 3243 250 3308 καὶ
267 3238 307 3327 δὴ
322 3238 504 3325 ἀπαγαγάν
521 3266 561 3325 με
573 3237 656 3325 πρός
671 3267 703 3306 τι
716 3245 838 3326 χωρίον
852 3245 913 3306 τοῦ
926 3235 1030 3306 ἄλλου
1046 3243 1100 3319 ζο-

98 3339 289 3426 φερώτερον
313 3344 419 3420 δείξας
443 3346 482 3425 τῇ
504 3341 586 3424 χειρὶ
610 3338 790 3425 πόρρωθεν
815 3334 969 3422 ἀμαυρόν
992 3364 1023 3404 τι
1045 3339 1100 3405 καὶ
