2550 3825
459 178 777 240 ΚΑΤΑΠΛΟΤΣ.
1056 180 1118 244 281

113 366 178 426 μεν
198 351 339 425 γυναῖκα
355 343 467 416 Μίδας
488 335 506 406 ὁ
522 341 642 416 δοῦλος
659 340 739 425 ἕξει,
765 341 819 408 καλ
839 339 942 408 πάλαι
962 346 998 411 δὲ
1014 339 1119 430 αὐτὴν

116 443 292 524 ἐμοίχευεν.

199 542 304 603 ΜΕΓ.
321 533 358 602 Ὁ
372 535 569 620 κατάρατος,
585 531 625 602 δυ
641 533 704 619 ε’γώ
721 536 921 621 πειθόμενος
935 535 1018 627 αὐτῇ
1029 536 1119 625 ἀφῆ-

117 660 158 702 κα
176 635 365 716 ἐλεύθερον.

200 738 334 800 mcx).
350 728 397 798 ‘H
407 729 561 816 θυγάτηρ
576 731 614 797 δέ
628 750 682 798 σοι
695 746 765 810 ταῖς
775 739 951 801 παλλακίσι
966 741 1027 801 τοῦ
1042 738 1118 804 νυυλ

116 837 363 910 τυραννοῦντος
386 828 693 914 ἐγκαταλεγήσεται·
727 834 763 896 αί
781 831 907 910 εἰκόνες
928 830 965 898 δέ
982 833 1036 899 καὶ
1056 829 1118 898 ἀν-

117 927 284 1012 δριάντες,
300 923 392 1012 οδςὴ
409 925 504 1003 πόλις
518 924 679 1012 ἀνέστησέ
690 947 742 994 σοι
758 928 875 1012 πάλαι,
899 928 1021 1008 πάντες
1034 927 1117 997 ἀνα-

116 1030 330 1112 τετραμμένοι
348 1025 473 1110 γέλωτά
487 1047 554 1090 που
570 1026 748 1110 παρέξουσι
765 1040 832 1104 τοῖς
845 1029 1037 1112 θεωμένοις.

202 1128 304 1190 ΜΕΓ.
333 1124 418 1189 Είπέ
437 1146 509 1206 μοι,
535 1127 732 1206 τῶνφίλων
754 1123 790 1190 δέ
812 1122 920 1202 οὐδεὶς
941 1123 1122 1211 ἀγανακτεῖ

117 1233 184 1297 τοῖς
198 1223 393 1305 δρωμένοις;

198 1324 333 1387 ΚΛΩΘ.
360 1325 416 1397 Τίς
429 1316 493 1404 γάρ
504 1311 548 1404 ἦν
560 1339 613 1385 σοι
631 1325 740 1404 φίλος;
759 1315 780 1405 ἦ
796 1323 832 1386 ἐκ
845 1327 934 1399 τίνος
947 1327 1050 1401 αἰτίας
1060 1351 1119 1410 γε·

118 1417 272 1501 νόμενος;
299 1413 431 1502 ἀγνοεῖς
448 1415 499 1484 ὅτι
514 1417 634 1495 πάντες
656 1422 690 1484 οί
705 1419 758 1484 καλ
776 1427 1044 1499 προσκυνοῦντες
1064 1420 1119 1486 καλ

116 1521 182 1581 των
197 1519 384 1600 λεγομένων
401 1518 455 1583 καλ
476 1516 712 1600 πραττομένων
728 1517 847 1582 ἕκαστα
864 1520 1077 1596 ἐπαινοῦντες
1095 1512 1118 1604 ἢ

116 1606 248 1700 φόβωῆ
268 1615 396 1679 ἐλπίσιν
412 1616 519 1696 ἔδρων
540 1617 597 1696 τῆς
619 1609 719 1696 ἀρχῆς
739 1610 831 1690 όντες
846 1619 937 1697 φίλοι
958 1617 1013 1680 καὶ
1034 1611 1118 1700 πρὸς

116 1704 175 1774 τὸν
189 1705 306 1792 καιρόν
320 1705 580 1795 ἀποβλέποντεςς

198 1814 303 1875 ΜΕΓ.
326 1810 391 1875 Καὶ
406 1807 473 1895 μὴν
490 1810 688 1894 σπένδοντες
702 1811 739 1874 ἐν
759 1821 826 1885 τοῖς
843 1815 1039 1892 συμποσίοις
1054 1836 1115 1895 με·
1132 1823 1185 1878 633

115 1909 199 1993 γάλη
209 1911 248 1993 τῇ
260 1912 357 1994 φωνῇ
368 1906 551 1992 ἐπηύχοντό
562 1932 618 1992 μοι
632 1903 738 1974 πολλά
750 1907 805 1974 καὶ
818 1903 948 1992 ἀγαθοί,
963 1930 1115 1992 προαπο-

114 2012 235 2069 θανεῖν
246 2004 382 2082 έκαστος
393 2002 505 2071 αὐτῶν
516 2007 660 2091 ἕτοιμος,
673 2012 703 2075 εί
713 2001 831 2074 οἷόντε
842 2004 943 2092 εἶναι,
955 2009 1010 2075 καλ
1021 2008 1115 2092 ὅλως,

115 2096 212 2181 ὅρκος
225 2100 337 2178 αὐτοῖς
349 2094 393 2187 ἦν
410 2102 484 2186 ἐγώ.

198 2201 331 2264 XM.
358 2204 546 2283 Τοιγαροῦν
557 2196 635 2281 παρ’
653 2200 701 2266 ἑνὶ
715 2197 826 2266 αὐτῶν
840 2202 920 2284 χθὲς
937 2202 1117 2287 δειπνήσας

115 2290 296 2370 ἀπέθανες·
326 2291 362 2361 τό
384 2292 448 2379 γάρ
465 2294 655 2362 τελευταῖόν
672 2316 725 2363 σοι
741 2311 829 2363 πιεῖν
852 2298 988 2382 ἐνεχθὲν
1010 2300 1115 2365 ἐκεῖνο

115 2392 208 2477 δευρὶ
223 2393 412 2477 κατέπεμψέ
423 2414 468 2459 σε,

198 2496 303 2559 ΜΕΓ.
329 2487 431 2557 Ταῦτ’
450 2490 516 2575 ἀρα
537 2497 659 2576 πικροῦ
677 2516 768 2569 τινος
788 2489 960 2579 ᾐσθόμην·
989 2498 1022 2559 τί
1033 2500 1117 2579 βου-

112 2587 252 2673 λόμενος
269 2587 422 2655 δὲταῦτα
439 2595 574 2676 ἐπραξες

196 2689 329 2753 ΚΛΩΘ.
353 2685 469 2753 Πολλά
483 2712 524 2772 με
539 2683 745 2773 ἀνακρίνεις,
764 2690 904 2774 ἐμβῆναι
922 2691 1007 2755 δέον.

198 2787 246 2851 12.
270 2789 376 2851 ΜΕΓ.
396 2780 455 2852 Ἕν
475 2808 515 2868 με
532 2790 643 2868 πνίγει
657 2784 816 2869 μάλιστα,
839 2778 866 2852 ἀ
886 2792 1041 2870 Κλωθοῖ,
1066 2782 1111 2852 δι’

113 2875 194 2965 ὅπερ
203 2879 354 2946 ἐπόθουν
365 2882 420 2947 καὶ
431 2877 513 2962 πρὸς
524 2876 638 2965 ὀλίγον
649 2882 682 2958 ἐς
692 2878 728 2947 τό
741 2888 811 2966 φῶς
821 2879 989 2961 ἀνακῦψαι
1000 2883 1111 2950 πάλιν.

195 2983 331 3044 Maca).
357 2983 398 3043 Τί
415 2977 451 3043 δέ
471 2976 570 3043 τοῦτό
586 2980 692 3056 έστιυ;
713 2985 799 3045 ἔοικε
813 2979 878 3064 γάρ
899 3007 930 3046 τι
945 2983 1114 3066 παμμέγε-

112 3086 173 3155 θες
190 3074 283 3143 εἶναι.

194 3178 300 3241 ΜΕΓ.
323 3179 461 3257 Καρίων
475 3171 491 3239 ὁ
511 3170 587 3258 ἐμός
605 3176 731 3259 οίκέτης
745 3177 814 3242 ἐπεὶ
828 3174 962 3259 τάχιστά
975 3199 1015 3260 με
1028 3172 1114 3242 ἀπο-

110 3270 262 3338 θανόντα
277 3270 358 3357 είδε,
375 3274 450 3357 περὶ
465 3275 576 3358 δείλην
587 3268 689 3351 ὀψίαν
702 3270 858 3340 ἀυελθιδν
873 3279 918 3351 είς
932 3271 967 3339 τδ
982 3283 1112 3360 οῖκημα,

109 3372 195 3437 ἐυθα
205 3374 348 3457 ἐκείμην,
365 3377 482 3456 σχολῆς
494 3367 596 3456 οὔσης
609 3411 645 3421 -
659 3368 767 3449 οὐδεὶς
782 3369 847 3456 γάρ
859 3369 937 3439 οὐδὲ
953 3372 1116 3455 ἐφύλαττέ
