2550 3825
162 180 205 242 44
513 178 818 240 AOYKIANOY

98 356 146 411 138
163 340 337 428 περιτύχῃ,
362 336 544 424 ἀπαγαγών
561 334 634 420 παρ’
654 334 758 404 αὑτὸν
774 342 839 423 ἔχει
854 339 891 404 σὲ
905 333 1092 422 τόνἙρμήν
1107 338 1161 403 ε’πλ

163 445 209 528 τῷ
225 437 404 525 παραλόγῳ
422 443 483 503 τοῦ
497 437 637 521 κέρδους
653 442 864 520 προσκυνῶν.

247 540 298 602 25.
325 539 431 600 EPM.
456 530 594 601 Ούκοῦν
609 532 805 618 ἐξηπάτηται
820 532 838 601 ό
855 532 940 612 Ζεύς
954 531 1107 619 οἰόμενός
1123 551 1161 599 σε

163 628 246 700 κατά
269 629 306 698 τό
330 628 422 715 αύτῷ
444 634 569 697 δοκοῦν
587 636 773 710 πλουτίζειν
795 628 896 709 ὅσους
916 628 961 698 ἀν
980 642 1088 717 οἴηται
1099 637 1161 698 τοῦ
1268 711 1269 714 ¹

163 738 321 797 πλουτεῖν
336 728 465 809 ἀξίουςς

246 833 408 895 ΠΛΟΤΤ.
430 828 495 893 Καὶ
510 824 598 909 μάλα
614 828 763 911 δικαίως,
786 819 909 912 ὦγαθέ,
925 824 962 903 ὅς
979 852 1016 911 γε
1031 833 1162 912 τυφλου

163 924 244 992 όυτα
272 921 366 1000 είόύς
394 928 538 1009 ἔπεμπεν
565 920 813 1009 ἀναζητήσοντα
840 924 1043 1006 δυσεύρετον
1071 922 1161 990 οὕτω

162 1030 271 1109 χρήμα
287 1025 341 1089 καὶ
353 1019 416 1105 πρό
428 1028 555 1089 πολλοῦ
566 1019 756 1098 ἐκλελοιπός
767 1024 803 1089 ἐκ
813 1028 874 1089 τοῦ
883 1026 971 1106 βίου,
994 1019 1076 1106 ὅπερ
1088 1017 1161 1086 οὐδ’

163 1116 348 1204 ὁΛυγκεύς
363 1115 406 1185 ἀν
421 1117 547 1203 ἐξεύροι
558 1120 693 1207 ῥᾳδίως,
708 1117 863 1204 ἀμαυρόν
874 1116 962 1186 ούτω
974 1121 1029 1187 καὶ
1039 1116 1163 1206 μικρόν

163 1216 212 1284 όν.
233 1222 412 1302 τοιγαροῦν
428 1214 484 1283 ἀπε
498 1221 567 1282 τῶν
580 1214 642 1300 μὲν
655 1214 796 1301 ἀγαθῶν
813 1213 936 1302 όλίγων
951 1215 1076 1303 ὄντων,
1098 1242 1162 1284 πο-

164 1321 277 1400 νηρῶν
300 1314 335 1381 δέ
357 1320 518 1381 πλείστων
540 1316 577 1380 ἐν
596 1328 668 1392 ταῖς
688 1314 804 1382 πόλεσι
824 1311 860 1381 τό
883 1322 951 1382 πᾶν
966 1314 1160 1400 ἐπεχόντων,

164 1416 248 1501 ῥᾷον
268 1414 300 1489 ές
320 1410 398 1489 τούς
420 1409 592 1487 τοιούτους
612 1413 759 1496 ἐμπίπτω
774 1411 913 1497 περιιόν
927 1416 981 1481 καὶ
996 1412 1163 1500 σαγηνεύ-

164 1537 242 1597 ομαι
257 1508 342 1593 πρός
359 1508 481 1577 αὐτῶν.

97 1632 146 1688 139
241 1616 344 1677 ΕΡΜ.
367 1616 448 1676 Είτα
459 1613 538 1690 πῶς,
557 1606 694 1675 έπειόἀν
704 1613 883 1697 καταλίπῃς
894 1607 1027 1693 αὐτούς,
1040 1610 1164 1697 ῥᾳδίως

165 1706 299 1792 φεύγεις
314 1703 376 1773 ούκ
394 1702 489 1782 είόύς
504 1702 567 1791 τήν
581 1703 681 1786 ὁδόν,

249 1811 408 1871 ΠΛΟῬΤ.
443 1800 636 1888 Ὀξυδερκὴς
651 1803 726 1869 τότε
742 1827 811 1879 πως
825 1803 879 1869 καί
894 1799 1053 1887 ἀρτίπους
1067 1808 1163 1886 γίνο-

164 1930 223 1989 μαι
238 1901 321 1988 πρὸς
336 1901 443 1989 μόνον
457 1897 517 1969 τόν
534 1899 653 1985 καιρόν
668 1907 725 1987 τῆς
742 1907 860 1986 φυγῆς.

247 2006 297 2068 26.
330 2006 431 2066 EPM.
460 1996 530 2066 Ἔτι
551 1999 593 2085 δή
613 2025 670 2085 μοι
693 2003 860 2067 καὶτοῦτο
875 1996 1069 2082 ἀπόκριναι,
1091 2005 1163 2074 πῶς

164 2094 291 2183 τυφλός
306 2095 364 2182 όίν,
380 2096 543 2182 εἰρήσεται
560 2097 635 2182 γάρ,
651 2100 706 2164 καὶ
720 2099 855 2177 προσέτι
871 2093 975 2181 ὦχρός
990 2099 1045 2164 καὶ
1054 2093 1163 2183 βαρύς

165 2198 201 2263 έκ
221 2210 293 2263 τοῖν
314 2204 446 2264 σκελοῖν
467 2197 649 2273 τοσούτους
663 2193 801 2280 έραστάς
817 2201 916 2281 ἔχεις,
937 2193 1020 2262 ὥστε
1034 2195 1163 2272 πάντας

164 2289 365 2380 ἀποβλέπειν
380 2299 425 2370 είς
435 2297 482 2378 σέ,
497 2294 552 2360 καὶ
561 2293 723 2377 τυχόντας
729 2293 791 2379 μὲν
799 2291 1009 2378 εὐδαιμονεῖν
1017 2302 1162 2376 ολεσθαι,

164 2402 195 2464 εί
203 2401 238 2464 δὲ
250 2393 459 2481 ἀποτύχοιεν,
475 2391 538 2461 ούκ
547 2392 726 2478 ἀνέχεσθαι
737 2400 876 2474 ζῶνταςς
888 2390 961 2460 οίόα
972 2399 1058 2478 γοῦν
1067 2418 1164 2469 τινας

163 2493 226 2561 οὐκ
245 2491 377 2578 ὀλίγους
398 2489 510 2560 αὐτῶν
530 2489 637 2569 οὕτως
657 2513 721 2559 σου
742 2495 929 2577 δυσέρωτας
942 2491 1056 2577 ὄντας,
1077 2490 1165 2558 ὥστε

163 2593 217 2658 καὶ
239 2593 271 2667 ἐς
292 2590 484 2676 βαθυκήτεα
498 2589 624 2656 πόντον
639 2593 797 2675 φέροντες
810 2596 951 2675 ἔρριψαν
967 2587 1091 2666 αύτούς
1105 2591 1164 2655 καὶ

163 2695 296 2772 πετρῶν
308 2685 374 2753 κατ’
387 2684 555 2773 ἠλιβάτων
567 2685 798 2770 ὑπερορᾶσθαι
809 2693 996 2773 νομίζοντες
1008 2685 1073 2755 ὑπό
1086 2695 1163 2770 σοῦ,

98 2790 147 2844 140
164 2782 278 2865 ὅτιπερ
294 2781 372 2850 οὐδὲ
386 2780 447 2868 τήν
461 2781 566 2868 ἀρχὴν
582 2784 688 2867 ἑώρας
703 2783 834 2863 αύτούς.
858 2783 947 2872 πλήν
955 2782 1039 2854 ἀλλά
1052 2787 1106 2852 καὶ
1116 2780 1163 2850 σύ

163 2878 207 2948 ἀν
222 2873 261 2947 εύ
275 2877 349 2946 οἶδα
366 2877 417 2946 ότι
427 2877 681 2969 ὁμολογήσειας,
699 2894 768 2951 εἴτι
777 2890 890 2969 ξυνίης
899 2892 1042 2970 σαυτοῦ,
1057 2910 1166 2968 κορυ·

162 2985 305 3066 βαντιᾶυ
319 2975 442 3055 αύτούς
456 2981 609 3070 ἐρωμένῳ
624 2981 763 3071 τοιούτω
779 2982 1027 3068 ἐπιμεμηνότας.

246 3079 296 3142 27.
323 3081 485 3142 HAOYT.
510 3083 581 3143 Οίει
590 3076 655 3162 γὰρ
664 3085 828 3161 τοιοῦτον,
844 3072 913 3156 οἷός
925 3085 1001 3165 είμι,
1016 3077 1168 3165 ὁρᾶσθαι

162 3171 292 3258 αὐτοῖς,
312 3171 422 3258 χωλόν
436 3169 457 3259 ή
473 3170 603 3259 τυφλόν
617 3173 639 3259 ή
655 3173 717 3241 ὅσα
730 3173 814 3242 ἀλλα
828 3203 885 3261 μοι
899 3178 1094 3262 πρόσεστιν,

243 3277 349 3338 ΕΡΜ.
369 3268 465 3340 Ἀλλά
481 3279 567 3354 πως,
584 3264 612 3337 εί
620 3279 768 3359 Πλοῦτε,
787 3279 818 3341 εί
829 3270 874 3359 μή
889 3277 1010 3361 τυφλοί
1027 3276 1082 3341 καὶ
1096 3272 1171 3343 αύ-

160 3372 211 3439 τοί
226 3367 348 3448 πάντες
363 3375 464 3452 είσίνς
