2550 3825
458 169 519 226 ΣΚ
532 169 668 226 ῬΘΗΣ.
1015 169 1077 228 409
1107 171 1109 174 ’

75 328 180 411 ἄνδρα
195 331 386 415 ἐπαγομενω
397 326 596 414 Ἀθήνηθεν.
620 331 704 414 φημὶ
719 327 759 414 δὴ
771 327 890 415 ὅμοιόν
903 355 933 396 τι
949 331 1003 397 καί
1015 327 1078 396 αύ·

73 424 128 503 τός
145 437 268 496 παθεῖν
282 435 328 518 τῷ
341 425 565 512 Ἀναχάρσιδι,
583 428 637 491 καὶ
651 423 735 511 πρὸς
749 433 904 509 Χαρίτων
917 427 962 511 μὴ
979 452 1077 511 νεμε-

73 524 194 610 σήσητέ
207 551 263 610 μοι
277 532 334 609 τῆς
355 523 500 607 εἰκόνος,
521 528 551 590 εί
569 530 730 612 βασιλικῷ
750 521 847 608 άυδρὶ
868 522 1013 610 ἐμαυτόν
1030 533 1078 590 εί-

73 642 172 688 κασα·
195 625 365 710 βάρβαρος
379 621 441 706 μὲν
452 618 516 705 γάρ
528 615 679 705 κάκεῖνος
694 621 749 686 καὶ
764 617 864 688 οὐδέν
879 650 909 687 τι
923 627 1023 705 φαίης
1033 615 1079 686 άν

73 717 150 796 τούς
161 721 298 803 Σύρους
307 718 392 805 ἡμᾶς
404 725 630 804 φαυλοτερους
643 715 806 784 εἶναιτῶν
815 726 975 785 Σκυθῶν.
993 714 1076 800 άτάρ

75 817 151 886 οὐδὲ
164 818 246 886 κατά
262 816 299 886 τὸ
319 813 494 905 βασιλικόν
509 820 645 883 εἰσποιῶ
659 813 745 900 τάμά
763 820 795 893 ἐς
809 815 871 902 τὴν
887 814 1075 902 ὁμοιότητα,
1093 841 1145 895 369

73 913 146 982 κατ’
164 919 271 984 ἐκεῖνα
287 917 337 983 δέ·
360 912 415 981 ότε
426 910 490 997 γάρ
504 920 635 999 πρῶτον
650 913 838 999 ἐπεδήμησα
855 913 950 999 ὑμῶν
963 921 1003 1001 τῇ
1015 914 1077 979 πό-

74 1024 141 1096 λει,
159 1015 340 1100 ἐξεπλάγην
358 1017 419 1100 μὲν
435 1011 541 1090 εὐθύς
557 1009 640 1079 ίδάν
657 1010 694 1079 τό
712 1016 854 1099 μέγεθος
870 1017 925 1081 καὶ
940 1012 976 1080 τό
995 1015 1078 1081 κάλ-

74 1122 131 1190 λος
151 1115 205 1180 καὶ
219 1121 287 1180 τῶν
303 1114 609 1198 ἐμπολιτευομένων
626 1107 663 1176 τό
680 1117 810 1194 πλῆθος
825 1114 880 1178 καὶ
894 1109 956 1195 τὴν
973 1110 1077 1195 άλλην

73 1212 219 1296 δύναμιν
233 1211 287 1278 καί
303 1208 515 1294 λαμπρότητα
537 1215 665 1274 πᾶσαν·
688 1205 771 1274 ὥστε
791 1210 843 1275 ἐπὶ
859 1206 945 1275 πολὺ
959 1209 1077 1293 ἐτεθή-

73 1335 150 1376 πειν
164 1305 246 1390 πρός
265 1315 368 1373 ταῦτα
384 1308 439 1373 καὶ
457 1303 518 1372 οὐκ
533 1307 696 1391 ἐξήρκουν
710 1314 756 1394 τῷ
770 1308 933 1392 θαύματι,
943 1378 946 1382 Α
957 1302 1030 1374 οἷόν
1047 1333 1077 1372 τι

73 1407 130 1473 καὶ
141 1403 158 1473 ὁ
171 1405 333 1490 νησιώτης
342 1407 467 1481 ἐκεῖνος
478 1411 651 1481 νεανίσκος
662 1405 841 1471 ἐπεπόνθει
851 1402 935 1487 πρὸς
945 1402 1007 1490 τὴν
1018 1411 1077 1471 τοῦ

76 1503 255 1571 Μενελάου
271 1509 388 1569 οίκίαν.
417 1503 471 1568 καὶ
486 1508 624 1588 ἔμελλον
639 1500 728 1568 οὕτω
744 1504 1003 1588 διατεθήσεσθαι
1017 1501 1078 1588 τὴν

74 1600 212 1686 γνώμην
226 1597 310 1667 ίδών
326 1599 425 1666 πόλιν
440 1598 653 1686 ἀκμάζουσαν
668 1597 756 1688 άκμῇ
768 1602 912 1688 τοσαύτη
927 1598 1077 1668 καὶκατὰ

74 1696 135 1764 τόν
150 1695 290 1782 ποιητὴν
305 1699 433 1764 ἐκεῖνον
1050 1723 1053 1728 ’

178 1793 355 1864 άνθοῦσαν
371 1795 511 1882 άγαθοίς
526 1803 628 1863 πᾶσιν
643 1792 691 1874 οἷς
706 1798 826 1864 θάλλει
843 1796 946 1875 πόλις.

75 1901 125 1964 10.
148 1893 235 1964 οὕτω
255 1892 295 1981 δη
314 1901 397 1981 ἔχων
414 1897 625 1981 ἐσκοπούμην
639 1893 702 1981 ἤδη
723 1898 878 1979 περὶτῶν
893 1897 1076 1979 πρακτέων,

73 1998 130 2061 καὶ
145 2020 182 2061 το
199 1993 260 2078 μὲν
280 1998 381 2071 δείξαι
397 2003 465 2061 τῶν
480 1994 589 2079 λόγων
605 1990 686 2079 ὑμῖν
702 1995 804 2061 πάλαι
824 1996 984 2061 ἐδέδοκτο.
1014 2001 1078 2060 τίσι

74 2090 140 2179 γάρ
157 2087 200 2157 άν
215 2090 326 2169 ἄλλοις
338 2098 443 2171 ἔδειξα
458 2101 564 2179 σιωπῇ
577 2092 785 2173 παροδεύσας
799 2095 1001 2176 τηλικαύτην
1015 2092 1078 2158 πό-

74 2202 147 2270 λιυ;
176 2190 310 2274 ἐζήτουν
325 2192 407 2276 γάρ,
431 2189 508 2257 οὐδὲ
523 2188 760 2275 άποκρύψομαι
777 2188 934 2274 τάληθές,
959 2192 1076 2265 οἵτινες

75 2293 111 2355 οί
124 2284 323 2370 προύχοντες
340 2286 406 2355 εἶεν
416 2290 471 2355 καὶ
482 2284 530 2366 οἷς
545 2287 587 2355 άν
603 2315 651 2365 τις
666 2286 864 2373 προσελθων
874 2290 929 2355 καὶ
943 2291 1061 2373 ἐπιγρα

76 2386 224 2471 ψάμενος
239 2386 424 2470 προστάτας
440 2401 701 2472 συναγωνισταῖς
721 2395 827 2476 χρῷτο
843 2385 927 2468 πρός
948 2382 987 2452 τά
1005 2383 1075 2452 όλα.
1095 2409 1148 2463 870

76 2484 226 2553 ἐνταῦθά
243 2510 300 2569 μοι
315 2480 375 2571 ούχ
390 2481 449 2570 εἷς,
471 2484 581 2567 όίσπερ
598 2492 644 2575 τῷ
662 2482 887 2569 Ἀναχάρσιδι,
912 2486 966 2552 καὶ
983 2475 1081 2560 οὗτος

76 2584 262 2670 βάρβαρος,
287 2580 304 2649 ὁ
327 2584 480 2667 Τόξαρις,
503 2582 585 2651 άλλά
602 2590 735 2667 πολλοί,
757 2585 938 2669 μᾶλλονδὲ
958 2582 1080 2659 πάντες

76 2680 118 2749 τά
133 2679 215 2747 αύτά
231 2682 339 2766 μόνον
353 2680 394 2748 ού
405 2697 474 2760 ταῖς
486 2680 598 2761 αὐταῖς
610 2688 790 2767 συλλαβαῖς
805 2686 934 2766 ἔλεγον·
957 2674 984 2747 οἶ
997 2684 1079 2765 ξένε,

76 2782 194 2847 πολλοὶ
214 2778 275 2863 μὲν
290 2782 345 2847 καὶ
360 2779 454 2847 άλλοι
473 2786 607 2866 χρηστοί
623 2784 677 2849 καὶ
693 2784 792 2859 δεξιοὶ
812 2776 876 2845 άνά
891 2777 952 2865 την
969 2779 1079 2860 πόλιν,

74 2882 132 2947 καὶ
148 2875 209 2945 ούκ
225 2905 267 2943 αν
284 2877 444 2964 ἀλλαχόθι
459 2882 639 2959 τοσούτους
654 2877 765 2963 εὕροις
778 2877 902 2964 ἄνδρας
918 2877 1078 2964 άγαθούς,

76 2977 141 3045 δύο
157 2976 192 3043 δὲ
206 2978 346 3061 μάλιστά
362 2981 458 3046 ἐστον
475 2977 555 3065 ἡμῖν
569 2978 671 3062 άνδρε
685 2977 824 3064 άρίστω,
847 2979 935 3061 γένει
949 2977 1011 3061 μὲν
1026 2978 1081 3041 καὶ

76 3075 237 3160 άξιάματι
249 3076 335 3144 πολὺ
350 3076 553 3163 προύχοντος
564 3077 739 3160 ἁπάντων,
754 3080 886 3164 παιδεία
901 3078 935 3143 δὲ
952 3077 1005 3141 καὶ
1022 3075 1078 3141 λό-

77 3202 150 3263 γων
171 3176 312 3261 δυνάμει
333 3184 372 3265 τῇ
393 3175 520 3265 Ἀττικῇ
540 3178 655 3244 δεκάδι
672 3175 896 3260 παραβάλλοις
918 3174 974 3239 ἄν·
1005 3200 1026 3257 η
1045 3172 1081 3239 δέ

76 3275 168 3358 παρὰ
185 3284 244 3343 τοῦ
260 3275 368 3361 δήμου
384 3274 498 3342 εύνοια
515 3277 606 3343 πάνυ
622 3272 760 3359 ἐρωτικὴ
776 3271 858 3357 πρδς
873 3270 1011 3356 αύτούς,
1027 3276 1081 3339 καὶ

76 3374 169 3441 τουτὶ
185 3380 345 3458 γίγνεται,
361 3372 381 3441 ὅ
396 3402 426 3441 τι
441 3370 485 3441 άν
502 3366 595 3442 οὗτοι
610 3377 788 3443 ἐθέλωσιν·
817 3374 970 3439 ἐθέλουσι
985 3368 1081 3456 γάρδ
