2550 3825
175 208 238 269 314
526 209 833 269 AOYKIANOY

175 368 321 453 πώγωνα
341 369 396 436 καὶ
416 364 542 452 σεμνὰν
561 366 579 434 ὁ
597 365 804 451 Θεσμόπολις
823 364 943 451 εἶχε-
957 369 1181 449 παρακαθίζε·

175 476 257 532 σθαι
284 473 391 551 φῦκος
416 469 670 552 ἐντετριμμένον
695 466 750 531 καὶ
773 462 1071 550 ὑπογεγραμμένον
1099 458 1180 540 τούς

175 559 374 648 ὀφθαλμούς
385 564 439 630 καὶ
451 563 753 646 διασεσαλευμένον
765 558 803 627 τό
817 562 947 647 βλέμμα
961 557 1086 627 καὶτὸν
1095 559 1179 644 τρά-

173 667 276 744 χηλον
289 662 585 746 ἐπικεκλασμένον,
607 657 649 726 ού
664 658 818 744 χελιδόνα
835 655 881 744 μά
895 654 970 743 Δί,
991 654 1075 724 άλλά
1086 653 1179 741 γῦπά

173 781 248 820 τινα
263 757 529 840 περιτετιλμένον
539 762 602 822 τού
612 756 773 840 πώγωνος
783 755 823 823 τά
835 757 955 841 πτερά,
971 759 1026 822 καὶ
1042 764 1074 822 εί
1082 779 1121 839 γε
1132 751 1177 838 μὴ

175 851 281 920 πολλά
297 858 459 939 δεηθῆναι
476 851 597 939 αὐτοῦ,
622 852 752 922 καὶτὸν
768 854 982 939 κεκρύφαλον
997 859 1111 938 ἔχοντα
1126 852 1180 918 ἐπὶ

174 957 213 1038 τῇ
229 959 356 1039 κεφαλῇ
373 947 418 1017 όν
432 957 710 1037 συγκαθίζεσθαι·
731 948 772 1018 τά
784 949 816 1018 δ’
832 944 895 1018 ούν
906 949 990 1018 ἄλλα
1001 947 1078 1035 παρ’
1095 948 1178 1034 ὅλην

173 1047 235 1134 τῇν
249 1047 331 1116 ὁδόν
345 1057 465 1135 μυρίας
483 1048 542 1127 τάς
562 1047 678 1134 άηδίας
699 1048 902 1135 ἀνασχέσθαι
918 1046 1105 1137 ὑπᾴδοντος
1121 1049 1177 1114 καὶ

172 1153 406 1233 τερετίζοντος,
423 1153 452 1215 εί
467 1147 503 1214 δὲ
514 1146 558 1233 μη
571 1151 698 1233 ἐπεῖχεν
710 1144 825 1229 αὑτός,
843 1155 922 1223 λαως
932 1144 976 1212 ἂν
988 1148 1042 1212 καὶ
1055 1142 1177 1229 ὀρχου-

174 1250 277 1332 μένου
292 1249 344 1314 ἐπὶ
357 1253 415 1332 τῇς
428 1245 565 1332 άπήνης.
589 1252 641 1315 34.
656 1248 772 1329 ἕτερον
786 1242 817 1311 δ’
831 1237 896 1310 οὖν
910 1268 942 1310 τι
956 1244 1011 1310 καὶ
1024 1247 1178 1309 τοιοῦτον

174 1345 263 1434 αύτῷ
280 1355 542 1432 προσταχθῆναι·
565 1348 731 1415 καλέσασα
744 1343 809 1430 γάρ
824 1340 928 1410 αὑτόν
937 1340 958 1429 η
968 1342 1073 1428 γυνη,
1091 1348 1178 1408 Θεσ-

174 1442 311 1528 μόπολι,
328 1452 446 1528 φησίν,
465 1442 582 1521 Οὕτως
599 1443 711 1528 ὄναιο,
726 1442 826 1528 χάριν
840 1438 882 1508 ού
898 1438 1022 1526 μικράν
1038 1439 1177 1524 αἰτούσῃ

175 1537 232 1617 δός
246 1543 351 1627 μηδὲν
368 1539 534 1609 άντειπύν
543 1545 625 1628 μηδὲ
641 1540 732 1619 ὅπως
746 1542 798 1608 ἐπὶ
812 1541 928 1607 πλεῖόν
942 1558 1005 1605 σου
1016 1537 1178 1621 δεήσομαι

174 1644 372 1722 περιμείνας.
396 1648 457 1706 τοῦ
471 1644 525 1725 δέ,
547 1637 629 1722 ὅπερ
645 1637 732 1715 εἰκός
746 1630 805 1722 ἦν,
826 1635 1057 1720 ὑποσχομένου
1068 1634 1178 1700 πάντα

173 1736 327 1818 πράξειν,
344 1741 475 1822 Δέομαί
488 1759 550 1804 σου
561 1744 676 1820 τοῦτο,
694 1741 774 1819 ἔφη,
789 1729 932 1818 χρηστὸν
946 1730 1058 1817 δρῶσά
1072 1751 1109 1797 σε
1121 1730 1178 1796 καὶ

174 1833 310 1917 ἐπιμελῇ
325 1837 379 1899 καὶ
395 1835 635 1920 φιλόστοργον,
651 1831 713 1919 τὴν
727 1833 814 1899 κύνα
828 1828 871 1916 ἣν
886 1827 984 1896 οἶσθα
997 1829 1058 1915 τὴν
1072 1835 1179 1912 Μυρ-

174 1936 272 2012 ρίνην
290 1928 468 2017 άναλαβιδν
484 1936 516 2011 ές
531 1930 567 1999 τό
590 1931 695 2017 ὄχημα
712 1930 860 2015 φύλαττέ
872 1954 929 2013 μοι
949 1930 1003 1993 καὶ
1018 1929 1178 2010 ἐπιμελοῦ

105 2042 155 2097 693
175 2025 264 2105 ὅπως
278 2028 420 2115 μηδενός
434 2030 548 2118 ένδεῇς
563 2038 668 2099 ἔσται·
689 2030 868 2117 βαρύνεται
884 2026 949 2113 γάρ
963 2024 984 2112 ῇ
997 2023 1098 2093 ἀθλία
1115 2021 1176 2109 τὴν

173 2129 315 2212 γαστέρα
330 2132 384 2197 καὶ
396 2127 515 2215 σχεδόν
527 2129 571 2209 ὡς
587 2134 692 2208 ἐπίτεξ
703 2132 807 2194 ἐστίν·
829 2131 863 2194 οί
876 2127 912 2192 δέ
924 2124 1102 2207 κατάρατοι
1114 2115 1174 2190 οὗ·

173 2251 224 2293 τοι
246 2229 300 2295 καὶ
321 2226 469 2308 άπειθεῑς
490 2232 612 2297 οίκέται
636 2226 697 2312 ούχ
718 2225 808 2304 ὅπως
827 2228 968 2310 ἐκείνης,
998 2221 1072 2292 άλλ’
1097 2218 1175 2289 οὐδ’

174 2326 255 2409 ἐμοῦ
267 2324 368 2410 αύτῇς
380 2326 489 2395 πολύν
500 2335 675 2394 ποιοῦνται
687 2325 790 2409 λόγον
801 2328 838 2392 έν
852 2338 922 2401 ταῖς
933 2321 1031 2400 ὁδοῖς.
1049 2317 1093 2407 μὴ
1105 2328 1178 2387 τοί-

173 2449 238 2489 νυν
249 2449 279 2489 τι
292 2423 435 2509 σμικρόν
445 2433 564 2515 οἰηθῇς
575 2420 614 2493 εὖ
623 2424 775 2509 ποιήσειν
785 2448 827 2508 με
837 2419 874 2488 τὸ
886 2417 1180 2505 περισπούδαστόν

173 2546 228 2604 μοι
240 2522 294 2587 καὶ
304 2519 440 2607 ῇδιστον
451 2528 605 2591 κυνίδιον
617 2522 828 2607 διαφυλάξας.
846 2516 1003 2603 ὑπέσχετο
1014 2516 1032 2584 ὁ
1045 2517 1180 2601 Θεσμό-

173 2627 268 2694 πολις
283 2616 390 2686 πολλὰ
405 2620 616 2705 ἱκετευούσης
626 2622 681 2688 καὶ
692 2621 873 2706 μονονουχὶ
887 2619 942 2685 καὶ
955 2616 1177 2701 δακρυούσης.

172 2712 208 2781 τὸ
231 2714 417 2801 δὲπρᾶγμα
439 2721 639 2803 παγγέλοιον
658 2712 718 2804 ἦν,
745 2721 898 2785 κυνίδιον
912 2720 950 2784 έκ
968 2723 1029 2783 τοῦ
1043 2720 1179 2802 ίματίου

171 2821 365 2896 προκῦπτον
373 2815 496 2900 μικρὸν
505 2814 571 2882 ὑπό
581 2815 642 2883 τὸν
651 2816 796 2901 πώγωνα
806 2818 861 2883 καὶ
871 2822 1082 2901 κατουρῆσαν
1092 2822 1181 2882 πολ-

171 2911 280 2997 λάκις,
308 2919 337 2979 εί
356 2916 411 2981 καὶ
432 2912 475 3000 μὴ
492 2922 595 2982 ταῦτα
620 2913 637 2981 ὁ
656 2917 864 3001 Θεσμόπολις
884 2923 1092 2998 προσετίθει,
1121 2916 1181 2981 καὶ

171 3011 298 3097 βαύζον
317 3019 418 3100 λεπτῇ
433 3020 473 3100 τῇ
488 3021 585 3101 φωνῇ
603 3055 641 3064 -
657 3020 793 3080 τοιαῦτα
813 3009 879 3097 γάρ
895 3011 935 3079 τά
952 3020 1117 3081 Μελιταῖα
1134 3052 1181 3062 -ψ

171 3111 225 3175 καὶ
238 3104 275 3175 τό
291 3110 422 3192 γένειον
437 3118 498 3178 τοῦ
514 3112 705 3196 φιλοσόφου
720 3110 1022 3197 περιλιχμώμενον,
1041 3114 1097 3179 καὶ
1111 3112 1182 3197 μά-

170 3216 263 3274 λιστα
279 3215 313 3273 εί
323 3233 354 3273 τι
367 3214 429 3274 τού
445 3215 562 3294 χθιζοῦ
576 3208 666 3299 αὐτῷ
682 3218 791 3298 ζωμοῦ
805 3216 1067 3299 ἐγκατεμέμικτο.
1091 3212 1182 3281 καὶὸ

171 3331 208 3389 γε
221 3310 384 3391 κίναιδος,
400 3303 418 3373 ὁ
436 3307 610 3391 ξύνεδρος,
628 3306 691 3377 οὐκ
705 3308 861 3396 άμούσως
875 3314 955 3380 ποτὲ
970 3314 1025 3381 καὶ
1042 3319 1088 3391 είς
1099 3309 1182 3389 τούς

171 3402 293 3482 ἄλλους
313 3402 392 3483 τούς
413 3405 581 3488 παρόντας
606 3409 643 3473 έν
666 3415 713 3498 τῷ
737 3414 908 3498 ξυμποσίῳ
934 3408 1181 3493 άποσκόατπν,
