2550 3825
456 223 766 281 ΕΡΜΟΤΙΜΟΣ.
1049 221 1111 284 343

195 388 299 450 ΕΡΜ.
322 379 374 451 Ού
389 381 490 450 πάνυ.
512 378 555 446 σύ
572 381 623 465 δέ,
640 376 684 466 ῆν
693 407 725 447 τι
735 381 859 470 βούλῃ,
874 383 977 468 ἐρώτα
991 381 1112 469 μεταξύ

112 481 166 547 καὶ
181 478 345 567 ἀντίλεγε·
368 484 452 570 ῥᾷον
467 476 532 566 γάρ
549 475 592 546 ἀν
610 476 698 545 οὕτω
714 477 846 563 μάθοις.

196 585 295 648 AYK.
309 572 422 665 Εὖγε,
437 576 550 664 νῆτόν
559 575 692 664 Ἑρμῆν,
709 570 927 664 όἙρμότιμε,
942 574 1055 663 αὐτόν,
1070 568 1112 646 οὗ

112 676 286 761 ἐπώνυμος
303 672 352 743 τόν
364 676 543 762 τυγχάνεις.
567 681 616 743 14.
633 673 716 758 ἀτάρ
735 677 806 742 είπέ
817 701 890 760 μοι,
905 682 962 761 μία
976 702 1026 754 τις
1036 672 1112 753 ὁδός
1130 699 1180 754 753

112 777 203 841 ἐστιν
218 771 239 858 ῆ
254 776 306 841 ἐπὶ
320 780 523 860 φιλοσοφίαν
538 772 681 860 ἀγουσα,
708 771 729 860 ἡ
749 779 817 840 τῶν
830 779 991 841 Στωϊκῶν
1005 771 1111 859 ὑμῶν,

111 867 132 957 ῆ
147 869 258 958 ἀληθῆ
273 871 337 959 ἐγω
350 870 477 959 ἤκουον
491 870 536 951 ὡς
549 874 604 940 καλ
617 869 712 940 ἄλλοι
728 875 847 939 πολλοί
857 873 945 948 τινές
961 875 1062 952 elom

196 977 299 1038 EPM.
312 970 416 1040 Μόλα
427 976 554 1055 πολλοί,
562 971 818 1055 Περιπατητικοὶ
829 971 884 1036 καὶ
895 966 1111 1053 Ἐπικούρειοι

112 1068 217 1134 καλοί
233 1065 293 1134 τόν
307 1069 471 1136 Πλάτωνα
491 1066 769 1153 ἐπιγραφόμενοι,
795 1069 850 1133 καὶ
867 1058 913 1132 αά
927 1068 1112 1150 Διογένους

113 1166 206 1235 ἀλλοι
220 1171 307 1247 τινές
321 1171 375 1238 καὶ
385 1167 617 1245 Ἀντισθένους
631 1167 768 1252 ζηλωταὶ
777 1168 878 1234 καλοί
889 1162 954 1233 ἀπό
967 1170 1028 1232 τού
1038 1172 1112 1231 Πυ-

112 1266 265 1352 θαγόρου
280 1270 335 1335 καλ
352 1273 399 1336 ἔτι
415 1273 557 1345 πλείους.

194 1373 295 1433 AYK.
315 1364 440 1451 Ἀληθῆ
452 1371 572 1432 ταῦτα·
592 1365 708 1432 πολλοὶ
720 1363 786 1448 γάρ
801 1367 872 1430 είσι.
902 1360 1044 1444 πότερον
1058 1360 1112 1444 λη’,

113 1454 337 1549 ιάἙρμότιμε,
352 1460 393 1529 τά
409 1459 492 1529 αύτά
510 1454 604 1529 οὗτοι
618 1464 773 1546 λέγουσιν
786 1455 809 1548 ῆ
824 1459 987 1545 θιάφοριις

199 1567 299 1629 ΕΡΜ.
322 1561 387 1628 Καὶ
402 1561 493 1626 πύνυ
510 1559 665 1645 θιάφορα.

195 1664 295 1726 AYK.
320 1656 365 1725 Τό
388 1661 427 1726 δέ
439 1684 477 1743 γε
492 1655 631 1743 ἀληθές,
656 1654 764 1741 οἶμαι,
789 1654 920 1732 πάντως
940 1678 1006 1720 που
1021 1654 1057 1718 ἓν
1070 1641 1113 1737 ἦν

113 1752 243 1840 αὐτῶν,
260 1753 335 1824 ἀλλ’
352 1753 393 1824 ού
410 1757 519 1824 πάντα
534 1755 681 1841 όιάφορά
695 1780 733 1840 γε
747 1753 835 1820 όντα.

196 1859 300 1923 ΕΡΜ.
321 1854 421 1923 Πάνν
436 1855 497 1941 μὲν
512 1845 584 1922 οὖν.

197 1956 248 2019 15.
260 1959 358 2019 AYK.
370 1949 438 2019 Ἴθι
449 1951 501 2035 δή,
514 1942 540 2017 ἀ
552 1951 699 2037 φιλότης,
714 1948 895 2037 ἀπόκριναί
906 1972 972 2033 μοι,
983 1952 1028 2035 τῷ
1039 1944 1112 2012 τότε

113 2047 291 2126 πιστεύσας
304 2045 341 2115 τό
354 2073 502 2133 πριιιου,
521 2045 619 2114 ὁπότε
629 2046 698 2134 ῆεις
709 2046 964 2133 φιλοσοφήσων,
979 2049 1113 2110 πολλῶν

114 2166 166 2213 σοι
182 2151 303 2227 θυρῶν
316 2142 614 2230 ἀναπεπταμένων,
629 2145 743 2227 παρεὶς
757 2142 800 2210 σύ
812 2141 870 2221 τάς
881 2140 982 2219 ἄλλας
993 2145 1038 2217 είς
1051 2138 1113 2226 τῆν

114 2270 181 2311 τον
196 2249 356 2309 Στωϊκόν
370 2234 447 2328 ἧκες
461 2243 516 2309 καλ
530 2240 572 2308 δι’
586 2244 713 2327 ἐκείνης
722 2238 834 2325 ἠξίους
849 2242 901 2307 έπλ
914 2237 976 2325 τῆν
991 2235 1113 2323 ἀρετῆν

114 2345 266 2426 εἰσιέναι,
292 2338 335 2419 ὡς
351 2339 391 2426 δὴ
413 2340 517 2425 μόνης
533 2338 683 2425 ἀληθοῦς
703 2335 804 2425 ούσης
823 2340 878 2406 καὶ
896 2335 958 2423 τῆν
975 2334 1113 2403 εὐθεῖαν

114 2441 404 2526 ἐπιδεικνυούσης,
431 2445 499 2506 τῶν
520 2438 554 2505 θ’
574 2436 685 2505 ἀλλων
707 2442 753 2515 είς
771 2434 881 2522 τυφλὰ
901 2437 955 2503 καὶ
974 2433 1113 2514 ἀνέξοδα

115 2546 308 2624 φερουσῶν;
329 2546 393 2607 τίνι
412 2534 504 2605 ταῦτ’
524 2540 719 2622 ἐτεκμαίρου
734 2533 822 2614 τότε;
850 2538 904 2603 καλ
923 2533 968 2620 μή
983 2560 1039 2619 μοι
1054 2531 1114 2600 τόν

114 2648 180 2709 νόν
190 2638 230 2725 θη
243 2646 362 2706 τούτου
371 2633 513 2703 σεαυτόν
524 2635 644 2720 ἐννόει,
657 2630 718 2700 τόν
728 2641 793 2699 εἴτε
801 2628 968 2719 ἡμίσοφον
979 2641 1044 2700 εἴτε
1055 2652 1114 2699 σο-

115 2734 183 2825 φὸν
196 2734 260 2823 ἤδη
274 2732 314 2803 τά
330 2740 447 2823 βελτίω
460 2741 588 2817 κρίνειν
602 2730 687 2818 ὑπὲρ
701 2729 779 2810 τούς
792 2729 936 2810 πολλοὺς
950 2728 1035 2818 ἡμᾶς
1050 2735 1111 2798 θυ-
1130 2756 1181 2811 ⁷54

114 2836 276 2923 νόμενον,
292 2831 365 2902 ἀλλ’
381 2830 487 2911 οὕτως
498 2831 692 2918 ἀπόκριναι,
707 2827 819 2909 ὁποῖος
833 2831 906 2899 τότε
919 2824 1010 2918 ἦσθα
1021 2831 1114 2898 ίθιύ-

113 2961 171 3021 της
185 2936 240 3001 καλ
256 2929 337 3000 κατά
354 2930 414 2999 τόν
428 2939 493 2998 νῦν
508 2934 572 3016 ἐμέ.

196 3038 300 3099 ΕΡΜ.
312 3027 364 3097 Ού
374 3036 510 3116 συνίημι
521 3030 542 3098 ό
551 3058 582 3098 τι
594 3050 647 3097 σοι
656 3036 754 3097 τοῦτο
764 3029 929 3115 βούλεται,
943 3019 1113 3094 ἀΛυκλνε.

198 3136 297 3199 AYK.
317 3130 382 3197 Καὶ
397 3124 464 3209 μὴν
481 3125 519 3192 σύ
534 3129 625 3195 πάνυ
648 3126 796 3200 ἀγκύλον
807 3123 953 3209 ἀρόμην
980 3131 1114 3193 πολλῶν

113 3226 179 3315 γάρ
192 3226 301 3296 όντων
310 3225 521 3313 φιλοσόφων,
535 3217 608 3291 οἷον
615 3222 796 3302 Πλάτωνος
807 3250 865 3291 και
879 3224 1120 3310 Αριστοτέλους

113 3328 170 3394 καὶ
179 3327 413 3406 Ἀντισθένους
421 3326 478 3393 καὶ
487 3328 555 3392 τῶν
564 3323 735 3411 ύμετέρων
748 3322 938 3412 προγόνων,
951 3324 1012 3390 τοῦ
1024 3331 1118 3408 Χρυ-

115 3434 242 3497 σίππου
260 3430 317 3497 καλ
336 3428 494 3513 Ζῆνωνος
513 3426 568 3492 καλ
586 3430 653 3493 τόν
671 3422 795 3511 ἀλλων,
820 3422 891 3493 όσοι
909 3430 986 3511 είσί,
1009 3426 1058 3516 τφ“
1076 3422 1116 3490 σύ

881 3541 914 3573 s
