2550 3825
77 213 79 220 ι
156 170 219 234 374
294 183 296 188 ’
402 247 405 255 ,
507 176 814 235 Λουπιπωον

157 332 355 419 ἐνάρχεσθαι
369 340 417 402 ἔτι
431 340 547 421 ἔλεγες.
580 339 631 402 61.
655 332 718 415 ὅρα
732 341 849 403 τοίνυν
869 333 913 421 μὴ
930 339 1015 426 τῷδε
1029 341 1159 421 μᾶλλον

157 439 338 516 φιλοσοφία
353 439 477 501 ἔοικεν·
499 429 517 501 ὁ
533 434 595 518 μὲν
610 428 675 518 γάρ
693 438 792 511 πίθος
806 439 854 501 ἐτι
868 435 994 519 μενέτω
1004 438 1057 499 σοἰ
1072 427 1161 497 καὶὸ

156 528 302 615 κάπηλος
309 581 321 615 ,
333 532 453 598 ἐνέστω
465 529 501 597 δὲ
511 529 555 616 μὴ
572 527 677 615 οἶνος,
693 527 776 598 ἀλλά
787 536 998 616 πανσπερμία
1010 554 1075 613 τις,
1091 554 1162 594 πυ-

156 622 392 713 ρόςύπεράνω
407 629 462 696 καὶ
482 626 562 713 μετὰ
584 634 704 695 τοῦτον
720 628 859 716 κύαμοι,
883 628 951 696 εἶτα
968 626 1084 714 κριθαὶ
1104 627 1162 691 καί

143 719 223 790 ’ὑπό
247 724 382 803 ταύταις
408 732 525 811 φακοί,
551 723 619 792 εἶτα
641 728 809 813 ἐρέβινθοι
832 729 886 794 καὶ
907 725 991 793 ἀλλα
1014 730 1160 792 ποικίλα.

77 823 141 887 '802
158 820 276 906 πρόσει
287 819 327 908 δὴ
343 821 385 892 σύ
401 821 595 910 ὠνήσασθαι
610 827 738 893 ἐθέλων
747 831 815 892 τῶν
826 823 1041 911 σπερμάτων,
1055 823 1112 889 καὶ
1122 818 1162 898 ὃς
1257 854 1258 859 ’

157 917 294 1006 ἀφελύν
307 919 368 988 τοῦ
379 928 500 1007 πυροῦ,
519 915 622 1008 οὗπερ
636 917 690 1008 ἦν,
707 921 855 991 ἀνέδωκέ
862 943 916 990 σοι
927 927 1043 1007 δεῖγμα
1055 922 1089 997 ἐς
1097 915 1161 1003 τὴν

157 1031 267 1102 χεῖρα,
286 1013 330 1094 ὡς
344 1021 443 1103 ίύοις,
458 1011 523 1102 ἀρα
536 1011 600 1086 οὖν
616 1024 702 1104 ἔχοις
717 1015 760 1086 ἀν
775 1027 880 1088 εἰπεῖν
891 1025 936 1097 είς
952 1021 1058 1086 έκεῖνο
1074 1013 1161 1083 ἀπο-

148 1119 290 1204 βλέπων
307 1121 338 1184 εί
352 1119 454 1185 καλοί
468 1119 637 1204 ἐρέβινθοι
654 1118 798 1205 καθαροί
817 1120 873 1187 καὶ
890 1121 925 1185 οί
942 1117 1043 1202 φακοὶ
1062 1111 1164 1181 εύτα-

159 1228 227 1291 κείς
240 1241 295 1281 και
283 1214 399 1282 οῖ’
354 1241 477 1301 κυαμοι
491 1242 532 1282 ου
521 1214 714 1296 ’διάκενοις

242 1317 345 1378 ΕΡΜ.
371 1310 617 1398 Οὐδαμῶς·

242 1416 341 1478 ΛΤΚ.
365 1408 417 1477 Ού
429 1418 547 1479 τοίνυν
563 1408 642 1478 ούβὲ
657 1379 890 1497 φιλοσοφίαν’
871 1408 931 1496 αφ’
945 1408 1018 1488 ἑνός
1030 1435 1078 1476 ων
1093 1434 1165 1494 φη-
1257 1482 1258 1485 ¹

159 1529 210 1576 σει
223 1534 273 1586 τις
286 1515 346 1575 τοῦ
361 1507 513 1594 πρύτου,
533 1508 656 1594 μάθοις
669 1504 713 1575 ἀν
727 1506 860 1576 ἅπασαν
875 1506 972 1628 ὁπρία
986 1511 1090 1574 ἐστίν
1118 1501 1164 1571 ού

159 1604 223 1694 γάρ
237 1607 276 1674 έν
288 1633 320 1674 τι
336 1597 379 1692 ἦν
394 1603 504 1691 ὥσπερ
519 1634 537 1674 ο
527 1597 711 1692 οἶνος,
682 1630 772 1696 φπερ
790 1603 832 1673 σύ
853 1603 960 1691 αύτὴν
976 1601 1164 1682 ἀπεικάζεις

160 1703 262 1784 ἀξιῶν
274 1701 438 1790 ὁμοίαν
407 1731 491 1773 ειναι
504 1711 550 1794 τῷ
566 1704 722 1791 γεύματι,
746 1730 783 1772 το
772 1701 868 1770 1’δὲ
850 1703 996 1787 ετεροίόν
1012 1729 1043 1768 τι
1059 1698 1164 1786 ὤφθη

141 1851 144 1858 -
159 1796 202 1867 ού
210 1802 381 1885 παρέργου
389 1809 448 1885 τῆς
456 1802 630 1880 ἐξετάσεως
640 1800 810 1886 δεόμενον.
822 1797 916 1866 οἶνον
923 1799 985 1886 μὲν
993 1794 1059 1884 γάρ
1070 1803 1158 1883 φαῦ-

160 1906 221 1965 λον
235 1904 397 1983 πρίασθαι
409 1901 445 1966 ἐν
457 1903 553 1967 δυοῖν
567 1895 730 1985 ὀβολοῖνὸ
746 1901 912 1984 κίνδυνος,
926 1894 1031 1964 αὐτόν
1042 1898 1082 1964 δέ
1088 1921 1163 1962 τινα

161 1997 198 2061 ἐν
218 2002 264 2084 τῷ
281 2004 435 2087 συρφετῷ
454 2005 736 2082 παραπολεῖσθαι,
764 1993 809 2073 ὡς
828 1999 883 2081 καὶ
903 1993 1002 2073 αύτός
1022 1998 1060 2061 ἐν
1079 1991 1164 2080 ἀρχῇ

161 2096 310 2186 ἔφησθα,
333 2090 511 2179 οὐμικρόν
536 2092 620 2161 εἶναι
639 2091 755 2161 κακόν.
783 2090 890 2171 άλλως
906 2118 941 2159 τε
962 2088 980 2159 ὁ
998 2093 1059 2177 μὲν
1080 2088 1161 2156 ὅλον

160 2189 262 2271 ἀξιῶν
271 2194 400 2261 ἐκπιεῖν
411 2191 471 2262 τόν
485 2188 604 2279 πίθον,
620 2189 665 2271 ὡς
679 2192 824 2276 κοτύλην
835 2198 982 2276 πρίαιτο,
1002 2187 1161 2275 ζημιώσαι

92 2299 143 2353 803
161 2287 205 2357 ἀν
219 2290 280 2363 τόν
300 2292 451 2377 κάπηλον
467 2291 572 2370 οὕτως
587 2290 738 2360 ἀπίθανα
757 2291 955 2376 γενόμενος,
981 2291 1162 2374 φιλοσοφία

161 2391 197 2457 δὲ
208 2388 308 2459 οὐδὲν
319 2387 363 2459 ἀν
372 2399 503 2459 τοιοῦτο
518 2389 639 2474 πάθοι,
652 2388 735 2459 ἀλλά
747 2385 812 2457 κάν
823 2388 874 2456 ότι
885 2389 1062 2474 πάμπολλα
1073 2391 1163 2471 πίῃς,
1257 2437 1258 2440 ¹

162 2487 261 2558 οὐδέν
277 2517 308 2557 τι
329 2489 471 2559 ἐλάττων
491 2487 509 2557 ὁ
529 2497 629 2567 πίθος
652 2496 798 2575 γίγνεται
822 2486 902 2556 οὐδὲ
925 2488 1117 2573 ζημιώσωσι
1143 2479 1162 2549 ὁ
1257 2491 1258 2526 ³

160 2589 321 2674 κάπηλος·
353 2592 482 2673 ἐπιρρεῖ
499 2586 564 2673 γάρ
585 2585 667 2655 κατὰ
688 2586 750 2674 τὴν
770 2593 950 2673 παροιμίαν
970 2581 1007 2652 τό
1025 2588 1163 2667 πρᾶγμα
1257 2671 1258 2686 ,

161 2685 422 2771 ἐξαντλούμενον
437 2690 470 2766 ἐς
484 2685 521 2755 τὸ
537 2682 714 2773 έμπαλιυῆ
734 2684 753 2753 ὁ
770 2693 838 2753 τῶν
851 2688 1032 2776 Δαναίδων
1046 2688 1161 2758 πίθος·

161 2788 286 2862 ἐκεῖνος
296 2787 358 2870 μὲν
368 2783 432 2871 γάρ
442 2784 480 2853 τό
494 2787 741 2873 ἐμβαλλόμενον
751 2784 793 2853 ού
803 2799 965 2869 συνεῖχεν,
977 2779 1059 2850 ἀλλὰ
1072 2781 1164 2864 διέρ-

161 2908 212 2968 ρει
230 2880 351 2968 εύθύς,
366 2886 525 2952 ἐντεῦθεν
540 2886 576 2952 δέ
589 2880 632 2970 ἦν
649 2882 773 2970 ἀφέλῃς
786 2910 835 2964 τι,
856 2878 1024 2949 πλεῖον-τό
1042 2876 1164 2947 λοιπόν

160 2989 317 3069 γίγνεται.
340 2987 390 3049 62.
415 2984 521 3050 ἐθέλω
535 2985 574 3051 δέ
585 3004 638 3050 σοι
654 2984 709 3050 καὶ
719 2980 801 3049 ἀλλο
817 2978 934 3066 ὅμοιον
945 2986 1050 3047 εἰπεῖν
1062 2985 1162 3063 φιλο·
1257 3057 1258 3060 ¹

160 3087 279 3165 σοφίας
298 3084 373 3167 περὶ
393 3082 571 3167 γεύματος,
591 3083 647 3149 καὶ
667 3080 712 3166 μή
735 3104 776 3164 με
795 3085 933 3165 νομίσης
952 3085 1162 3164 βλασφημεῖν

159 3184 234 3267 περὶ
249 3180 366 3268 αὐτῆς,
383 3176 427 3268 ἦν
443 3190 524 3249 είπω
538 3179 590 3249 ὅτι
607 3179 771 3266 φαρμάκφ
786 3174 930 3265 όλεθρίφ
945 3181 1070 3259 ἔοικεν,
1088 3167 1162 3239 οἷον

160 3288 287 3369 κωνείῳ
301 3276 323 3366 ἦ
337 3277 480 3371 ἀκονίτφ
493 3275 514 3366 ἢ
526 3279 614 3369 άλλφ
626 3284 695 3346 τόν
708 3277 884 3345 τοιούτων·
908 3272 987 3342 ούδὲ
1000 3272 1065 3361 γάρ
1079 3278 1163 3339 ταῦ-ι

160 3403 214 3464 τοι,
237 3380 369 3465 ἐπείπερ
386 3378 606 3465 θανατηφόρα
622 3379 728 3462 ἐστίν,
745 3374 972 3456 ἀποκτείνειεν
985 3372 1045 3458 ἀν,
1064 3380 1097 3438 εί
1112 3395 1163 3449 τις
