2550 3825
354 162 574 224 ΕΝΑΛΙΟΙ
595 163 854 223 ΔΙΑΛΟΓΟΙ.
1043 154 1106 221 119

186 331 290 392 ΠΟΣ.
315 320 398 391 Οἶδα
415 320 455 390 δυ
471 324 591 408 λέγεις,
607 321 667 387 τόν
685 319 886 408 Ἰθακήσιον·
908 325 941 403 ἐξ
958 320 1056 392 Ἰλίου
1070 319 1104 388 δ’

106 418 247 491 ἀνέπλει.
279 420 361 489 ἀλλὰ
385 428 454 500 πῶς
476 426 578 488 ταῦτα
599 424 740 504 ἔπραξεν
760 417 839 488 οὐδὲ
864 421 956 487 πάνυ
978 416 1106 501 εὐθαρ-

106 520 165 608 ῡὴε
179 521 242 604 ὅτε

188 627 217 688 2.
244 627 346 689 KYK.
373 623 566 706 Κατέλαβον
589 621 626 686 έν
643 624 688 703 τῷ
705 615 816 708 ἀντρφ
838 613 903 684 ἀπὸ
924 623 981 701 τῆς
1005 622 1106 701 νομῆς

106 717 311 804 ἀναστρέψας
333 719 477 797 πολλούς
496 745 603 801 τινας,
632 716 911 803 ἐπιβουλεύοντας
932 718 1035 800 δῆλον
1054 711 1105 780 ότι

106 831 172 896 τοῖς
186 824 363 903 ποιμνίοις·
392 819 461 886 ἐπεὶ
476 813 541 902 γάρ
560 819 707 901 ἐπέθηκα
729 821 769 902 τῇ
783 814 877 902 θύρα
891 809 928 881 τό
949 819 1048 898 πῶμα
1065 850 1102 860 -

105 917 208 999 πέτρα
225 917 264 982 δέ
274 917 341 982 ἐστι
352 919 618 1002 παμμεγέθης-
628 918 683 984 καὶ
695 911 731 982 τό
745 922 813 998 πύρ
825 913 992 982 ἀνέκαυσα
1004 915 1106 980 ἐναυ-

106 1013 248 1098 σάμενος
270 1009 288 1078 δ
310 1017 433 1098 έφερον
455 1016 595 1099 δένδρον
618 1011 683 1082 ἀπὸ
706 1020 766 1081 τοῦ
788 1010 906 1099 όρονς,
931 1010 1105 1098 ἐφάνησαν

105 1109 331 1196 ἀποκρύπτειν
346 1110 469 1192 αύτούς
485 1114 701 1201 πειρώμενοι·
731 1112 795 1201 ἐγω
811 1114 846 1181 δὲ
863 1112 1040 1200 συλλαβών
1054 1139 1105 1180 τι·

105 1236 165 1288 νας
175 1209 303 1296 αὐτῶν,
320 1209 429 1296 ὥσπερ
442 1209 527 1290 εἰκός
537 1206 597 1298 ήν,
612 1214 802 1298 κατέφαγον
816 1210 936 1300 ληστάς
947 1235 984 1295 γε
997 1207 1103 1285 ὄντας.

4 1375 6 1386 ,
104 1310 252 1374 ἐνταῦθα
264 1304 282 1375 ὁ
294 1309 562 1395 πανουργότατος
573 1314 708 1394 ἐκεῖνος,
720 1319 785 1377 εέτε
796 1301 899 1386 Οὖτις
910 1316 974 1375 εἴτε
986 1305 1105 1374 Ὀδυσ·

105 1403 183 1484 σεδς
197 1399 258 1492 ήν,
276 1409 392 1474 δίδωσί
403 1433 459 1493 μοι
473 1421 561 1475 πιεῖν
578 1407 758 1494 φάρμακόν
774 1434 805 1474 τι
819 1410 943 1492 ἐγχέας,
960 1402 1026 1491 ήδύ
1043 1402 1106 1490 μὲν

104 1507 158 1571 καὶ
186 1501 349 1590 εύοσμου,
377 1506 635 1592 ἐπιβουλότατον
662 1506 699 1573 δὲ
722 1508 776 1574 καὶ
801 1506 1104 1592 ταραχωδέστατον·

3 1649 4 1652 ¹
103 1601 234 1668 άπαντα
249 1598 314 1687 γάρ
329 1598 434 1681 εὐθὺς
448 1605 555 1673 ἐδόκει
570 1631 627 1691 μοι
643 1607 884 1690 περιφέρεσθαι
899 1602 1031 1688 [πιόντι]
1049 1602 1105 1668 καὶ

103 1696 141 1767 τό
156 1699 320 1786 σπήλαιον
335 1698 415 1767 αύτδ
428 1698 646 1786 ἀνεστρέφετο
658 1703 713 1769 καὶ
726 1699 836 1770 ούκέτι
850 1699 936 1779 όλως
952 1703 989 1768 ἐν
1000 1701 1103 1785 ἐμαυ·
1121 1711 1175 1766 293

103 1804 164 1864 τοῦ
180 1795 284 1883 ήμην,
302 1801 393 1876 τέλος
407 1800 443 1866 δὲ
460 1801 493 1877 ἐς
505 1797 616 1866 ύπνου
628 1800 874 1885 κατεσπάσθην.
898 1795 967 1866 δδέ
978 1794 1104 1877 ἀποξύ-

1 1928 2 1939 ¹
105 1921 165 1974 νας
180 1893 240 1962 τόν
261 1893 385 1982 μοχλόν
405 1899 459 1965 καὶ
482 1899 641 1983 πυροόσας
659 1924 697 1984 γε
717 1902 851 1983 προσέτι
873 1897 1046 1984 ἐτύφλωσέ
1063 1922 1104 1982 με

22 2058 28 2073 ,
103 1994 332 2080 καθεύδοντα,
352 1997 407 2062 καὶ
425 1993 484 2063 ἀπ’
507 1998 637 2064 ἐκείνου
658 1998 784 2082 τυφλός
805 2003 873 2082 εἰμί
890 2016 959 2082 σοι,
984 1989 1105 2063 ‹3116-

102 2095 224 2159 σειδου.

185 2195 215 2257 3.
237 2196 341 2258 ΠΟΣ.
364 2188 421 2269 Ὡς
436 2188 551 2278 βαθύν
568 2192 765 2278 ἐκοιμήθης,
789 2185 967 2278 ἀτέκνου,
988 2189 1025 2269 δς
1040 2190 1103 2259 ούκ

102 2290 253 2374 ἐξέθορες
270 2290 391 2375 μεταξύ
414 2290 654 2376 τυφλούμενος.
678 2288 696 2357 ὁ
715 2287 746 2357 δ’
764 2282 828 2357 οὖν
840 2286 1017 2368 Ὀδυσσεύς
1033 2296 1103 2367 πῶς

101 2388 277 2471 διέφυγεν;
294 2384 335 2454 ού
346 2384 411 2473 γάρ
421 2384 465 2454 ἀν
476 2380 514 2455 εὖ
526 2384 589 2454 οἶδ’
602 2386 654 2456 ὅτι
666 2385 822 2474 ἠδυνήθη
832 2384 1030 2472 ἀποκινῆσαι
1041 2383 1104 2472 τήν

101 2486 226 2568 πέτραν
241 2482 305 2551 ἀπὸ
321 2492 378 2571 τῆς
393 2486 512 2571 θύρας.

186 2590 286 2652 KYK.
306 2580 396 2652 Ἀλλ’
408 2582 472 2670 έγά
483 2582 640 2671 ἀφεῖλον,
657 2582 701 2663 ὡς
711 2591 839 2672 μᾶλλον
853 2580 957 2651 αύτόν
967 2582 1101 2670 λάβοιμι

101 2680 245 2765 ἐξιόντα,
268 2683 323 2749 καὶ
337 2689 477 2760 καθίσας
494 2680 584 2765 παρὰ
599 2679 661 2769 τήν
675 2683 789 2768 θύραν
805 2683 940 2769 ἐθήρων
955 2679 1014 2758 τάς
1033 2694 1102 2766 χεέ·

100 2803 161 2863 ρας
175 2778 371 2867 ἐκπετάσας,
394 2779 481 2867 μόνα
496 2783 610 2866 παρεὶς
623 2780 665 2849 τά
686 2781 837 2868 πρόβατα
854 2784 887 2859 ἐς
906 2778 967 2867 τήν
981 2780 1101 2867 νομήν,

99 2875 330 2963 ἐντειλάμενος
343 2884 388 2969 τῷ
403 2886 486 2970 κριῷ
500 2876 609 2947 ὁπόσα
621 2882 719 2965 έχρήν
734 2879 892 2964 πράττειν
902 2875 1005 2947 αὐτόν
1016 2875 1101 2963 ὑπὲρ

98 2974 191 3057 ἐμοῦ.
850 2976 855 2985 “

1 3048 4 3079 ’
182 3074 212 3139 4.
236 3079 341 3140 ΠΟΣ.
364 3074 559 3141 Μανθάνω·
587 3070 646 3142 ὑπ’
664 3078 801 3153 ἐκείνοις
821 3080 946 3143 ἔλαθον
963 3074 1102 3154 ὑπεξελ-

96 3166 235 3247 θόντες·
258 3171 295 3237 σέ
310 3172 346 3239 δέ
360 3172 439 3251 τούς
449 3171 571 3251 ἀλλους
581 3172 770 3250 Κύκλωπας
781 3177 848 3242 ἔδει
858 3173 1101 3261 ἐπιβοήσασθαι

96 3260 150 3332 ἐπ’
174 3264 287 3337 αὐτόν.

181 3372 283 3435 K‘PK.
312 3368 543 3453 Συνεκάλεσα,
573 3361 741 3456 ὦπάτερ,
768 3370 822 3437 καὶ
840 3360 940 3451 ήκον·
974 3368 1043 3437 ἐπεὶ
1063 3364 1101 3436 δέ
