2550 3825
233 189 512 245 ΜΕΝΙΠΠΟΣ
529 190 562 245 Η
582 189 1001 248 ΝΕΚΤΟΜΑΝΤΕΙΑ.
1056 184 1116 247 199

119 348 287 431 βλέποιεν,
312 344 399 429 μάλα
415 346 640 429 δουλοπρεπές
659 370 691 412 τι
707 347 760 411 καὶ
782 347 1037 430 κολακευτικόν,
1063 348 1116 413 καί

119 449 220 509 ταῦτα
239 450 309 519 πῶς
329 451 391 509 οίει
415 449 529 528 βαρεῖς
548 439 642 519 ὅντες
664 443 718 509 καὶ
741 439 923 525 ὑπερόπται
945 441 1041 528 παρά
1055 441 1116 511 τδν

117 546 208 624 βίους
230 553 298 618 τοῖς
312 541 424 624 μέντοι
437 542 577 623 πένησιν
589 535 754 624 ἡμιτέλεια
767 546 834 605 τῶν
848 547 960 607 κακῶν
978 542 1115 626 έδίδοτο,

117 639 171 703 καὶ
186 636 467 722 διαναπαυόμενοι
482 636 582 704 πάλιν
596 636 798 715 ἐκολάζοντο.
829 640 884 704 καὶ
899 635 965 723 μὴν
980 634 1116 705 κάκεῖνα

117 732 260 801 είδοντα
279 733 437 819 μυθῶδη,
458 732 517 801 τὸν
535 731 650 813 Ἰξίονα
666 737 721 801 καὶ
741 731 800 801 τόν
815 741 970 820 Σίσυφον
987 738 1041 802 καί
1056 731 1116 801 τόν

117 830 236 916 Φρύγα
253 831 425 899 Τάνταλον
443 839 601 916 [χαλεπῶς
621 837 747 917 ἔχοντα]
769 835 824 899 καί
837 829 897 899 τδν
913 840 1036 919 γηγενῆ
1057 840 1115 899 Τι-
1133 844 1183 900 476

116 926 217 1012 τυόν,
227 926 398 1013 Ἡράκλεις
412 927 506 1006 ὅσος·
528 935 631 996 ἔκειτο
644 936 729 1015 γοῦν
742 929 846 997 τόπον
860 932 984 1016 ἐπέχων
998 929 1114 1015 ἀγροῦ.

117 1030 167 1092 15.
189 1027 379 1105 διελθόντες
392 1027 429 1094 δὲ
448 1028 503 1094 καὶ
517 1026 657 1105 τούτους
676 1031 708 1105 ές
726 1025 764 1095 τό
783 1031 898 1094 πεδίον
913 1027 1115 1114 ε’σβάλλομεν

116 1121 152 1189 τδ
164 1120 392 1210 Ἀχερούσιον,
414 1123 610 1211 εὑρίσκομέν
623 1150 659 1191 τε
673 1122 795 1194 αύτόθι
811 1124 889 1202 τούς
902 1124 1064 1211 ἡμιθέους
1080 1149 1115 1191 τε

116 1219 243 1298 καὶτὰς
257 1218 401 1308 ἡρωΐνας
414 1226 469 1290 καὶ
483 1220 544 1290 τόν
558 1221 661 1290 ἀλλον
672 1220 791 1307 ὅμιλον
804 1230 872 1289 τῶν
887 1228 1017 1306 νεκρῶν
1031 1217 1114 1287 κατά

116 1323 201 1403 ἔθνη
217 1322 272 1387 καὶ
292 1317 375 1387 κατά
397 1326 488 1406 φύλα
508 1321 760 1405 διαιτωμένους,
783 1317 861 1397 τούς
878 1320 939 1405 μὲν
953 1318 1114 1395 παλαιούς

115 1442 206 1493 τινας
216 1418 270 1483 καὶ
282 1415 507 1500 εὐρωτιῶντας
518 1422 572 1486 καὶ
585 1417 628 1496 ῶς
640 1440 742 1504 φησιν
749 1415 902 1503 Ὅμηρος,
915 1413 1113 1501 ἀμενηνούς,

115 1511 193 1591 τούς
207 1512 239 1580 δ’
256 1519 303 1581 ἔτι
317 1524 444 1593 νεαλεῖς
457 1519 511 1583 καί
526 1516 784 1600 συνεστηκότας,
810 1515 865 1581 καὶ
879 1514 1019 1599 μάλιστα
1035 1509 1114 1589 τούς

115 1616 319 1696 Αἰγυπτίους
334 1610 445 1679 αὐτῶν
465 1611 520 1679 διά
535 1612 573 1680 τδ
594 1612 780 1698 πολυαρκὲς
797 1618 854 1697 τὴς
874 1616 1045 1695 ταριχείας.
1075 1606 1112 1675 τὸ

115 1711 226 1793 μέντοι
251 1711 503 1795 διαγιγνώσκειν
523 1712 663 1777 ἕκαστον
684 1707 726 1776 ού
749 1708 840 1776 πάνυ
859 1735 890 1776 τι
913 1701 958 1793 ἡν
977 1708 1112 1797 ρ’άδιον·

114 1805 257 1885 ἀπαντες
281 1805 345 1892 γάρ
373 1807 515 1894 ἀτεχνῶς
539 1808 693 1896 ἀλλήλοις
717 1816 888 1895 γίγνονται
913 1806 1022 1893 ὅμοιοι
1046 1813 1114 1873 τῶν

114 1905 222 1975 ὀστῶν
234 1909 515 1994 γεγυμνωμένων·
536 1905 624 1994 πλὴν
638 1904 722 1976 ἀλλά
736 1908 831 1994 μόγις
842 1933 876 1974 τε
891 1908 946 1974 καί
961 1901 1015 1974 διά
1030 1914 1114 1972 πολ-

113 2013 175 2073 λοῦ
187 2005 461 2089 ἀναθεωροῦντες
473 2004 595 2084 αύτούς
605 2009 858 2093 ἐγιγνώσκομεν.
876 2013 1002 2074 ἔκειντο
1014 2002 1045 2071 δ’
1060 2001 1110 2072 ἐπ’

115 2102 268 2188 ἀλλήλοις
278 2102 422 2189 ἀμαυροὶ
433 2107 487 2173 καί
498 2104 619 2191 ἀσημοι
629 2106 684 2172 καὶ
696 2102 795 2172 οὐδὲν
805 2109 852 2172 έτι
862 2113 930 2172 τῶν
943 2100 1020 2186 παρ’
1032 2100 1112 2187 ἡμῖν
1131 2108 1181 2165 477

114 2209 226 2270 καλῶν
241 2202 471 2287 φυλάττοντες.
499 2202 610 2290 ἀμέλει
624 2211 758 2272 πολλῶν
767 2206 810 2272 ’ἐν
826 2201 934 2293 ταύτῷ
950 2209 1113 2269 σκελετῶν

114 2307 277 2386 κειμένων
297 2303 352 2367 καὶ
366 2301 503 2368 πάντων
518 2299 643 2387 ὁμοίων
660 2303 808 2388 φοβερόν
823 2329 854 2370 τι
879 2303 933 2369 καὶ
956 2301 1112 2367 διάκενον

114 2398 320 2482 δεδορκότων
340 2402 395 2467 καὶ
414 2399 564 2486 γυμνούς
590 2399 669 2480 τούς
692 2399 831 2478 ὀδόντας
853 2397 1112 2484 προφαινόντων

113 2496 265 2584 ἠπόρουν
279 2495 539 2593 πρδςέμαυτόν,
556 2492 649 2589 ᾧτινι
664 2505 866 2586 διακρίναιμι
880 2498 941 2567 τόν
951 2504 1113 2581 Θερσίτην

114 2592 178 2663 ἀπὸ
191 2602 250 2661 τοῦ
262 2602 366 2663 καλοῦ
377 2599 508 2681 Νιρέως
518 2594 539 2683 ἡ
548 2597 607 2665 τὸν
617 2606 771 2684 μεταίτην
781 2593 868 2683 Ἶρον
881 2595 944 2665 ἀπὸ
958 2605 1018 2663 τοῦ
1028 2603 1113 2663 Φαι-

113 2696 207 2762 άκων
221 2698 379 2773 βασιλέως
397 2691 587 2781 ἡΠυρρίαν
602 2695 662 2764 τὸν
676 2697 836 2783 μάγειρον
855 2694 997 2764 ἀπὸτοῦ
1017 2693 1113 2779 Ἀγα-

113 2796 292 2879 μέμνονος·
313 2789 413 2859 οὐδὲν
425 2790 490 2877 γάρ
502 2799 548 2861 ἔτι
559 2804 625 2861 τῶν
636 2802 787 2862 παλαιῶν
797 2795 1038 2882 γνωρισμάτων
1050 2791 1111 2860 αύ-

112 2903 179 2967 vocs
196 2892 396 2975 παρέμενεν,
420 2887 493 2958 ἀλλ’
509 2889 609 2977 ὅμοια
622 2891 663 2960 τά
684 2891 763 2960 ὀστᾶ
778 2887 837 2978 ἦν,
859 2891 964 2978 ἄδηλα
980 2895 1035 2960 καὶ
1051 2889 1111 2958 ἀν-

113 2994 280 3074 επίγραφα
295 2991 350 3056 καί
371 2985 431 3055 ὑπ’
453 2987 591 3070 ούδενδς
612 2998 659 3059 ἔτι
685 2997 914 3078 διακρίνεσθαι
931 2991 1112 3076 δυνάμενα.

114 3091 160 3153 16.
184 3085 351 3171 τοιγάρτοι
363 3088 474 3153 έκεῑνα
489 3084 609 3169 ὁρῶντι
626 3089 734 3158 ἐδόκει
743 3116 799 3176 μοι
811 3089 829 3158 ὁ
841 3097 908 3157 τῶν
918 3087 1112 3174 ἀνθρώπων

110 3190 183 3270 βίος
199 3191 314 3272 πομπῇ
332 3210 398 3252 τινι
419 3194 530 3275 μακρᾷ
552 3190 798 3273 προσεοικέναι,
822 3201 977 3273 χορηγεῖν
1000 3187 1111 3254 δὲκαὶ

112 3284 296 3352 διατάττειν
311 3287 430 3351 έκαστα
443 3282 464 3370 ἡ
479 3285 568 3372 Τύχη
579 3286 725 3372 διάφορα
740 3290 795 3352 καλ
804 3291 935 3352 ποικίλα
947 3298 1015 3362 τοῖς
1024 3309 1112 3368 πομ·

111 3398 245 3461 πευταλς
257 3381 296 3449 τά
310 3385 456 3470 σχήματα
467 3384 721 3470 προσάπτουσα·
737 3381 797 3450 τόν
806 3386 867 3467 μὲν
876 3380 940 3469 γάρ
952 3389 1112 3470 λαβοῦσα,
