2550 3825
508 178 686 237 ΧΑΡαΝ.
787 245 791 252 ,
1036 176 1096 241 211

97 342 254 420 κροτοῦσι
269 332 300 402 δ’
319 332 409 425 αύτῷ
424 336 636 422 οίἝλληνες,
653 334 703 402 ὅτι
720 334 779 403 τόν
793 344 918 423 ταῦρον
933 335 1098 423 ἀράμενος

98 434 191 517 δέρει
208 430 262 499 διά
277 440 338 500 τοῦ
352 437 487 501 σταδίου
501 438 613 519 μέσου.

97 554 100 556 ’
179 530 275 601 ΧᾹΡ.
296 532 362 598 Καὶ
376 530 469 622 πόσῳ
481 531 689 617 δικαιότερον
700 527 744 599 ἀν
754 533 824 617 έμέ,
841 524 989 617 άἙρμη,
1003 535 1097 600 ἐπαι-

98 642 206 713 νοῖεν,
228 624 265 706 δς
280 626 384 696 αὐτόν
399 649 451 696 σοι
470 627 531 696 τόν
545 637 688 697 Μίλωνα
704 628 776 714 μετ’
791 626 904 714 ὀλίγον
923 628 1096 717 ξυλλαβών

97 724 280 812 ἐνθήσομαι
295 727 327 804 ές
342 723 379 792 τδ
394 730 590 811 σκαφίδιον,
613 724 739 793 ὁπόταν
755 724 820 815 ἥαη
833 725 916 813 πρὸς
930 724 1015 813 ἡμᾶς
1029 725 1094 794 ύπδ

96 830 157 893 τοῦ
176 819 429 889 ἀναλωτοτάτου
449 830 516 891 τῶν
537 824 792 909 ἀνταγωνιστῶν
817 827 1095 903 καταπαλαισθεὶς

97 927 158 988 τοῦ
168 920 334 1006 Θανάτου,
345 922 428 1007 μηδὲ
437 922 545 1000 ξυνεὶς
556 919 646 1000 ὅπως
657 919 760 989 αύτὸν
771 921 990 1002 ὑποσκελίζει;
1013 916 1097 1011 κᾷτα

98 1019 270 1103 οἰμώξεται
284 1015 364 1104 ἡμῖν
380 1016 504 1105 δηλαδὴ
521 1022 728 1106 μεμνημένος
741 1026 809 1088 τῶν
825 1020 1001 1106 στεφάνων
1016 1019 1096 1086 τού-

97 1142 165 1183 τοιν
179 1117 308 1183 καὶτοῦ
322 1118 461 1203 κρότου·
484 1124 549 1185 νύν
564 1118 601 1185 δέ
615 1122 699 1203 μέγα
713 1134 834 1205 φρονεῖ
843 1119 1096 1204 θαυμαζόμενος

97 1215 149 1282 ἐπὶ
163 1220 203 1302 τῇ
216 1220 276 1280 τοῦ
292 1214 420 1301 ταύρου
435 1222 533 1304 φορᾷ.
562 1222 596 1283 τί
614 1212 646 1282 δ’
663 1209 727 1283 οὖν
747 1223 934 1302 οίηθῶμεν;
956 1209 1021 1301 ἀρα
1042 1218 1096 1283 έλ-

9 1328 12 1333 ·
97 1316 202 1391 πίζειν
216 1308 319 1379 αὐτόν
333 1314 389 1379 καὶ
402 1312 626 1399 τεθνήξεσθαί
637 1338 732 1395 ποτε;

180 1417 283 1477 ΕΡΜ.
302 1410 420 1478 Πόθεν
436 1413 559 1490 ἐκεῖνος
576 1411 730 1480 θανάτου
750 1418 815 1479 νύν
834 1410 1096 1497 μνημονεύσειεν

98 1504 141 1575 ἀν
155 1509 192 1575 έν
206 1505 294 1596 ἀκμῇ
308 1508 468 1596 τοσαύτης

179 1616 275 1676 ΧΑΡ.
287 1608 347 1676 Ἔα
358 1616 478 1676 τοῦτον
488 1605 550 1674 ούκ
562 1615 608 1686 είς
620 1605 752 1694 μακράν
763 1610 888 1693 γέλοοτα
902 1603 981 1693 ἡμῖν
992 1612 1094 1692 παρέ-
1113 1622 1160 1673 501

98 1707 213 1790 ξοντα,
230 1702 355 1772 ὁπόταν
371 1707 453 1793 πλέη
466 1702 544 1791 μηδ’
562 1708 680 1790 ἐμπίδα
695 1702 776 1791 ἡμῖν
789 1700 849 1789 ούχ
864 1700 953 1781 ὅπως
969 1710 1094 1790 ταῦρον

99 1808 145 1871 ἔτι
161 1802 308 1887 άρασθαι
322 1803 517 1888 δυνάμενος.
540 1808 569 1869 9.
591 1800 634 1869 σύ
651 1803 689 1869 δέ
703 1827 760 1889 μοι
774 1805 880 1869 έκεῖνο
896 1804 975 1885 εἰπέ,

247 1905 295 1979 τίς
309 1898 339 1967 τ’
358 1898 413 1984 ἀρ’
428 1896 481 1968 ὅδ’
500 1897 628 1979 άλλοςὸ
645 1897 765 1986 σεμνὸς
780 1896 882 1986 ἀντίης

96 1994 156 2082 οὐχ
164 1993 302 2083 Ἕλλην,
318 1995 363 2077 ὡς
376 2004 484 2066 ἔοικεν
499 1996 564 2065 άπδ
578 2007 664 2084 γοῦν
679 2004 735 2083 τῆς
750 2005 875 2082 στολῆς.

182 2101 284 2164 EPM.
306 2103 434 2182 Κύρος,
451 2089 630 2183 όΧάρων,
653 2094 671 2162 ὁ
686 2095 888 2183 Καμβύσου,
910 2090 945 2172 δς
957 2089 1019 2179 τὴν
1033 2091 1095 2179 ἀρ-

95 2190 157 2278 χὴν
177 2193 279 2260 πάλαι
300 2195 431 2280 Μήδων
451 2195 594 2280 ἐχόντων
612 2201 679 2260 νῦν
696 2200 839 2278 Περσῶν
858 2189 922 2278 ἤδη
941 2192 1095 2276 ἐποίησεν

95 2288 197 2358 εἶναι·
217 2294 273 2358 καί
282 2289 465 2378 Ἀσσυρίων
479 2290 511 2359 δ’
525 2298 661 2378 ἔναγχος
678 2283 776 2369 οὗτος
790 2289 948 2374 ἐκράτησε
960 2289 1016 2354 καὶ
1026 2295 1095 2354 Βα-

93 2395 232 2471 βυλῶνα
246 2392 471 2477 παρεστήσατο
483 2391 536 2458 καί
547 2397 613 2456 νῦν
623 2393 803 2457 ἐλασείοντι
818 2389 870 2456 ἐπὶ
883 2388 1013 2453 Λυδίαν
1027 2389 1094 2450 ἔοι-

94 2511 170 2572 κεν,
187 2483 231 2565 ὡς
243 2485 397 2556 καθελών
412 2485 472 2554 τόν
486 2495 632 2571 Κροῖσον
647 2485 761 2572 ἀρχειν
774 2483 940 2552 ἁπάντων.

178 2590 275 2653 ΧΑΡ.
291 2583 329 2653 Ὁ
343 2591 486 2671 Κροῖσος
499 2587 536 2653 δὲ
549 2591 616 2651 ποῦ
631 2608 710 2650 ποτε
726 2582 879 2661 κάκεῖνός
893 2585 999 2661 έστιν;

178 2690 281 2750 ΕΡΜ.
302 2682 422 2752 Ἐκεῖσε
435 2681 626 2771 ἀπόβλεψον
639 2685 671 2761 ἐς
679 2679 741 2768 την
750 2681 899 2768 μεγάλην
910 2677 1094 2764 ἀκρόπολιν

92 2780 156 2869 τὴν
170 2780 207 2848 τδ
223 2788 385 2869 τριπλοῦν
399 2796 515 2868 τεῖχος·
537 2781 681 2869 Σάρδεις
695 2782 835 2865 ἐκεῖναι,
849 2782 903 2848 καὶ
919 2776 979 2846 τόν
990 2785 1094 2864 Κροί-

93 2900 156 2948 σον
169 2876 274 2946 αύτδν
293 2877 372 2969 ὁρᾷς
385 2878 449 2967 ἤδη
470 2884 523 2949 ἐπὶ
543 2890 657 2966 κλίνης
675 2886 798 2966 χρυσῆς
815 2879 1008 2967 καθήμενον
1022 2876 1091 2944 Σό-
1108 2888 1158 2938 502

92 2989 175 3048 λωυι
188 2985 234 3070 τῷ
247 2976 414 3070 Ἀθηναίῳ
424 2981 670 3066 διαλεγόμενον.
693 2980 808 3065 βούλει
819 2977 1016 3065 ἀκούσωμεν
1029 2973 1093 3046 αύ-

92 3085 160 3146 τῶν
176 3077 197 3145 ό
209 3104 240 3144 τι
254 3080 309 3144 καὶ
324 3078 474 3162 λέγουσα

175 3181 272 3244 ΧΑΡ.
294 3174 394 3242 Πάνυ
408 3175 470 3261 μὲν
486 3169 559 3243 ούν.

176 3280 225 3344 10.
248 3280 396 3342 ΚΡΟΙΣ.
421 3266 460 3340 Ὦ
481 3278 553 3353 ξένε
573 3272 744 3361 Ἀθηναῖε,
771 3273 854 3353 εἶδες
874 3274 938 3360 γάρ
953 3299 1019 3361 μου
1032 3270 1089 3342 τόν

91 3381 239 3442 πλοῦτον
260 3375 314 3440 καὶ
334 3369 413 3451 τούς
433 3371 628 3460 θησαυρούς
649 3373 703 3439 καὶ
724 3369 800 3450 ὅσος
820 3369 953 3500 ἄσημος*
968 3371 1094 3459 χρυσός
