2550 3825
373 196 618 255 NEKPIKOI
645 195 903 254 ΔΙΛΛΟΓΟΙ.
1081 191 1141 253 155

139 351 350 440 όἈριστίας,
367 358 397 420 εί
405 355 612 438 προαπέλθοι
624 349 737 420 αὐτοῦ.
760 360 863 419 ταῦτα
878 352 939 438 μὲν
951 353 1141 437 ἐγέγραπτο,

136 455 174 524 οί
182 449 213 519 δ’
227 451 435 534 ἐθεράπευον
446 447 733 538 ὑπερβαλλόμενοι
742 447 906 536 ἀλλήλους
918 458 958 538 τῇ
967 454 1139 539 κολακείᾳ·

53 621 59 634 ,
137 553 193 617 καί
209 553 242 617 οί
255 548 406 634 μάντεις,
429 551 464 616 oz
478 575 514 616 τε
530 545 594 616 άπὸ
609 556 678 616 τῶν
692 546 823 634 όὶστρων
836 545 1088 633 τεκμαιρόμενοι
1102 544 1140 612 τό

139 650 260 732 μέλλον
276 647 311 712 ο’ί
324 672 360 713 τε
373 644 437 714 ιἰπό
454 653 521 714 τῶν
536 643 736 733 ὀνειράτων,
759 646 804 726 ὥς
819 673 858 734 με
871 650 1048 716 Χαλδαίων
1064 657 1142 711 παλ-

139 749 210 831 ῦες,
227 742 311 814 ἀλλά
326 748 380 814 καί
398 742 560 824 όΠῦθιος
574 743 675 824 αῦτός
689 744 763 828 άρτι
775 747 838 832 μὲν
849 743 995 833 Ἀριστέᾳ
1010 757 1142 829 παρεῖχε

139 841 176 911 τό
191 846 328 931 κράτος,
350 844 424 932 ῦρτι
444 848 480 912 δέ
500 851 669 935 Μοιρίχῳ,
696 843 805 912 καὶτὰ
826 842 969 912 τάλαντα
985 842 1063 910 ποτὶ
1081 841 1143 926 μὲν

141 941 192 1012 ἐπ’
211 947 355 1028 ἐκείνου,
373 951 439 1011 νῦν
456 941 488 1010 δ’
506 946 558 1011 ἐπὶ
572 950 693 1011 τοῦτον
707 949 833 1030 ἔρρεπε.

224 1048 255 1109 2.
277 1048 396 1110 ΔΙΟΓ.
423 1048 465 1110 Τί
473 1035 536 1109 οὖν
547 1044 649 1124 πέρας
663 1044 809 1128 ἐγένετο,
828 1034 1016 1126 όΚράτηςε
1037 1037 1143 1107 ἆκοῦ-

136 1158 196 1204 σαι
207 1135 276 1224 ’γάρ
292 1136 394 1219 όὶξιον.
881 1139 887 1147 ’

223 1243 350 1305 ΚΡΑΤ.
363 1235 481 1325 ’Ἀμφω
494 1245 656 1306 τεθνᾶσιν
666 1241 717 1306 έπλ
728 1245 805 1324 μιᾶς
814 1236 952 1325 ἡμέρας,
970 1241 1004 1305 οί
1015 1238 1052 1304 δέ
1061 1244 1144 1323 κλη-

136 1361 193 1418 ροι
208 1338 241 1416 ές
250 1335 422 1422 Εὐνόμιον
436 1340 490 1405 καλ
502 1340 697 1423 Θρασυκλέα
712 1343 897 1423 περιῆλθον
907 1333 1008 1422 ἄμφω
1019 1356 1141 1422 συγγε-
1159 1351 1209 1406 378

142 1449 207 1512 νείς
221 1434 320 1512 ὄντας
339 1431 418 1502 οῦδὲ
434 1434 567 1502 ποόποτε
590 1437 923 1520 προμαντευομένους
944 1431 1032 1500 οὕτω
1047 1436 1142 1520 γενέ-

137 1542 222 1600 σθαι
236 1537 354 1600 ταῦτα’·
383 1537 593 1611 διαπλέοντες
608 1531 673 1619 γάρ
689 1530 754 1600 άπό
771 1539 946 1611 Σικυῶνος
962 1536 995 1611 ές
1011 1540 1142 1618 Κίρραν

138 1627 222 1698 κατά
238 1633 340 1718 μέσον
355 1627 415 1698 τόν
428 1631 536 1715 πόρον
555 1640 683 1724 πλαγίῳ
699 1631 931 1717 περιπεσόντες
952 1638 996 1724 τῷ
1015 1630 1141 1719 Ἰάπυγι

137 1728 382 1816 ἀνετράπησαν.
527 1772 534 1785 ·

223 1834 253 1896 3.
275 1833 397 1897 ΔΙΟΓ.
425 1820 477 1895 Εὖ
496 1833 664 1916 ἐποίησαν.
692 1825 785 1917 ἡμεῖς
802 1829 838 1897 δὲ
855 1829 954 1898 ὁπότε
969 1833 1006 1898 έν
1020 1836 1065 1922 τῷ
1079 1836 1142 1922 βίῳ

140 1920 239 2014 ἦμεν,
262 1924 362 2006 οῦδὲν
377 1934 532 1995 τοιοῦτον
552 1931 753 2015 ἐνενοοῦμεν
771 1931 846 2014 περὶ
865 1926 1033 2016 ἀλλήλων·
1065 1929 1142 1997 οῦτε

138 2027 205 2113 έμεό
220 2051 298 2094 ποτε
313 2022 466 2111 ηὐξάμην
476 2022 692 2114 Ἀντισθένην
702 2025 905 2115 ἀποθανεῖν,
921 2026 964 2108 ὦς
978 2038 1143 2114 κληρονο-

136 2126 278 2211 μήσαιμι
293 2132 350 2211 τῆς
363 2131 542 2219 βακτηρίας
562 2123 667 2193 αὐτοῦ
683 2168 720 2178 -
737 2126 800 2213 εἶχε
816 2131 852 2196 δὲ
871 2129 962 2196 πάνυ
978 2126 1142 2213 καρτεράν

137 2226 176 2291 ἐκ
190 2229 326 2291 κοτίνου
341 2222 563 2309 ποιησάμενος
580 2264 616 2273 -
633 2222 710 2291 οῦτε
725 2223 814 2310 οἶμαι
829 2222 872 2292 οῦ
886 2223 905 2293 ό
920 2226 1051 2311 Κράτης
1065 2228 1142 2293 έπε-

137 2321 260 2407 θῦμεις
275 2330 494 2407 κληρονομεῖν
516 2318 749 2401 άποθανόντος
770 2324 853 2408 έμοῦ
869 2320 908 2389 τά
925 2323 1071 2410 κτήματα
1086 2327 1141 2391 καί

138 2419 199 2487 τόν
212 2427 317 2488 πίθον
330 2422 384 2487 καὶ
399 2419 461 2507 τὴν
477 2422 588 2507 πη’ραν
600 2426 747 2506 χοίνικας
759 2421 821 2487 ῦῦο
836 2425 975 2508 θέρμων
989 2426 1140 2507 ἔχουσαν.

224 2526 351 2611 ΚΡΑΤ.
375 2516 485 2587 Οὐδὲν
499 2518 564 2605 γάρ
580 2544 636 2604 μοι
650 2517 778 2586 τούτων
792 2523 874 2605 ἔδει,
890 2517 963 2588 ἀλλ’
980 2518 1059 2588 οὐδὲ
1076 2526 1140 2603 σοί,

137 2612 167 2686 οῦ
181 2618 358 2704 Διόγενες·
380 2615 477 2703 ῦγάρ
489 2620 604 2703 ἐχρῆν,
619 2617 663 2683 σύ
673 2643 708 2684 τε
720 2613 953 2696 Ἀντισθένους
963 2618 1142 2704 έκληρονό-

138 2736 246 2803 μησας
256 2719 310 2784 καί
321 2712 386 2802 έγά
397 2723 476 2801 σοῦ,
491 2721 602 2806 πολλῷ
615 2721 712 2801 μείζω
726 2716 781 2783 καί
791 2716 974 2801 σεμνότερα
983 2722 1041 2803 τῆς
1053 2724 1141 2799 Περ-

139 2821 209 2881 σῶν
224 2811 333 2899 άρχῆς.

223 2918 342 2981 ΔΙΟΓ.
370 2918 452 2980 Τίνα
467 2918 569 2979 ταῦτα
584 2911 665 2998 φής;

223 3017 351 3078 ΚΡΑΤ.
374 3015 518 3095 Σοφίαν,
531 3008 742 3096 αὐτάρκειαν,
758 3007 931 3096 άλήθειαν,
943 3016 1140 3098 παρρησίαν,

139 3116 345 3191 ἐλευθερίαν.

222 3213 343 3277 Alos.
371 3204 426 3293 Νὴ
442 3212 526 3289 Δία,
551 3214 717 3293 μέμνημαι
732 3210 788 3274 καί
806 3213 927 3274 τοῦτον
946 3210 1140 3292 ῦιαῦεξαμε·
1158 3222 1210 3277 379

41 3329 45 3335 ·
139 3330 198 3382 νος
210 3302 270 3371 τόν
281 3310 426 3372 πλοῦτον
438 3303 528 3389 παρὰ
539 3302 772 3383 Ἀντισθένους
783 3306 837 3371 καὶ
846 3304 897 3371 σοί
909 3308 956 3370 ἔτι
969 3309 1071 3370 πλείω
1081 3330 1143 3370 κα-

140 3399 295 3471 ταλιποόν.
