2550 3825
199 157 243 222 84
558 161 855 221 ΛονειΑιιου
952 120 956 128 ’

198 323 403 409 πτυξαμένης
418 319 521 388 αῦτόν
534 323 586 388 ἐπὶ
599 328 639 409 τῇ
651 328 743 409 νίκη,
758 328 820 388 τοῦ
830 319 913 402 Διὸς
929 326 965 392 δὲ
978 332 1141 412 γελῶντος
1152 331 1199 394 ἔτι

129 430 180 484 m
198 416 235 485 τό
249 425 431 506 σκήπτρου·
454 426 484 488 εί
493 422 530 488 δὲ
540 418 584 508 μή
597 421 779 508 βαρύτερος
789 418 809 488 ὁ
821 421 984 507 κεραυνός
993 417 1037 511 ήυ
1047 427 1102 492 καὶ
1111 423 1199 493 πολῦ

197 513 234 582 τό
250 523 318 602 πῦρ
334 515 414 602 εἶχε,
432 514 589 586 κάκεϊυον
603 514 648 585 όν
663 515 826 604 ὑφείλετο.

281 621 356 682 ΗΦ,
378 617 512 701 Γοργόν
528 643 603 685 τινα
616 614 678 684 τόν
693 620 794 683 παῖδα
808 617 882 704 φής.

282 719 355 780 ΑΠ.
381 711 433 780 Οῦ
449 715 571 800 μόνον,
589 711 664 783 ἀλλ’
680 715 744 802 ήδη
760 717 815 784 καὶ
829 716 1003 803 μουσικόν.

281 817 357 878 ΗΦ.
386 818 440 903 Τῷ
455 821 552 881 τοῦτο
566 821 802 900 τεκμαίρεσθαι
817 820 912 901 ἕχειςς

130 922 180 976 223
283 915 312 978 4.
340 920 412 979 A11.
435 913 595 1000 Χελιόνην
611 938 679 981 που
700 911 824 999 νεκρὰν
846 910 957 998 εῦρῦυ
972 910 1119 1000 όργανον
1138 911 1199 982 ἀπ’
1271 964 1274 985 ι

196 1006 304 1096 αῦτής
313 1012 535 1098 συνεπήξατο·
560 1014 672 1099 πήχεις
687 1009 751 1099 γάρ
770 1011 955 1096 ἐναρμόσας
970 1014 1025 1080 καί
1039 1011 1198 1098 ζυγώσας,

200 1113 310 1176 ἔπειτα
321 1111 505 1196 κολλάβους
517 1113 660 1199 ἐμπήξας
671 1114 726 1178 καί
737 1111 869 1198 μαγάδα
880 1107 1019 1190 ὑποθεὶς
1029 1112 1084 1179 καὶ
1094 1115 1200 1179 ἐντει-

128 1217 179 1270 224
198 1207 340 1294 νάμενος
352 1205 431 1276 ἑπτά
442 1207 564 1294 χορδάς
575 1211 730 1301 ἐμελῴδει
741 1209 832 1276 πάνυ
842 1211 1028 1296 γλαφυρόν,
1044 1204 1199 1296 ὦἮφαι-

198 1326 270 1392 στε,
295 1310 350 1374 καὶ
365 1308 583 1395 ἐναρμόνιον,
599 1307 645 1387 ὡς
662 1305 746 1395 κάμὲ
763 1305 855 1398 αὐτῷ
869 1319 1014 1395 φθονεῖν
1027 1311 1129 1378 πάλαι
1144 1336 1199 1378 ιιι-

116 1437 123 1448 ·
197 1411 346 1492 θαρίζειυ
362 1402 538 1474 άσκοῦυτα.
561 1412 653 1493 ἔλεγε
669 1408 705 1474 δὲ
719 1403 740 1493 ή
752 1413 863 1492 Μαῖα,
882 1406 926 1486 ὡς
939 1411 1021 1494 μηδὲ
1031 1411 1127 1495 μένοι
1138 1405 1199 1487 τάς

197 1506 319 1583 νύκτας
331 1508 367 1573 ἐν
378 1511 423 1596 τῷ
435 1501 579 1595 οῦρανῷ,
591 1501 667 1573 ἀλλ’
679 1501 746 1571 ὑπὸ
757 1511 946 1591 περιεργίας
956 1503 1030 1592 ἄχρι
1041 1513 1102 1574 τοῦ
1112 1505 1199 1597 ᾅδου

197 1611 319 1690 κατίοι,
341 1608 474 1684 κλέψων
494 1629 525 1671 τι
540 1601 698 1672 κάκεῖθεν
717 1605 850 1690 δηλαδή.
878 1602 1064 1691 ὑπόπτερος
1080 1603 1111 1673 δ’
1130 1609 1197 1674 ἐστὶ

197 1706 252 1770 καί
267 1704 394 1790 ῥάβδον
414 1701 489 1771 τινά
505 1710 680 1788 πεποίηται
699 1709 894 1789 θαυμασίαν
912 1703 974 1791 τήν
992 1706 1152 1792 δύναμιν,
1175 1698 1197 1793 ᾖ

199 1815 391 1888 ψυχαγωγεῖ
405 1805 459 1870 καί
476 1802 610 1887 κατάγει
624 1799 703 1880 τοῦς
718 1803 866 1890 νεκρούς.

281 1907 356 1969 ΗΦ.
377 1897 457 1987 Ἐγιό
476 1903 606 1986 ἐκείνην
623 1905 731 1969 ἔδωκα
746 1897 836 1987 αὐτῷ
851 1907 1007 1987 παίγνιον
1021 1899 1112 1969 εἶναι.

281 2005 354 2065 An.
381 2005 569 2083 Τοιγαροῦν
579 1996 731 2066 ἄπίδωκέ
739 2019 792 2066 σοι
805 1996 865 2067 τόν
876 1999 1017 2086 μισθόν,
1033 1998 1096 2086 τήν
1108 2024 1194 2084 πυρ-
1254 2025 1274 2096 s

197 2121 306 2182 αγραν
323 2136 361 2147 -

279 2202 355 2263 ΗΦ.
377 2188 430 2263 Εῦ
445 2221 485 2281 γε
500 2192 706 2282 ὑπέμνησας·
730 2195 812 2262 ὥστε
828 2198 1007 2282 βαδιοῦμαι
1021 2192 1194 2282 άποληῦό-
1251 2117 1274 2192 K

196 2317 295 2378 μενος
305 2290 427 2380 αῦτήν,
440 2302 473 2361 εί
479 2317 546 2360 που
558 2291 601 2372 ὡς
612 2291 677 2379 φής
688 2290 842 2378 εὑρεθείη
854 2294 891 2360 ἐν
901 2306 969 2371 τοῖς
979 2294 1193 2379 σπαργάνοις.
1272 2347 1274 2357 ε

681 2544 710 2605 8.

437 2654 693 2707 Ησλιευου
715 2658 798 2709 τιατ
824 2655 951 2709 ΑτοΣ.

194 2834 198 2841 -
280 2790 354 2852 ΗΦ.
367 2837 369 2843 .
381 2790 422 2852 Τί
435 2810 492 2871 με,
507 2778 536 2853 ό
549 2794 633 2871 Ζεῦ,
647 2784 709 2873 χρή
724 2799 850 2868 ποιεῑυς
869 2786 941 2874 ήκω
955 2788 1036 2874 γάρ,
1061 2787 1105 2868 ὡς
1121 2794 1193 2859 ἕπε’·

126 2903 175 2955 225
196 2891 333 2967 λευσας,
355 2888 438 2968 ἔχων
459 2882 519 2952 τόν
535 2890 678 2953 πέλεκυν
692 2883 866 2972 ὀξύτατον,
888 2892 919 2954 εί
932 2888 988 2954 καί
1008 2893 1109 2955 λίθον
1125 2891 1195 2958 δέοι

194 2985 253 3068 μιᾷ
269 2985 378 3067 πληγή
392 2981 555 3062 διακόψαι.

278 3082 403 3143 zm.
424 3070 477 3145 Εῦ
487 3104 541 3164 γε,
559 3072 586 3145 ὦ
592 3078 766 3165 Ἥφαιστε·
788 3079 872 3149 ἄλλά
886 3084 976 3149 δίελέ
986 3105 1052 3166 μου
1064 3080 1193 3167 τήνκε·

196 3169 307 3258 φυλήν
324 3174 356 3251 ἐς
373 3172 434 3241 δύο
449 3176 665 3261 κατενεγκών.

279 3276 354 3337 ΗΦ.
381 3276 488 3361 Πειρᾷ
504 3296 585 3360 μου,
611 3278 642 3341 εί
659 3278 805 3359 μέμηνας
826 3272 1006 3358 πρόσταττε
1023 3271 1059 3341 δ’
1081 3265 1146 3342 οὖν
1161 3302 1193 3345 τι

196 3367 276 3437 ἄλλο
291 3365 373 3452 ὅπερ
389 3370 513 3447 ἐθέλεις
526 3386 579 3437 σοι
593 3372 760 3453 γενέσθαι,
1272 3381 1273 3390 ’
