2550 3825
503 162 681 227 ΤΙΜΩΝ.
1053 164 1095 225 35

102 322 155 402 τὰς
167 337 276 409 χεῖρας
289 320 506 408 Ὀλυμπίασιν
522 322 774 410 ἐπιβεβλήκασι,
791 328 845 392 καὶ
861 320 904 393 σύ
919 321 936 392 ὁ
951 321 1094 412 ὑψιβρε-

102 425 194 508 μέτης
208 418 360 507 ὤκνησας
373 416 395 507 ή
411 416 593 505 ἀναστῆσαι
607 418 686 498 τοῦς
700 420 806 500 κύνας
818 420 841 508 ή
857 421 935 501 τοῦς
943 429 1095 507 γείτονας

102 522 371 605 ἐπικαλέσασθαι,
393 516 437 597 ὡς
450 518 741 605 βοηδρομήσαντες
756 519 878 599 αὐτοῦς
893 522 1094 607 συλλάβοιεν

102 623 145 687 ἐτι
158 620 461 704 συσκευαζομένους
477 617 561 699 πρὸς
574 615 636 703 τήν
654 618 785 704 φυγήν·
813 616 881 687 ἀλλ’
897 616 916 687 ό
937 634 1091 706 γενναῖος

100 720 153 785 καί
160 720 407 802 Γιγαντολέτωρ
424 720 478 786 καὶ
491 714 746 801 Τιτανοκράτωρ
758 716 905 803 ἐκάθησο
916 715 995 795 τοῦς
1008 726 1091 784 πλο-

99 816 225 901 κάμους
233 815 503 902 περικειρόμενος
514 811 570 883 ὑπ’
582 813 711 901 αὐτῶν,
724 816 915 902 δεκάπηχυν
925 813 1092 901 κεραυνόν

101 921 182 1000 ἔχων
202 915 239 981 ἐν
253 920 293 1002 τῇ
309 918 409 1004 δεξιᾷ.
443 921 546 982 ταῦτα
561 920 694 997 τοίνυν,
717 906 947 1002 άθανμάσιε,
969 921 1092 1001 πηνίκα

9 1078 10 1091 ,
100 1013 256 1081 παύσεται
279 1010 386 1090 οὕτως
405 1010 533 1098 άμελῦς
553 1011 793 1098 παροράμενας
811 1008 833 1098 ή
849 1013 929 1081 πότε
944 1013 1096 1088 κολάσεις
1111 1022 1163 1077 108

99 1108 157 1197 τήν
170 1107 334 1194 τοσαύτην
350 1106 501 1192 άδικίανς
515 1110 613 1178 πόσοι
623 1112 813 1188 Φαέθοντες
826 1106 1092 1197 ήΔενκαλίωνες

96 1210 203 1276 ίκανοὶ
222 1203 306 1291 πρός
326 1206 432 1285 οῦτως
452 1204 662 1303 ῦπέραντλον
684 1206 786 1295 ῦβριν
799 1215 861 1275 τοῦ
874 1215 969 1295 βίους
990 1213 1019 1278 5.
1034 1212 1091 1275 ἵνα

96 1304 159 1395 γάρ
178 1303 220 1373 τά
242 1302 340 1373 κοινά
363 1305 462 1383 έάσας
482 1303 568 1392 τάμά
590 1316 688 1387 εἴπω,
709 1305 891 1383 τοσούτους
904 1303 1091 1391 Ἀθηναίων

96 1412 142 1483 είς
162 1403 248 1486 ῦψος
269 1402 352 1490 άρας
373 1406 427 1472 καλ
443 1407 624 1481 πλουσίους
640 1406 676 1469 έκ
691 1403 900 1471 πενεστάτων
913 1401 1091 1492 άποφήνας
1109 1409 1158 1465 109

94 1504 150 1570 καί
165 1508 246 1569 πάσι
260 1516 328 1581 τοῖς
342 1504 513 1589 δεομένοις
523 1502 759 1588 ἐπικουρήσας,
774 1509 902 1587 μᾶλλον
913 1503 950 1571 δέ
959 1500 1091 1588 άθρόον

95 1607 141 1679 είς
162 1596 354 1685 εὐεργεσίαν
375 1606 444 1667 τῶν
458 1607 567 1686 φίλων
581 1603 693 1686 ἐκχέας
709 1596 769 1667 τόν
783 1608 948 1685 πλοῦτον,
976 1598 1089 1686 ἐπειδή

92 1702 195 1783 πένης
211 1696 266 1767 διά
275 1704 378 1766 ταῦτα
390 1698 569 1784 ἐγενόμην,
585 1696 695 1765 ούκέτι
707 1695 786 1767 οῦδὲ
797 1704 996 1784 γνωρίζομαι
1007 1696 1091 1784 πρός

94 1794 209 1863 αῦτιῦν
231 1795 310 1865 οῦδὲ
326 1800 594 1885 προσβλέπουσιν
609 1800 643 1863 οἱ
655 1800 738 1875 τέως
753 1793 1022 1883 ὑποπτήσσοντες
1036 1801 1091 1864 καί

93 1902 364 1980 προσκυνοῦντες
392 1892 456 1962 κάκ
479 1901 540 1963 τοῦ
560 1898 643 1982 ἐμοῦ
665 1895 829 1982 νεύματος
851 1892 1088 1983 ἀπηρτημένοι,
1106 1898 1158 1954 110

91 1990 165 2060 ἀλλ’
184 1990 227 2078 ἥν
241 2016 308 2059 που
322 1995 378 2060 καὶ
392 1990 460 2079 ὁδῷ
471 1997 615 2080 βαδίζων
626 1992 751 2079 ἐντύχω
762 1997 828 2061 τινὶ
839 1991 962 2080 αὐτῶν,
976 1992 1087 2074 ὥσπερ

90 2089 166 2161 τινά
195 2092 320 2179 στήλην
341 2100 486 2162 παλαιοῦ
506 2102 629 2178 νεκροῦ
649 2091 773 2161 ῦπτίαν
794 2091 861 2160 ὑπό
881 2103 943 2162 τοῦ
964 2095 1089 2181 χρόνου

89 2187 384 2277 ἀνατετραμμένην
393 2193 611 2277 παρέρχονται
621 2189 704 2277 μηδὲ
713 2187 931 2277 άναγνόντες,
944 2197 977 2260 οί
987 2194 1023 2260 δὲ
1034 2193 1090 2260 καὶ

90 2290 274 2372 πόρρωθεν
296 2288 423 2367 ίδόντες
442 2292 557 2374 ἑτέραν
578 2293 791 2374 ἐκτρέπονται
811 2290 1020 2374 δυσάντητον
1034 2291 1089 2356 καὶ

89 2386 319 2470 ἀποτρόπαιον
344 2391 455 2473 θέαμα
483 2385 626 2467 ὄψεσθαι
651 2385 945 2471 ὑπολαμβάνοντες
969 2384 1029 2452 τόν
1046 2383 1088 2453 ού

89 2483 156 2571 πρό
178 2492 305 2553 πολλοῦ
320 2491 451 2571 σωτῆρα
465 2487 520 2551 καὶ
537 2483 715 2569 εὐεργέτην
729 2480 841 2551 αῦτων
853 2486 1086 2570 γεγενημένον.

88 2591 116 2652 6.
137 2580 223 2652 ὅστε
237 2581 304 2650 ῦπό
321 2590 389 2650 τῶν
402 2590 516 2650 κακῶν
527 2585 579 2650 έπλ
590 2582 715 2668 ταύτην
725 2578 787 2667 τήν
798 2577 951 2667 ἐσχατιάν
961 2579 1089 2664 τραπό-
1107 2586 1154 2639 lll

87 2708 190 2768 μενος
210 2681 417 2767 ἐναψάμενος
434 2684 602 2766 διφθέραν
618 2680 795 2766 ἐργάζομαι
810 2677 872 2765 τήν
885 2687 950 2765 γήν
963 2676 1088 2763 ῦπόμι-

87 2788 175 2856 σθος
190 2774 321 2865 ὀβολῶν
334 2778 517 2864 τεττάρων,
538 2785 578 2866 τῇ
594 2780 711 2866 ἐρημία
724 2781 779 2845 καὶ
789 2784 829 2864 τῇ
838 2780 971 2864 δικέλλη
982 2794 1087 2860 προσ-

87 2882 299 2960 φιλοσοφῶν.
344 2877 494 2944 ἐνταῦθα
513 2883 612 2943 τοῦτο
626 2881 712 2960 γοῦν
726 2899 782 2960 μοι
798 2879 887 2942 δοκολ
900 2877 1087 2959 κερδανείν,

84 2975 205 3059 μηκέτι
219 2970 363 3053 ὄψεσθαι
379 2970 523 3051 πολλοῦς
534 2970 623 3056 παρά
635 2969 696 3058 τήν
708 2970 804 3052 άζίαν
816 2965 856 3040 εῦ
866 2973 1087 3058 πράττοντας·

83 3067 310 3155 ἀνιαρότερον
335 3067 400 3157 γάρ
418 3070 517 3138 τοῦτό
539 3097 585 3156 γε.
613 3069 678 3158 ήδη
697 3075 776 3139 ποτὲ
799 3065 879 3154 οῦν,
902 3063 1086 3158 ύΚρόνον

82 3170 141 3235 καὶ
153 3164 243 3246 Ῥέας
262 3170 330 3254 υίέ,
357 3167 420 3236 τόν
437 3166 552 3254 βαθύν
567 3176 689 3237 τοῦτον
699 3168 811 3237 ῦπνον
827 3168 1087 3256 ἀποσεισάμενος

80 3268 139 3334 καὶ
158 3263 453 3352 νήδυμον-ῦπὲρ
469 3265 745 3353 τόνἘπιμενίδην
759 3264 824 3350 γάρ
840 3273 1087 3354 κεκοίμησαι-
1106 3275 1155 3331 112

7 3447 8 3452 η
82 3366 140 3431 καὶ
164 3361 385 3448 ἀναρριπίσας
404 3363 464 3432 τόν
486 3364 654 3451 κεραυνόν
667 3361 689 3452 ή
704 3367 740 3432 ἐκ
754 3373 812 3451 τῆς
828 3372 927 3450 Οίτης
941 3363 1067 3432 ἐνανσά
1189 3356 1197 3367 ’

876 3469 920 3528 3*
