2550 3825
477 178 752 244 ΑΠΟΛΟΓΙΑ.
943 175 949 188 ’
1053 180 1115 244 321

112 341 270 430 ἠξίωσαν·
291 343 314 433 ἥ
328 372 363 413 τε
377 342 441 430 γάρ
453 352 520 410 τῶν
532 343 644 430 λόγων
658 342 851 429 παρασκευὴ
867 342 908 410 ού
922 339 1051 429 μεμπτὴ
1062 344 1117 412 καί

110 441 131 528 ἡ
153 447 277 529 ἱστορία
298 443 403 528 πολλη
425 445 479 509 καὶ
502 445 654 528 ἐμπειρία
675 450 742 509 τῶν
764 441 968 528 πραγμάτων
989 439 1085 508 καί“
1066 468 1117 508 οτι

1 565 2 570 ’
110 542 232 607 εκαστα
237 548 357 630 σαφως
368 543 513 626 ἐλεγετο
531 537 631 607 καί
598 565 634 606 το
647 541 818 624 μέγιστον,
835 564 885 605 οτι
895 539 1040 625 χρησιμα
1051 564 1117 605 πα

112 657 166 705 σιν
187 630 247 724 ἦν,
276 640 331 706 καὶ
351 638 492 723 μάλιστα
515 651 583 714 τοῖς
603 634 944 721 πεπαιδευμένοις,“
923 663 967 715 ως
989 634 1034 722 μὴ
1057 618 1116 702 ὑπ

111 733 247 819 ἀγνοίας
264 744 351 820 σφᾶς
368 731 490 811 αύτούς
508 739 553 812 είς
564 731 752 800 δουλείαν
735 734 906 819 υπάγοιεν.
930 735 1000 800 ἐπεὶ
1016 737 1055 801 δέ
1063 756 1117 799 σοι

110 835 262 917 μετέδοξε
286 837 403 918 βελτίω
425 838 528 898 ταῦτα
555 828 639 898 εἶναι
668 834 722 898 καί
747 828 809 917 τὴν
835 832 897 916 μὲν
921 833 1117 914 ἐλευθερίαν

111 925 221 1013 μακρά
242 936 369 1014 χαίρειν
384 931 459 1012 ἐάν,
486 934 626 1013 ζηλῶσαι
648 927 685 995 δέ
698 925 735 995 τό
752 926 992 1013 ἀγεννέστατον
1008 932 1115 996 ἐκεῖνο

111 1031 263 1112 ίαμβεῖον
955 1053 959 1060 ·

237 1120 323 1191 ὅπου
336 1121 374 1198 Ιτό
391 1126 524 1210 κέρδος,
544 1122 635 1207 παρὰ
651 1125 756 1210 φύσιν
769 1126 978 1208 δουλευτέον,
1077 1144 1081 1150 ·

111 1218 173 1339 ὅρα
189 1219 278 1298 ὅπως
292 1224 405 1307 μηδείς
421 1227 466 1289 ἐτι
484 1220 664 1290 ἀκούσεταί
674 1244 737 1290 σου
751 1220 1039 1342 ρἰναγινιύσκοντος
1053 1222 1125 1288 αύ-’

109 1317 163 1403 τό,
182 1315 266 1385 ἀλλά
277 1320 359 1406 μηδε
369 1319 458 1410 άλλω
468 1321 636 1438 πριράσχης
650 1328 723 1388 τῶν
727 1318 788 1387 τόν
801 1320 950 1404 παρόντα
967 1342 1030 1388 σον
1040 1327 1116 1406 βίον

111 1412 271 1499 ὁρώντων
286 1415 498 1485 ἐπελθεῖν
462 1445 504 1484 τα
519 1419 751 1535 γεγραμμένα,
780 1415 880 1502 εὔχου
901 1420 937 1485 δὲ
952 1416 1101 1517 Ερμῂ
1070 1423 1115 1483 τῶ

110 1520 234 1602 χθονίφ
249 1515 304 1581 καί
319 1521 387 1581 τῶν
400 1512 594 1600 ἀκηκοότων
609 1515 774 1608 πρότερον
787 1513 919 1619 πολλην
929 1505 1041 1601 λήθην
1055 1541 1116 1581 κα-

111 1608 369 1697 τασκεδάσαι,’1
347 1640 368 1698 η
384 1614 490 1692 δοξεις
509 1621 555 1703 τῷ
571 1640 631 1681 του
618 1619 837 1697 Κορινθίου
854 1611 969 1699 μύθου
992 1611 1115 1680 ταύτόυ

110 1738 141 1777 τι
153 1713 376 1797 πεπονθέναι,
394 1709 476 1778 κατά
492 1719 619 1778 σαυτοῦ
629 1738 647 1778 ο
635 1708 929 1797 ’Βελλεροφόντης
939 1707 1116 1798 γεγραφώς

110 1803 145 1873 τό
170 1815 316 1894 βιβλίον·
348 1807 393 1896 μά
416 1806 480 1895 γάρ
501 1807 561 1876 τόν
581 1807 639 1878 Δί’
666 1807 727 1895 ούχ
747 1806 814 1895 ὁρω
831 1808 898 1895 τὴν
918 1807 1112 1894 ἀπολογίαν,
1133 1823 1182 1877 711

81 1956 83 1961 .
111 1902 180 1992 ἥτις
196 1904 239 1973 ἀν
252 1905 470 1991 ἐὐπρόσωπός
485 1929 538 1976 σοι
551 1909 682 1994 γένοιτο
696 1905 780 1993 πρός
793 1905 872 1987 τούς
886 1915 1114 1995 κατηγοροῦν-

110 2030 176 2089 τας,
194 2007 248 2072 καί
259 2006 409 2090 μάλιστα,
425 2003 469 2091 ἦν
483 2004 548 2073 σύν
559 2009 676 2091 γέλωτι
686 2004 767 2090 αύτὸ
784 2015 923 2075 ποιῶσιν
933 2009 1114 2075 ἐπαινούν-

110 2126 161 2178 τες
179 2103 241 2186 μὲν
260 2100 300 2168 τά
320 2108 530 2190 γεγραμμένα
550 2107 604 2172 καὶ
629 2101 691 2187 τὴν
713 2106 749 2171 ἐν
767 2101 882 2187 αὐτοῖς
906 2106 1113 2189 ἐλευθερίαν,

110 2194 213 2264 αὐτόν
229 2202 264 2265 δὲ
279 2197 340 2268 τόν
351 2204 545 2287 συγγραφέα
557 2200 762 2269 δουλεύοντα
773 2198 916 2284 ὁρωντες
929 2203 984 2266 καί
995 2200 1112 2267 ἑκόντα

110 2294 312 2364 ὑποτιθέντα
327 2297 387 2366 τὸν
402 2297 524 2385 αὐχένα
540 2306 586 2389 τῷ
607 2305 702 2388 ζυγῷ.
726 2306 755 2366 4.
779 2296 841 2366 οὐκ
855 2296 1012 2365 ἀπεικότα
1028 2305 1114 2383 γοῦν

109 2396 238 2479 λέγοιεν
258 2394 317 2482 ἀν,
340 2405 370 2466 εί
383 2402 512 2485 λέγοιεν
528 2396 604 2485 ἤτοι·
617 2397 725 2466 ἀλλον.
737 2424 798 2466 του
819 2404 976 2484 γενναίου
991 2394 1114 2481 ἀνδρὸς

112 2491 195 2560 εἶναι
212 2490 249 2560 τό
266 2502 396 2581 βιβλίον
414 2500 468 2565 καὶ
489 2498 525 2564 σὲ
545 2494 604 2564 τόν
626 2496 761 2566 κολοιόν
777 2495 961 2584 ἀλλοτρίοις
983 2510 1113 2581 πτεροῖς
1139 2491 1146 2499 ’

109 2589 332 2679 ἀγαλλεσθαι,
353 2590 483 2681 ἢείπερ
508 2596 570 2662 σόν
584 2599 690 2683 ἐστιν,
718 2596 818 2684 ὅμοιά
839 2619 877 2666 σε
891 2604 936 2688 τῷ
951 2602 1112 2685 Σαλαίθῳ

108 2706 232 2776 ποιεῖν,
255 2688 292 2770 ὃς
311 2693 512 2780 πικρότατον
534 2694 616 2762 κατὰ
636 2706 761 2782 μοιχῶν
782 2712 850 2776 τοῖς
865 2693 1112 2783 Κροτωνιάταις

108 2792 214 2876 νόμον
228 2793 302 2869 θεὶς
315 2795 370 2860 καὶ
383 2794 635 2885 θαυμαζόμενος
647 2792 700 2863 ἐπ’
715 2793 805 2886 αὐτῷ
816 2793 897 2880 μετὰ
912 2792 1033 2880 μικρόν
1048 2793 1112 2860 αύ-

107 2887 163 2969 τδς
178 2890 263 2957 ἑάλω
275 2892 441 2976 μοιχεύων
455 2900 515 2960 τοῦ
527 2890 676 2979 ἀδελφοῦ
689 2896 750 2981 την
764 2908 925 2979 γυναῖκα,
939 2897 1014 2977 περὶ
1025 2894 1111 2960 πόδα

108 2997 225 3056 τοίνυν
245 2992 300 3055 καὶ
318 2995 355 3056 σὲ
369 2989 429 3057 τόν
443 2992 620 3059 Σάλαιθον
642 2995 771 3061 ἐκεῖνον
792 2990 876 3059 είναι
892 2999 974 3078 φαίη
989 3020 1038 3070 τις
1052 2990 1110 3058 ἀν·

109 3090 289 3173 μᾶλλονδὲ
306 3087 393 3156 πολὺ
411 3090 626 3175 μετριώτερος
643 3094 785 3175 ἐκεῖνος,
810 3097 906 3176 ἔρωτι
920 3092 982 3176 μέν
998 3088 1110 3174 ἁλούς,

109 3183 153 3263 ὡς
169 3191 315 3272 ἔφασκεν
330 3185 656 3275 ἀπολογούμενος,
637 3185 723 3256 εκών
745 3187 781 3255 δέ
801 3189 889 3274 μάλα
910 3186 1061 3272 εὐψύχως
1077 3190 1111 3266 ἐς

108 3281 145 3351 τό
162 3293 230 3370 πῦρ
244 3284 441 3373 ἁλλόμενος,
457 3293 563 3355 καίτοι
580 3287 765 3356 ἐλεούντων
778 3284 883 3355 αὐτόν
896 3286 959 3371 ἤδη
974 3294 1111 3370 Κροτω-

108 3391 232 3450 νιατῶν
246 3385 304 3452 καί
316 3385 516 3453 ἐνδιδόντων
531 3400 711 3471 φυγεῖν,ε
712 3382 904 3472 ίβούλοιτο.
936 3411 973 3451 το
962 3382 1026 3453 δὲ
1047 3386 1109 3453 σόν
1128 3398 1181 3455 ⁷12
1259 3420 1262 3426 ·

170 3492 273 3533 ιυοιιιι.
295 3478 316 3533 Ι.
541 3510 543 3519 ·
908 3475 972 3535 21
