2550 3825
436 180 563 237 ΒΙΩΝ
582 183 776 240 ΠΡΑΣΙΣ.
1045 178 1107 240 239

187 340 239 407 18.
263 343 360 405 ΑΓΟ.
382 346 492 424 Βαβαῖ
503 345 561 424 τῆς
575 343 784 423 φιλοδωρίας.
814 347 873 425 τῆς
887 338 923 407 δέ
941 346 1060 426 σοφίας
1076 346 1110 408 τί

103 456 157 502 σοι
172 431 209 502 τό
225 436 425 519 κεφάλαιον;

187 542 294 603 >M
318 541 364 602 Ac
387 538 472 605 ἰδέαι
493 534 603 604 καὶτὰ
621 543 687 603 τῶν
711 534 817 604 ὅντων
842 542 1104 624 παραδείγματα·

105 634 213 702 ὁκόσα
226 632 290 720 γάρ
305 634 347 721 δὴ
359 633 457 724 ὁρᾷς,
477 633 540 720 τὴν
556 643 637 721 γῆν,
653 633 693 702 τά
712 639 765 704 εἰιὶ
778 644 853 723 γῆς,
869 634 930 705 τόν
946 635 1105 723 οὐρανόν,

103 731 165 819 τὴν
174 735 363 820 θάλατταν,
377 732 537 800 ἁπάντων
547 735 675 801 τούτων
688 735 812 813 εἰκόνες
826 733 964 820 ἀφανεῖς
976 738 1106 803 ἑστᾶσιν

104 839 165 913 ἔξω
181 840 249 899 τῶν
267 831 365 901 ὅλων.

189 938 290 1002 ΑΓΘ.
312 939 387 999 Ποῦ
401 932 438 1000 δὲ
454 934 602 1011 §ondam

189 1038 296 1098 ΣΩΚ.
322 1029 499 1117 Ούὸαμοῦ·
520 1036 550 1098 εἰ
562 1028 628 1115 γάρ
643 1053 709 1095 που
724 1028 806 1116 εἷεν,
823 1028 884 1097 ούκ
902 1027 945 1098 ἀν
961 1030 1036 1099 εἶεν.

193 1135 293 1197 ΑΓΟ.
311 1127 382 1214 Ούχ
393 1127 462 1214 ὁρῶ
472 1126 572 1196 ταῦθ’
586 1127 671 1211 άπερ
683 1131 787 1213 λέγεις
797 1128 837 1197 τά
851 1136 1107 1216 παραδείγματα.

189 1234 296 1295 m.
309 1227 471 1305 Εἰκότως·
483 1224 608 1313 τυφλός
617 1224 682 1310 γάρ
693 1224 723 1291 εἶ
729 1234 785 1310 τῆς
793 1236 899 1313 ψυχῆς
908 1226 967 1295 τόν
977 1226 1110 1314 ὀφθαλ-

107 1327 181 1413 μόν.
205 1324 270 1411 ε’γό
285 1326 322 1393 δὲ
334 1327 470 1393 πάντων
482 1325 551 1411 ὁρῶ
566 1324 697 1404 εἰκόνας
712 1329 765 1393 καὶ
777 1325 813 1393 σὲ
828 1324 940 1413 ἀφανῆ
956 1324 1038 1412 κάμὲ
1049 1325 1110 1394 άλ-

109 1433 186 1510 λον,
204 1427 259 1493 καὶ
273 1424 358 1503 ὅλως
373 1429 471 1493 διπλᾶ
486 1423 604 1491 πάντα.

192 1530 290 1592 ΑΓΘ.
316 1531 504 1609 Τοιγαροῦν
526 1522 667 1609 ὠνητέος
688 1520 719 1589 εἷ
733 1521 838 1607 σοφός
857 1526 911 1591 καὶ
930 1522 1109 1610 ὀξυδερκής

3 1645 6 1657 ’
109 1649 157 1701 τις
172 1620 228 1690 όν.
252 1625 334 1709 φέρε
348 1620 381 1689 0'
399 1627 459 1691 λύω
473 1629 506 1690 τί
516 1624 570 1689 καὶ
585 1622 719 1705 πράξεις
733 1647 774 1706 με
788 1618 872 1705 ὑπὲρ
888 1620 992 1690 αὐτοῦ
1007 1624 1067 1705 σός

192 1729 296 1789 ΕΡΜ.
318 1719 388 1799 Δός
404 1722 466 1789 δύο
480 1722 634 1790 τάλαντα.

194 1826 291 1890 ΑΓΘ.
317 1818 509 1906 Ὠνησάμην
529 1820 612 1887 ὅσου
635 1819 709 1907 φής.
742 1818 923 1906 τάργύριον
946 1827 1058 1910 μέντοι
1078 1828 1111 1903 ἐς

109 1914 210 1999 αὖθις
225 1928 409 2008 καταβαλῶ.

194 2026 243 2088 19.
266 2027 370 2088 ΕΡΜ.
394 2026 436 2087 Τί
446 2040 499 2087 σοι
515 2019 679 2104 τούνομα;
1127 2045 1180 2100 553

198 2125 295 2185 ΑΓΘ.
319 2123 414 2185 Δίων
428 2116 669 2199 Συρακούσιος.

194 2225 298 2284 ΕΡΜ.
311 2215 390 2301 ’Ἄγε
404 2213 517 2303 λαβὼν
528 2213 641 2302 ἀγαθῇ
654 2217 744 2303 τύχη.
768 2215 827 2284 τόν
839 2215 1064 2299 Ἐπικούρειον
1075 2223 1112 2287 σὲ

110 2312 175 2399 ἤδη
195 2320 294 2381 καλῶ.
327 2321 375 2391 τίς
395 2310 525 2380 ὠνεῖται
544 2320 679 2387 τούτους
710 2320 778 2381 ἔστι
797 2314 859 2398 μὲν
873 2322 933 2380 τοῦ
949 2324 1113 2400 γελῶντος

112 2415 243 2478 ἐκείνου
257 2408 408 2498 μαθητὴς
418 2412 472 2477 καὶ
482 2416 543 2477 τοῦ
554 2409 756 2496 μεθύοντος,
774 2407 833 2487 οὓς
843 2421 951 2501 μικρῷ
960 2415 1112 2496 πρόσθεν

26 2587 34 2603 .
112 2507 391 2597 ἀπεκηρύττομεν.
425 2514 461 2577 ἓν
483 2509 519 2576 δὲ
535 2517 650 2576 κλεῖον
671 2508 760 2576 οἶδεν
779 2506 907 2595 αύτῶυ,
933 2509 1012 2595 παρ’
1031 2512 1113 2581 ὅσον

112 2605 326 2695 ἀσεβέστερος
336 2607 505 2693 τυγχάνει·
527 2602 567 2673 τά
581 2604 611 2672 δ’
622 2604 705 2674 ἀλλα
715 2605 798 2693 ἡδύς
809 2612 863 2676 καὶ
872 2617 996 2700 λιχνείᾳ
1008 2617 1111 2695 φίλος.

197 2713 297 2774 ΑΓΘ.
320 2713 377 2785 Τίς
391 2703 411 2792 ἡ
427 2705 521 2791 τιμή;

196 2811 300 2871 ΕΡΜ.
323 2805 399 2872 Δύο
415 2817 503 2889 μναῖ.

197 2909 297 2971 ΑΓΟ.
321 2903 496 2990 Λάμβανε·
518 2899 554 2968 τό
573 2905 664 2968 δεῖνα
677 2904 732 2987 δέ,
754 2900 946 2989 ὅτωςείδῶ,
968 2910 1114 2989 τίσιχαά-

113 3029 163 3083 ρει
177 3009 245 3069 τῶν
259 3001 462 3086 ἐόεσματων;

197 3107 301 3167 ΕΡΜ.
326 3097 374 3166 Τά
391 3101 514 3184 γλυκέα
529 3113 663 3166 σιτεῖται
679 3099 734 3166 καὶ
749 3096 788 3164 τά
805 3100 965 3186 μελιτώδη
979 3101 1033 3167 καὶ
1048 3102 1113 3186 μά-

113 3199 207 3266 λιστά
223 3224 260 3282 γε
276 3194 334 3274 τάς
350 3195 493 3281 ἰσχάδας.

197 3299 295 3362 ΑΓΘ.
318 3291 475 3362 Χαλεπὸν
494 3292 609 3362 ούόέν·
639 3290 837 3379 ὠνησόμεθα
856 3296 921 3376 γάρ
937 3291 1027 3372 αὐτῷ
1046 3314 1113 3358 κα·
1128 3307 1181 3363 559

113 3393 221 3470 λάθας
235 3399 303 3458 τῶν
316 3398 483 3472 Καρικῶν.
