<?xml version="1.0" encoding="UTF-8"?>
<!DOCTYPE html PUBLIC "-//W3C//DTD XHTML 1.0 Transitional//EN"
    "http://www.w3.org/TR/xhtml1/DTD/xhtml1-transitional.dtd">
<html xmlns="http://www.w3.org/1999/xhtml" xml:lang="en" lang="en">
 <head>
  <title>
</title>
<meta http-equiv="Content-Type" content="text/html;charset=utf-8" />
  <meta name='ocr-system' content='tesseract 3.04.00' />
  <meta name='ocr-capabilities' content='ocr_page ocr_carea ocr_par ocr_line ocrx_word'/>
</head>
<body>
  <div class='ocr_page' id='page_1' title='image "./lucianisamosate03jacogoog_0229.png"; bbox 0 0 2550 3825; ppageno 0'>
   <div class='ocr_carea' id='block_1_1' title="bbox 150 176 791 239">
    <p class='ocr_par' dir='ltr' id='par_1_1' title="bbox 150 176 791 239">
     <span class='ocr_line' id='line_1_1' title="bbox 150 176 791 239; baseline -0.009 0"><span class='ocrx_word' id='word_1_1' title='bbox 150 176 212 239; x_wconf 70' lang='lat'><strong><em>200</em></strong></span> <span class='ocrx_word' id='word_1_2' title='bbox 504 179 791 237; x_wconf 76' lang='lat' dir='ltr'><em>AOYKIANOY</em></span> 
     </span>
    </p>
   </div>
   <div class='ocr_carea' id='block_1_2' title="bbox 84 335 1151 1633">
    <p class='ocr_par' dir='ltr' id='par_1_2' title="bbox 84 335 1151 1605">
     <span class='ocr_line' id='line_1_2' title="bbox 84 335 1148 425; baseline -0.006 -18"><span class='ocrx_word' id='word_1_3' title='bbox 84 351 133 407; x_wconf 73' lang='lat'><strong><em>478</em></strong></span> <span class='ocrx_word' id='word_1_4' title='bbox 151 344 181 405; x_wconf 84' lang='grc' dir='ltr'><strong><em>εἰ</em></strong></span> <span class='ocrx_word' id='word_1_5' title='bbox 196 338 305 423; x_wconf 81' lang='grc' dir='ltr'><em>τύχοι,</em></span> <span class='ocrx_word' id='word_1_6' title='bbox 328 345 506 425; x_wconf 79' lang='grc' dir='ltr'><strong><em>βασιλικῶς</em></strong></span> <span class='ocrx_word' id='word_1_7' title='bbox 526 336 720 403; x_wconf 86' lang='grc' dir='ltr'><strong><em>διεσκεύασε</em></strong></span> <span class='ocrx_word' id='word_1_8' title='bbox 734 335 853 421; x_wconf 91' lang='grc' dir='ltr'><strong><em>τιάραν</em></strong></span> <span class='ocrx_word' id='word_1_9' title='bbox 869 362 904 404; x_wconf 91' lang='grc' dir='ltr'><strong><em>τε</em></strong></span> <span class='ocrx_word' id='word_1_10' title='bbox 926 339 1078 405; x_wconf 73' lang='grc' dir='ltr'><strong><em>ἐπιθεῖσα</em></strong></span> <span class='ocrx_word' id='word_1_11' title='bbox 1095 339 1148 402; x_wconf 82' lang='grc' dir='ltr'><strong><em>καλ</em></strong></span> 
     </span>
     <span class='ocr_line' id='line_1_3' title="bbox 150 431 1148 522; baseline -0.004 -19"><span class='ocrx_word' id='word_1_12' title='bbox 150 436 364 521; x_wconf 76' lang='grc' dir='ltr'><strong><em>δορυφόρους</em></strong></span> <span class='ocrx_word' id='word_1_13' title='bbox 384 439 578 520; x_wconf 78' lang='grc' dir='ltr'><strong><em>παραδοῦσα</em></strong></span> <span class='ocrx_word' id='word_1_14' title='bbox 602 435 658 502; x_wconf 83' lang='grc' dir='ltr'><strong><em>καὶ</em></strong></span> <span class='ocrx_word' id='word_1_15' title='bbox 677 431 740 520; x_wconf 82' lang='grc' dir='ltr'><strong><em>τῆν</em></strong></span> <span class='ocrx_word' id='word_1_16' title='bbox 766 433 917 522; x_wconf 79' lang='grc' dir='ltr'><strong><em>κεφαλὴν</em></strong></span> <span class='ocrx_word' id='word_1_17' title='bbox 936 437 1082 516; x_wconf 81' lang='grc' dir='ltr'><strong><em>στέψασα</em></strong></span> <span class='ocrx_word' id='word_1_18' title='bbox 1102 440 1148 519; x_wconf 77' lang='grc' dir='ltr'><strong><em>τῷ</em></strong></span> 
     </span>
     <span class='ocr_line' id='line_1_4' title="bbox 151 531 1149 625; baseline -0.004 -24"><span class='ocrx_word' id='word_1_19' title='bbox 151 534 340 620; x_wconf 76' lang='grc' dir='ltr'><strong><em>διαδήματι,</em></strong></span> <span class='ocrx_word' id='word_1_20' title='bbox 355 541 400 625; x_wconf 76' lang='grc' dir='ltr'><strong><em>τῷ</em></strong></span> <span class='ocrx_word' id='word_1_21' title='bbox 418 534 454 601; x_wconf 83' lang='grc' dir='ltr'><strong><em>δέ</em></strong></span> <span class='ocrx_word' id='word_1_22' title='bbox 468 534 598 601; x_wconf 75' lang='grc' dir='ltr'><strong><em>οἰκέτου</em></strong></span> <span class='ocrx_word' id='word_1_23' title='bbox 612 539 719 619; x_wconf 90' lang='grc' dir='ltr'><strong><em>σχῆμα</em></strong></span> <span class='ocrx_word' id='word_1_24' title='bbox 735 538 928 620; x_wconf 74' lang='grc' dir='ltr'><strong><em>περιέθηκε,</em></strong></span> <span class='ocrx_word' id='word_1_25' title='bbox 951 531 1010 601; x_wconf 87' lang='grc' dir='ltr'><strong><em>τόν</em></strong></span> <span class='ocrx_word' id='word_1_26' title='bbox 1025 535 1063 600; x_wconf 92' lang='grc' dir='ltr'><strong><em>δέ</em></strong></span> <span class='ocrx_word' id='word_1_27' title='bbox 1075 556 1149 599; x_wconf 87' lang='grc' dir='ltr'><strong><em>τινα</em></strong></span> 
     </span>
     <span class='ocr_line' id='line_1_5' title="bbox 150 628 1150 718; baseline -0.002 -19"><span class='ocrx_word' id='word_1_28' title='bbox 150 629 254 700; x_wconf 86' lang='grc' dir='ltr'><strong><em>καλόν</em></strong></span> <span class='ocrx_word' id='word_1_29' title='bbox 270 629 354 699; x_wconf 85' lang='grc' dir='ltr'><strong><em>εἰναι</em></strong></span> <span class='ocrx_word' id='word_1_30' title='bbox 365 632 542 718; x_wconf 87' lang='grc' dir='ltr'><strong><em>ἐκόσμησε,</em></strong></span> <span class='ocrx_word' id='word_1_31' title='bbox 557 628 618 698; x_wconf 85' lang='grc' dir='ltr'><strong><em>τόν</em></strong></span> <span class='ocrx_word' id='word_1_32' title='bbox 631 633 668 697; x_wconf 81' lang='grc' dir='ltr'><strong><em>δέ</em></strong></span> <span class='ocrx_word' id='word_1_33' title='bbox 679 629 835 718; x_wconf 86' lang='grc' dir='ltr'><strong><em>ἀμορφον</em></strong></span> <span class='ocrx_word' id='word_1_34' title='bbox 848 635 903 700; x_wconf 83' lang='grc' dir='ltr'><strong><em>καί</em></strong></span> <span class='ocrx_word' id='word_1_35' title='bbox 916 641 1048 718; x_wconf 77' lang='grc' dir='ltr'><strong><em>γελοίου</em></strong></span> <span class='ocrx_word' id='word_1_36' title='bbox 1062 655 1150 716; x_wconf 88' lang='grc' dir='ltr'><strong><em>παρ·-</em></strong></span> 
     </span>
     <span class='ocr_line' id='line_1_6' title="bbox 151 725 1150 816; baseline -0.002 -20"><span class='ocrx_word' id='word_1_37' title='bbox 151 728 323 796; x_wconf 84' lang='grc' dir='ltr'><strong><em>εσκεύασε·</em></strong></span> <span class='ocrx_word' id='word_1_38' title='bbox 355 727 572 815; x_wconf 79' lang='grc' dir='ltr'><strong><em>παντοδαπὴν</em></strong></span> <span class='ocrx_word' id='word_1_39' title='bbox 594 728 678 815; x_wconf 91' lang='grc' dir='ltr'><strong><em>γάρ,</em></strong></span> <span class='ocrx_word' id='word_1_40' title='bbox 705 727 811 815; x_wconf 79' lang='grc' dir='ltr'><strong><em>οἶμαι,</em></strong></span> <span class='ocrx_word' id='word_1_41' title='bbox 838 734 890 797; x_wconf 84' lang='grc' dir='ltr'><strong><em>δεῖ</em></strong></span> <span class='ocrx_word' id='word_1_42' title='bbox 908 730 1065 816; x_wconf 71' lang='grc' dir='ltr'><strong><em>γενέσθαι</em></strong></span> <span class='ocrx_word' id='word_1_43' title='bbox 1087 725 1150 814; x_wconf 87' lang='grc' dir='ltr'><strong><em>τῆν</em></strong></span> 
     </span>
     <span class='ocr_line' id='line_1_7' title="bbox 150 824 1149 915; baseline -0.005 -19"><span class='ocrx_word' id='word_1_44' title='bbox 150 831 245 896; x_wconf 77' lang='grc' dir='ltr'><strong><em>θέαν.</em></strong></span> <span class='ocrx_word' id='word_1_45' title='bbox 267 828 425 906; x_wconf 76' lang='grc' dir='ltr'><strong><em>πολλάκις</em></strong></span> <span class='ocrx_word' id='word_1_46' title='bbox 435 830 471 895; x_wconf 78' lang='grc' dir='ltr'><strong><em>δέ</em></strong></span> <span class='ocrx_word' id='word_1_47' title='bbox 481 829 536 895; x_wconf 83' lang='grc' dir='ltr'><strong><em>καὶ</em></strong></span> <span class='ocrx_word' id='word_1_48' title='bbox 546 825 601 894; x_wconf 86' lang='grc' dir='ltr'><strong><em>διά</em></strong></span> <span class='ocrx_word' id='word_1_49' title='bbox 612 832 712 914; x_wconf 83' lang='grc' dir='ltr'><strong><em>μέσης</em></strong></span> <span class='ocrx_word' id='word_1_50' title='bbox 725 834 782 913; x_wconf 87' lang='grc' dir='ltr'><strong><em>τῆς</em></strong></span> <span class='ocrx_word' id='word_1_51' title='bbox 797 836 927 914; x_wconf 82' lang='grc' dir='ltr'><strong><em>πομπῆς</em></strong></span> <span class='ocrx_word' id='word_1_52' title='bbox 941 829 1097 915; x_wconf 79' lang='grc' dir='ltr'><strong><em>μετέβαλε</em></strong></span> <span class='ocrx_word' id='word_1_53' title='bbox 1107 824 1149 892; x_wconf 80' lang='grc' dir='ltr'><strong><em>τά</em></strong></span> 
     </span>
     <span class='ocr_line' id='line_1_8' title="bbox 150 923 1150 1012; baseline -0.004 -18"><span class='ocrx_word' id='word_1_54' title='bbox 150 929 249 994; x_wconf 81' lang='grc' dir='ltr'><strong><em>ένίῶυ</em></strong></span> <span class='ocrx_word' id='word_1_55' title='bbox 263 926 413 1012; x_wconf 81' lang='grc' dir='ltr'><strong><em>σχήματα</em></strong></span> <span class='ocrx_word' id='word_1_56' title='bbox 428 924 492 993; x_wconf 89' lang='grc' dir='ltr'><strong><em>ούκ</em></strong></span> <span class='ocrx_word' id='word_1_57' title='bbox 505 928 591 993; x_wconf 89' lang='grc' dir='ltr'><strong><em>ἐῶσα</em></strong></span> <span class='ocrx_word' id='word_1_58' title='bbox 605 929 638 1004; x_wconf 87' lang='grc' dir='ltr'><strong><em>ές</em></strong></span> <span class='ocrx_word' id='word_1_59' title='bbox 654 928 745 1004; x_wconf 90' lang='grc' dir='ltr'><strong><em>τέλος</em></strong></span> <span class='ocrx_word' id='word_1_60' title='bbox 759 930 1002 1012; x_wconf 84' lang='grc' dir='ltr'><strong><em>διαπομπεῦσαι</em></strong></span> <span class='ocrx_word' id='word_1_61' title='bbox 1017 923 1061 1004; x_wconf 88' lang='grc' dir='ltr'><strong><em>ῶς</em></strong></span> <span class='ocrx_word' id='word_1_62' title='bbox 1073 926 1150 993; x_wconf 84' lang='grc' dir='ltr'><strong><em>ἐτά-</em></strong></span> 
     </span>
     <span class='ocr_line' id='line_1_9' title="bbox 149 1022 1151 1112; baseline -0.004 -19"><span class='ocrx_word' id='word_1_63' title='bbox 149 1036 296 1112; x_wconf 70' lang='grc' dir='ltr'><strong><em>χθησαν,</em></strong></span> <span class='ocrx_word' id='word_1_64' title='bbox 311 1022 395 1093; x_wconf 83' lang='grc' dir='ltr'><strong><em>ἀλλά</em></strong></span> <span class='ocrx_word' id='word_1_65' title='bbox 409 1026 657 1111; x_wconf 85' lang='grc' dir='ltr'><strong><em>μεταμφιέσασα</em></strong></span> <span class='ocrx_word' id='word_1_66' title='bbox 669 1024 730 1092; x_wconf 87' lang='grc' dir='ltr'><strong><em>τόν</em></strong></span> <span class='ocrx_word' id='word_1_67' title='bbox 745 1024 807 1111; x_wconf 76' lang='grc' dir='ltr'><strong><em>μέν</em></strong></span> <span class='ocrx_word' id='word_1_68' title='bbox 821 1032 968 1109; x_wconf 74' lang='grc' dir='ltr'><strong><em>Κροῖσον</em></strong></span> <span class='ocrx_word' id='word_1_69' title='bbox 982 1022 1151 1110; x_wconf 86' lang='grc' dir='ltr'><strong><em>ῆνάγκασε</em></strong></span> 
     </span>
     <span class='ocr_line' id='line_1_10' title="bbox 150 1122 1151 1213; baseline -0.002 -22"><span class='ocrx_word' id='word_1_70' title='bbox 150 1123 213 1210; x_wconf 87' lang='grc' dir='ltr'><strong><em>τῆν</em></strong></span> <span class='ocrx_word' id='word_1_71' title='bbox 228 1127 358 1192; x_wconf 81' lang='grc' dir='ltr'><strong><em>οἰκέτου</em></strong></span> <span class='ocrx_word' id='word_1_72' title='bbox 380 1126 435 1190; x_wconf 81' lang='grc' dir='ltr'><strong><em>καὶ</em></strong></span> <span class='ocrx_word' id='word_1_73' title='bbox 451 1124 659 1209; x_wconf 75' lang='grc' dir='ltr'><strong><em>αἰχμαλώτου</em></strong></span> <span class='ocrx_word' id='word_1_74' title='bbox 679 1122 804 1211; x_wconf 76' lang='grc' dir='ltr'><strong><em>σκευὴν</em></strong></span> <span class='ocrx_word' id='word_1_75' title='bbox 819 1123 1013 1213; x_wconf 74' lang='grc' dir='ltr'><strong><em>ἀναλαβεῖν,</em></strong></span> <span class='ocrx_word' id='word_1_76' title='bbox 1037 1122 1096 1191; x_wconf 86' lang='grc' dir='ltr'><strong><em>τόν</em></strong></span> <span class='ocrx_word' id='word_1_77' title='bbox 1113 1122 1151 1190; x_wconf 74' lang='grc' dir='ltr'><strong><em>δέ</em></strong></span> 
     </span>
     <span class='ocr_line' id='line_1_11' title="bbox 153 1218 1151 1314; baseline -0.006 -23"><span class='ocrx_word' id='word_1_78' title='bbox 153 1225 367 1314; x_wconf 78' lang='grc' dir='ltr'><strong><em>Μαιάνδριον</em></strong></span> <span class='ocrx_word' id='word_1_79' title='bbox 385 1225 464 1300; x_wconf 86' lang='grc' dir='ltr'><strong><em>τέως</em></strong></span> <span class='ocrx_word' id='word_1_80' title='bbox 483 1225 521 1289; x_wconf 87' lang='grc' dir='ltr'><strong><em>έν</em></strong></span> <span class='ocrx_word' id='word_1_81' title='bbox 540 1236 608 1299; x_wconf 76' lang='grc' dir='ltr'><strong><em>τοῖς</em></strong></span> <span class='ocrx_word' id='word_1_82' title='bbox 625 1224 765 1301; x_wconf 88' lang='grc' dir='ltr'><strong><em>οἰκέταις</em></strong></span> <span class='ocrx_word' id='word_1_83' title='bbox 780 1222 995 1307; x_wconf 81' lang='grc' dir='ltr'><strong><em>πομπεύοντα</em></strong></span> <span class='ocrx_word' id='word_1_84' title='bbox 1008 1218 1070 1307; x_wconf 85' lang='grc' dir='ltr'><strong><em>τῆν</em></strong></span> <span class='ocrx_word' id='word_1_85' title='bbox 1089 1226 1151 1287; x_wconf 90' lang='grc' dir='ltr'><strong><em>τοῦ</em></strong></span> 
     </span>
     <span class='ocr_line' id='line_1_12' title="bbox 151 1322 1151 1406; baseline -0.005 -16"><span class='ocrx_word' id='word_1_86' title='bbox 151 1322 390 1405; x_wconf 88' lang='grc' dir='ltr'><strong><em>Πολυκράτους</em></strong></span> <span class='ocrx_word' id='word_1_87' title='bbox 402 1323 585 1403; x_wconf 86' lang='grc' dir='ltr'><strong><em>τυραννίδα</em></strong></span> <span class='ocrx_word' id='word_1_88' title='bbox 593 1324 805 1405; x_wconf 82' lang='grc' dir='ltr'><strong><em>μετενέδυσε,</em></strong></span> <span class='ocrx_word' id='word_1_89' title='bbox 820 1324 876 1389; x_wconf 86' lang='grc' dir='ltr'><strong><em>καί</em></strong></span> <span class='ocrx_word' id='word_1_90' title='bbox 885 1323 977 1406; x_wconf 84' lang='grc' dir='ltr'><strong><em>μέχρι</em></strong></span> <span class='ocrx_word' id='word_1_91' title='bbox 988 1323 1050 1405; x_wconf 90' lang='grc' dir='ltr'><strong><em>μέν</em></strong></span> <span class='ocrx_word' id='word_1_92' title='bbox 1060 1344 1151 1396; x_wconf 87' lang='grc' dir='ltr'><strong><em>τινος</em></strong></span> 
     </span>
     <span class='ocr_line' id='line_1_13' title="bbox 152 1415 1150 1507; baseline -0.006 -18"><span class='ocrx_word' id='word_1_93' title='bbox 152 1431 241 1489; x_wconf 83' lang='grc' dir='ltr'><strong><em>εἰασε</em></strong></span> <span class='ocrx_word' id='word_1_94' title='bbox 254 1427 440 1507; x_wconf 74' lang='grc' dir='ltr'><strong><em>χρῆσθαι</em></strong></span> <span class='ocrx_word' id='word_1_95' title='bbox 408 1425 454 1485; x_wconf 90' lang='grc' dir='ltr'><strong><em>τῶ</em></strong></span> <span class='ocrx_word' id='word_1_96' title='bbox 465 1417 617 1504; x_wconf 81' lang='grc' dir='ltr'><strong><em>σχήματι·</em></strong></span> <span class='ocrx_word' id='word_1_97' title='bbox 640 1415 775 1485; x_wconf 83' lang='grc' dir='ltr'><strong><em>ἐπειδάν</em></strong></span> <span class='ocrx_word' id='word_1_98' title='bbox 786 1415 852 1485; x_wconf 75' lang='grc' dir='ltr'><strong><em>δέὁ</em></strong></span> <span class='ocrx_word' id='word_1_99' title='bbox 866 1425 924 1503; x_wconf 91' lang='grc' dir='ltr'><strong><em>τῆς</em></strong></span> <span class='ocrx_word' id='word_1_100' title='bbox 934 1424 1065 1503; x_wconf 79' lang='grc' dir='ltr'><strong><em>πομπῆς</em></strong></span> <span class='ocrx_word' id='word_1_101' title='bbox 1076 1443 1150 1484; x_wconf 89' lang='grc' dir='ltr'><strong><em>και-</em></strong></span> 
     </span>
     <span class='ocr_line' id='line_1_14' title="bbox 152 1510 1151 1633; baseline -0.007 -47"><span class='ocrx_word' id='word_1_102' title='bbox 152 1518 211 1605; x_wconf 87' lang='grc' dir='ltr'><strong><em>ρός</em></strong></span> <span class='ocrx_word' id='word_1_103' title='bbox 230 1521 398 1605; x_wconf 79' lang='grc' dir='ltr'><strong><em>παρέλθη,</em></strong></span> <span class='ocrx_word' id='word_1_104' title='bbox 418 1523 600 1602; x_wconf 90' lang='grc' dir='ltr'><strong><em>τηνικαῦτα</em></strong></span> <span class='ocrx_word' id='word_1_105' title='bbox 620 1517 756 1593; x_wconf 76' lang='grc' dir='ltr'><strong><em>ἕκαστος</em></strong></span> <span class='ocrx_word' id='word_1_106' title='bbox 778 1512 925 1593; x_wconf 83' lang='grc' dir='ltr'><strong><em>ἀποδούς</em></strong></span> <span class='ocrx_word' id='word_1_107' title='bbox 943 1512 1005 1600; x_wconf 87' lang='grc' dir='ltr'><strong><em>τῆν</em></strong></span> <span class='ocrx_word' id='word_1_108' title='bbox 1026 1510 1151 1633; x_wconf 76' lang='grc' dir='ltr'><strong><em>σκευῆν</em></strong></span> 
     </span>
    </p>
   </div>
   <div class='ocr_carea' id='block_1_3' title="bbox 151 1604 1152 1903">
    <p class='ocr_par' dir='ltr' id='par_1_3' title="bbox 151 1604 1152 1903">
     <span class='ocr_line' id='line_1_15' title="bbox 151 1604 1152 1702; baseline -0.007 -17"><span class='ocrx_word' id='word_1_109' title='bbox 151 1619 206 1685; x_wconf 85' lang='grc' dir='ltr'><strong><em>καί</em></strong></span> <span class='ocrx_word' id='word_1_110' title='bbox 220 1615 472 1702; x_wconf 86' lang='grc' dir='ltr'><strong><em>ἀποδυσάμενος</em></strong></span> <span class='ocrx_word' id='word_1_111' title='bbox 482 1613 519 1683; x_wconf 87' lang='grc' dir='ltr'><strong><em>τό</em></strong></span> <span class='ocrx_word' id='word_1_112' title='bbox 532 1621 639 1700; x_wconf 85' lang='grc' dir='ltr'><strong><em>σχῆμα</em></strong></span> <span class='ocrx_word' id='word_1_113' title='bbox 653 1612 734 1699; x_wconf 85' lang='grc' dir='ltr'><strong><em>μετά</em></strong></span> <span class='ocrx_word' id='word_1_114' title='bbox 745 1622 807 1681; x_wconf 90' lang='grc' dir='ltr'><strong><em>τοῦ</em></strong></span> <span class='ocrx_word' id='word_1_115' title='bbox 823 1613 972 1699; x_wconf 87' lang='grc' dir='ltr'><strong><em>σύματος</em></strong></span> <span class='ocrx_word' id='word_1_116' title='bbox 987 1611 1097 1696; x_wconf 86' lang='grc' dir='ltr'><strong><em>ῶσπερ</em></strong></span> <span class='ocrx_word' id='word_1_117' title='bbox 1107 1604 1152 1698; x_wconf 87' lang='grc' dir='ltr'><strong><em>ῆν</em></strong></span> 
     </span>
     <span class='ocr_line' id='line_1_16' title="bbox 152 1712 1152 1800; baseline -0.005 -18"><span class='ocrx_word' id='word_1_118' title='bbox 152 1712 216 1800; x_wconf 88' lang='grc' dir='ltr'><strong><em>πρό</em></strong></span> <span class='ocrx_word' id='word_1_119' title='bbox 232 1721 293 1782; x_wconf 92' lang='grc' dir='ltr'><strong><em>τοῦ</em></strong></span> <span class='ocrx_word' id='word_1_120' title='bbox 308 1720 471 1800; x_wconf 86' lang='grc' dir='ltr'><strong><em>γίγνεται,</em></strong></span> <span class='ocrx_word' id='word_1_121' title='bbox 496 1715 600 1799; x_wconf 83' lang='grc' dir='ltr'><strong><em>μηδὲν</em></strong></span> <span class='ocrx_word' id='word_1_122' title='bbox 617 1736 680 1780; x_wconf 90' lang='grc' dir='ltr'><strong><em>του</em></strong></span> <span class='ocrx_word' id='word_1_123' title='bbox 666 1717 835 1798; x_wconf 90' lang='grc' dir='ltr'><strong><em>πλησίον</em></strong></span> <span class='ocrx_word' id='word_1_124' title='bbox 856 1715 1035 1796; x_wconf 75' lang='grc' dir='ltr'><strong><em>διαφέρον.</em></strong></span> <span class='ocrx_word' id='word_1_125' title='bbox 1067 1716 1152 1778; x_wconf 79' lang='grc' dir='ltr'><strong><em>ένιοι</em></strong></span> 
     </span>
     <span class='ocr_line' id='line_1_17' title="bbox 153 1807 1152 1903; baseline -0.002 -24"><span class='ocrx_word' id='word_1_126' title='bbox 153 1811 222 1879; x_wconf 69' lang='grc' dir='ltr'><strong><em>δέ’</em></strong></span> <span class='ocrx_word' id='word_1_127' title='bbox 204 1809 263 1879; x_wconf 85' lang='grc' dir='ltr'><strong><em>υπ’</em></strong></span> <span class='ocrx_word' id='word_1_128' title='bbox 285 1810 541 1897; x_wconf 76' lang='grc' dir='ltr'><strong><em>ἀγνωμοσύνης,</em></strong></span> <span class='ocrx_word' id='word_1_129' title='bbox 567 1807 735 1877; x_wconf 85' lang='grc' dir='ltr'><strong><em>ἐπειδάν’</em></strong></span> <span class='ocrx_word' id='word_1_130' title='bbox 717 1818 839 1898; x_wconf 84' lang='grc' dir='ltr'><strong><em>απαιτῆ</em></strong></span> <span class='ocrx_word' id='word_1_131' title='bbox 856 1809 916 1877; x_wconf 87' lang='grc' dir='ltr'><strong><em>τόν</em></strong></span> <span class='ocrx_word' id='word_1_132' title='bbox 936 1812 1064 1896; x_wconf 92' lang='grc' dir='ltr'><strong><em>κόσμον</em></strong></span> <span class='ocrx_word' id='word_1_133' title='bbox 1078 1810 1152 1903; x_wconf 71' lang='grc' dir='ltr'><strong><em>ἐπι-</em></strong></span> 
     </span>
    </p>
   </div>
   <div class='ocr_carea' id='block_1_4' title="bbox 85 1906 1154 3471">
    <p class='ocr_par' dir='ltr' id='par_1_4' title="bbox 85 1906 1152 2487">
     <span class='ocr_line' id='line_1_18' title="bbox 85 1906 1152 1996; baseline -0.007 -14"><span class='ocrx_word' id='word_1_134' title='bbox 85 1928 134 1983; x_wconf 71' lang='lat'><strong><em>479</em></strong></span> <span class='ocrx_word' id='word_1_135' title='bbox 153 1918 256 1979; x_wconf 82' lang='grc' dir='ltr'><strong><em>στᾶσα</em></strong></span> <span class='ocrx_word' id='word_1_136' title='bbox 268 1907 289 1996; x_wconf 84' lang='grc' dir='ltr'><strong><em>ῆ</em></strong></span> <span class='ocrx_word' id='word_1_137' title='bbox 308 1910 415 1995; x_wconf 82' lang='grc' dir='ltr'><strong><em>Τύχη,</em></strong></span> <span class='ocrx_word' id='word_1_138' title='bbox 429 1906 592 1995; x_wconf 78' lang='grc' dir='ltr'><strong><em>ἀχδονταί</em></strong></span> <span class='ocrx_word' id='word_1_139' title='bbox 602 1935 637 1977; x_wconf 89' lang='grc' dir='ltr'><strong><em>τε</em></strong></span> <span class='ocrx_word' id='word_1_140' title='bbox 652 1910 706 1976; x_wconf 85' lang='grc' dir='ltr'><strong><em>καί</em></strong></span> <span class='ocrx_word' id='word_1_141' title='bbox 717 1907 961 1994; x_wconf 76' lang='grc' dir='ltr'><strong><em>ἀγανακτοῦσιν</em></strong></span> <span class='ocrx_word' id='word_1_142' title='bbox 976 1908 1086 1986; x_wconf 84' lang='grc' dir='ltr'><strong><em>ῶσπερ</em></strong></span> <span class='ocrx_word' id='word_1_143' title='bbox 1100 1915 1152 1975; x_wconf 52' lang='grc' dir='ltr'><strong><em>οἰκ</em></strong></span> 
     </span>
     <span class='ocr_line' id='line_1_19' title="bbox 152 2003 1150 2094; baseline -0.001 -18"><span class='ocrx_word' id='word_1_144' title='bbox 152 2016 251 2076; x_wconf 86' lang='grc' dir='ltr'><strong><em>κείων</em></strong></span> <span class='ocrx_word' id='word_1_145' title='bbox 265 2015 368 2076; x_wconf 91' lang='grc' dir='ltr'><strong><em>τινῶν</em></strong></span> <span class='ocrx_word' id='word_1_146' title='bbox 382 2008 629 2093; x_wconf 87' lang='grc' dir='ltr'><strong><em>στερισκόμενοι</em></strong></span> <span class='ocrx_word' id='word_1_147' title='bbox 645 2009 699 2074; x_wconf 79' lang='grc' dir='ltr'><strong><em>καὶ</em></strong></span> <span class='ocrx_word' id='word_1_148' title='bbox 714 2005 775 2093; x_wconf 88' lang='grc' dir='ltr'><strong><em>οῦχ</em></strong></span> <span class='ocrx_word' id='word_1_149' title='bbox 788 2003 811 2075; x_wconf 84' lang='grc' dir='ltr'><strong><em>όί</em></strong></span> <span class='ocrx_word' id='word_1_150' title='bbox 823 2005 908 2091; x_wconf 88' lang='grc' dir='ltr'><strong><em>πρός</em></strong></span> <span class='ocrx_word' id='word_1_151' title='bbox 927 2004 1041 2093; x_wconf 86' lang='grc' dir='ltr'><strong><em>ὀλίγον</em></strong></span> <span class='ocrx_word' id='word_1_152' title='bbox 1055 2010 1150 2094; x_wconf 82' lang='grc' dir='ltr'><strong><em>ἐχρῆ-</em></strong></span> 
     </span>
     <span class='ocr_line' id='line_1_20' title="bbox 154 2101 1151 2191; baseline 0 -19"><span class='ocrx_word' id='word_1_153' title='bbox 154 2125 271 2191; x_wconf 90' lang='grc' dir='ltr'><strong><em>σαντο,</em></strong></span> <span class='ocrx_word' id='word_1_154' title='bbox 289 2103 513 2182; x_wconf 89' lang='grc' dir='ltr'><strong><em>ἀποδιδόντες.</em></strong></span> <span class='ocrx_word' id='word_1_155' title='bbox 535 2101 625 2190; x_wconf 80' lang='grc' dir='ltr'><strong><em>οἶμαι</em></strong></span> <span class='ocrx_word' id='word_1_156' title='bbox 640 2106 679 2171; x_wconf 87' lang='grc' dir='ltr'><strong><em>δέ</em></strong></span> <span class='ocrx_word' id='word_1_157' title='bbox 691 2125 729 2172; x_wconf 87' lang='grc' dir='ltr'><strong><em>σε</em></strong></span> <span class='ocrx_word' id='word_1_158' title='bbox 739 2106 793 2172; x_wconf 84' lang='grc' dir='ltr'><strong><em>καὶ</em></strong></span> <span class='ocrx_word' id='word_1_159' title='bbox 805 2114 873 2172; x_wconf 92' lang='grc' dir='ltr'><strong><em>τῶν</em></strong></span> <span class='ocrx_word' id='word_1_160' title='bbox 889 2107 942 2173; x_wconf 82' lang='grc' dir='ltr'><strong><em>ἐπὶ</em></strong></span> <span class='ocrx_word' id='word_1_161' title='bbox 956 2113 1013 2191; x_wconf 88' lang='grc' dir='ltr'><strong><em>τῆς</em></strong></span> <span class='ocrx_word' id='word_1_162' title='bbox 1028 2111 1151 2190; x_wconf 78' lang='grc' dir='ltr'><strong><em>σκηνῆς</em></strong></span> 
     </span>
     <span class='ocr_line' id='line_1_21' title="bbox 151 2199 1151 2290; baseline -0.002 -20"><span class='ocrx_word' id='word_1_163' title='bbox 151 2204 310 2283; x_wconf 89' lang='grc' dir='ltr'><strong><em>πολλάκις</em></strong></span> <span class='ocrx_word' id='word_1_164' title='bbox 325 2205 504 2290; x_wconf 85' lang='grc' dir='ltr'><strong><em>ἑωρακέναι</em></strong></span> <span class='ocrx_word' id='word_1_165' title='bbox 520 2205 599 2280; x_wconf 88' lang='grc' dir='ltr'><strong><em>τοῦς</em></strong></span> <span class='ocrx_word' id='word_1_166' title='bbox 618 2199 796 2287; x_wconf 84' lang='grc' dir='ltr'><strong><em>τραγικούς</em></strong></span> <span class='ocrx_word' id='word_1_167' title='bbox 811 2200 992 2288; x_wconf 82' lang='grc' dir='ltr'><strong><em>ὑποκριτάς</em></strong></span> <span class='ocrx_word' id='word_1_168' title='bbox 1012 2203 1151 2280; x_wconf 92' lang='grc' dir='ltr'><strong><em>τούτους</em></strong></span> 
     </span>
     <span class='ocr_line' id='line_1_22' title="bbox 151 2300 1151 2389; baseline -0.003 -19"><span class='ocrx_word' id='word_1_169' title='bbox 151 2300 234 2387; x_wconf 85' lang='grc' dir='ltr'><strong><em>πρός</em></strong></span> <span class='ocrx_word' id='word_1_170' title='bbox 243 2300 302 2382; x_wconf 84' lang='grc' dir='ltr'><strong><em>τάς</em></strong></span> <span class='ocrx_word' id='word_1_171' title='bbox 311 2309 421 2389; x_wconf 83' lang='grc' dir='ltr'><strong><em>χρείας</em></strong></span> <span class='ocrx_word' id='word_1_172' title='bbox 430 2308 498 2369; x_wconf 89' lang='grc' dir='ltr'><strong><em>τῶν</em></strong></span> <span class='ocrx_word' id='word_1_173' title='bbox 508 2300 717 2387; x_wconf 73' lang='grc' dir='ltr'><strong><em>δραμάτων”</em></strong></span> <span class='ocrx_word' id='word_1_174' title='bbox 696 2326 770 2384; x_wconf 89' lang='grc' dir='ltr'><strong><em>αρτι</em></strong></span> <span class='ocrx_word' id='word_1_175' title='bbox 781 2303 843 2387; x_wconf 77' lang='grc' dir='ltr'><strong><em>μέν</em></strong></span> <span class='ocrx_word' id='word_1_176' title='bbox 853 2301 1032 2386; x_wconf 86' lang='grc' dir='ltr'><strong><em>Κρέοντας,</em></strong></span> <span class='ocrx_word' id='word_1_177' title='bbox 1047 2301 1151 2367; x_wconf 86' lang='grc' dir='ltr'><strong><em>ἐνίοτε</em></strong></span> 
     </span>
     <span class='ocr_line' id='line_1_23' title="bbox 152 2393 1151 2497; baseline -0.005 -29"><span class='ocrx_word' id='word_1_178' title='bbox 152 2404 189 2468; x_wconf 76' lang='grc' dir='ltr'><strong><em>δὲ</em></strong></span> <span class='ocrx_word' id='word_1_179' title='bbox 199 2401 374 2487; x_wconf 85' lang='grc' dir='ltr'><strong><em>Πριάμους</em></strong></span> <span class='ocrx_word' id='word_1_180' title='bbox 388 2395 643 2485; x_wconf 77' lang='grc' dir='ltr'><strong><em>γιγνομένους</em></strong></span> <span class='ocrx_word' id='word_1_181' title='bbox 619 2424 641 2484; x_wconf 90' lang='grc' dir='ltr'><strong><em>η</em></strong></span> <span class='ocrx_word' id='word_1_182' title='bbox 653 2397 912 2485; x_wconf 79' lang='grc' dir='ltr'><strong><em>Ἀγαμέμνονας,</em></strong></span> <span class='ocrx_word' id='word_1_183' title='bbox 933 2393 1020 2465; x_wconf 77' lang='lat' dir='ltr'><strong><em>ual‘</em></strong></span> <span class='ocrx_word' id='word_1_184' title='bbox 1005 2423 1023 2464; x_wconf 95' lang='grc' dir='ltr'><strong><em>ο</em></strong></span> <span class='ocrx_word' id='word_1_185' title='bbox 1040 2393 1151 2497; x_wconf 89' lang='grc' dir='ltr'><strong><em>αύτός</em></strong></span> 
     </span>
    </p>

    <p class='ocr_par' dir='ltr' id='par_1_5' title="bbox 152 2459 1152 2617">
     <span class='ocr_line' id='line_1_24' title="bbox 152 2459 1152 2617; baseline -0.004 -52.931"><span class='ocrx_word' id='word_1_186' title='bbox 152 2498 302 2617; x_wconf 81' lang='grc' dir='ltr'><strong><em>εἰτύχοι,</em></strong></span> <span class='ocrx_word' id='word_1_187' title='bbox 317 2494 439 2583; x_wconf 87' lang='grc' dir='ltr'><strong><em>μικρόν</em></strong></span> <span class='ocrx_word' id='word_1_188' title='bbox 453 2502 644 2581; x_wconf 80' lang='grc' dir='ltr'><strong><em>ἐμπροσδεν</em></strong></span> <span class='ocrx_word' id='word_1_189' title='bbox 655 2499 743 2583; x_wconf 92' lang='grc' dir='ltr'><strong><em>μάλα</em></strong></span> <span class='ocrx_word' id='word_1_190' title='bbox 758 2505 886 2582; x_wconf 89' lang='grc' dir='ltr'><strong><em>σεμνῶς</em></strong></span> <span class='ocrx_word' id='word_1_191' title='bbox 900 2493 938 2564; x_wconf 85' lang='grc' dir='ltr'><strong><em>τό</em></strong></span> <span class='ocrx_word' id='word_1_192' title='bbox 949 2520 1011 2563; x_wconf 92' lang='grc' dir='ltr'><strong><em>του</em></strong></span> <span class='ocrx_word' id='word_1_193' title='bbox 996 2459 1152 2578; x_wconf 82' lang='grc' dir='ltr'><strong><em>Κέκρο-</em></strong></span> 
     </span>
    </p>

    <p class='ocr_par' dir='ltr' id='par_1_6' title="bbox 149 2591 1154 3471">
     <span class='ocr_line' id='line_1_25' title="bbox 152 2591 1152 2715; baseline -0.004 -52"><span class='ocrx_word' id='word_1_194' title='bbox 152 2621 214 2674; x_wconf 85' lang='grc' dir='ltr'><strong><em>πος</em></strong></span> <span class='ocrx_word' id='word_1_195' title='bbox 227 2623 246 2681; x_wconf 91' lang='grc' dir='ltr'><strong><em>η</em></strong></span> <span class='ocrx_word' id='word_1_196' title='bbox 234 2592 436 2715; x_wconf 76' lang='grc' dir='ltr'><strong><em>Ἐρεχβέυς</em></strong></span> <span class='ocrx_word' id='word_1_197' title='bbox 447 2601 554 2681; x_wconf 90' lang='grc' dir='ltr'><strong><em>σχῆμα</em></strong></span> <span class='ocrx_word' id='word_1_198' title='bbox 570 2594 798 2681; x_wconf 88' lang='grc' dir='ltr'><strong><em>μιμησάμενος</em></strong></span> <span class='ocrx_word' id='word_1_199' title='bbox 811 2619 870 2680; x_wconf 87' lang='grc' dir='ltr'><strong><em>μετ</em></strong></span> <span class='ocrx_word' id='word_1_200' title='bbox 875 2591 1012 2679; x_wconf 84' lang='grc' dir='ltr'><strong><em>’ὀλίγον</em></strong></span> <span class='ocrx_word' id='word_1_201' title='bbox 1026 2593 1152 2677; x_wconf 86' lang='grc' dir='ltr'><strong><em>οἰκέτης</em></strong></span> 
     </span>
     <span class='ocr_line' id='line_1_26' title="bbox 152 2690 1152 2780; baseline -0.004 -19"><span class='ocrx_word' id='word_1_202' title='bbox 152 2690 355 2779; x_wconf 74' lang='grc' dir='ltr'><strong><em>προῆλθεν</em></strong></span> <span class='ocrx_word' id='word_1_203' title='bbox 335 2690 401 2760; x_wconf 88' lang='grc' dir='ltr'><strong><em>υπό</em></strong></span> <span class='ocrx_word' id='word_1_204' title='bbox 413 2700 475 2760; x_wconf 88' lang='grc' dir='ltr'><strong><em>τοῦ</em></strong></span> <span class='ocrx_word' id='word_1_205' title='bbox 486 2718 625 2778; x_wconf 89' lang='grc' dir='ltr'><strong><em>ποιητου</em></strong></span> <span class='ocrx_word' id='word_1_206' title='bbox 610 2697 906 2780; x_wconf 69' lang='grc' dir='ltr'><strong><em>’κεκελευσμένος</em></strong></span> <span class='ocrx_word' id='word_1_207' title='bbox 927 2691 992 2778; x_wconf 86' lang='grc' dir='ltr'><strong><em>ῆδη</em></strong></span> <span class='ocrx_word' id='word_1_208' title='bbox 1003 2692 1039 2759; x_wconf 77' lang='grc' dir='ltr'><strong><em>δέ</em></strong></span> <span class='ocrx_word' id='word_1_209' title='bbox 1050 2693 1152 2777; x_wconf 85' lang='grc' dir='ltr'><strong><em>πέρας</em></strong></span> 
     </span>
     <span class='ocr_line' id='line_1_27' title="bbox 152 2785 1153 2878; baseline -0.006 -19"><span class='ocrx_word' id='word_1_210' title='bbox 152 2799 284 2878; x_wconf 79' lang='grc' dir='ltr'><strong><em>ἔχοντος</em></strong></span> <span class='ocrx_word' id='word_1_211' title='bbox 295 2797 356 2857; x_wconf 90' lang='grc' dir='ltr'><strong><em>τοῦ</em></strong></span> <span class='ocrx_word' id='word_1_212' title='bbox 370 2791 535 2877; x_wconf 84' lang='grc' dir='ltr'><strong><em>δράματος</em></strong></span> <span class='ocrx_word' id='word_1_213' title='bbox 548 2789 802 2878; x_wconf 84' lang='grc' dir='ltr'><strong><em>ἀποδυσάμενος</em></strong></span> <span class='ocrx_word' id='word_1_214' title='bbox 815 2794 951 2869; x_wconf 80' lang='grc' dir='ltr'><strong><em>ἕκαστος</em></strong></span> <span class='ocrx_word' id='word_1_215' title='bbox 964 2786 1076 2856; x_wconf 84' lang='grc' dir='ltr'><strong><em>αὐτῶν</em></strong></span> <span class='ocrx_word' id='word_1_216' title='bbox 1089 2785 1153 2874; x_wconf 87' lang='grc' dir='ltr'><strong><em>τῆν</em></strong></span> 
     </span>
     <span class='ocr_line' id='line_1_28' title="bbox 151 2886 1152 2977; baseline -0.002 -22"><span class='ocrx_word' id='word_1_217' title='bbox 151 2889 383 2976; x_wconf 88' lang='grc' dir='ltr'><strong><em>χρυσόπαστον</em></strong></span> <span class='ocrx_word' id='word_1_218' title='bbox 396 2892 527 2977; x_wconf 85' lang='grc' dir='ltr'><strong><em>ἐκείνην</em></strong></span> <span class='ocrx_word' id='word_1_219' title='bbox 541 2893 665 2976; x_wconf 79' lang='grc' dir='ltr'><strong><em>ἐσθῆτα</em></strong></span> <span class='ocrx_word' id='word_1_220' title='bbox 679 2893 733 2959; x_wconf 83' lang='grc' dir='ltr'><strong><em>καλ</em></strong></span> <span class='ocrx_word' id='word_1_221' title='bbox 747 2888 783 2959; x_wconf 87' lang='grc' dir='ltr'><strong><em>τό</em></strong></span> <span class='ocrx_word' id='word_1_222' title='bbox 800 2904 1011 2976; x_wconf 77' lang='grc' dir='ltr'><strong><em>προσωπεῖον</em></strong></span> <span class='ocrx_word' id='word_1_223' title='bbox 1023 2886 1152 2956; x_wconf 79' lang='grc' dir='ltr'><strong><em>ἀποδέ-</em></strong></span> 
     </span>
     <span class='ocr_line' id='line_1_29' title="bbox 151 2983 1154 3077; baseline -0.003 -22"><span class='ocrx_word' id='word_1_224' title='bbox 151 3013 251 3074; x_wconf 86' lang='grc' dir='ltr'><strong><em>μενος</em></strong></span> <span class='ocrx_word' id='word_1_225' title='bbox 265 2989 320 3056; x_wconf 84' lang='grc' dir='ltr'><strong><em>καλ</em></strong></span> <span class='ocrx_word' id='word_1_226' title='bbox 333 2986 478 3075; x_wconf 81' lang='grc' dir='ltr'><strong><em>καταβάς</em></strong></span> <span class='ocrx_word' id='word_1_227' title='bbox 493 2987 558 3057; x_wconf 85' lang='grc' dir='ltr'><strong><em>ἀπὸ</em></strong></span> <span class='ocrx_word' id='word_1_228' title='bbox 570 2996 638 3057; x_wconf 93' lang='grc' dir='ltr'><strong><em>τῶν</em></strong></span> <span class='ocrx_word' id='word_1_229' title='bbox 652 2994 803 3077; x_wconf 77' lang='grc' dir='ltr'><strong><em>ἐμβατῶν</em></strong></span> <span class='ocrx_word' id='word_1_230' title='bbox 816 2993 918 3077; x_wconf 88' lang='grc' dir='ltr'><strong><em>πένης</em></strong></span> <span class='ocrx_word' id='word_1_231' title='bbox 930 2992 985 3057; x_wconf 84' lang='grc' dir='ltr'><strong><em>καλ</em></strong></span> <span class='ocrx_word' id='word_1_232' title='bbox 998 2983 1154 3064; x_wconf 87' lang='grc' dir='ltr'><strong><em>ταπεινός</em></strong></span> 
     </span>
     <span class='ocr_line' id='line_1_30' title="bbox 151 3082 1153 3174; baseline -0.001 -23"><span class='ocrx_word' id='word_1_233' title='bbox 151 3091 311 3168; x_wconf 86' lang='grc' dir='ltr'><strong><em>περίεισιν</em></strong></span> <span class='ocrx_word' id='word_1_234' title='bbox 321 3082 424 3154; x_wconf 83' lang='grc' dir='ltr'><strong><em>ούκέί</em></strong></span> <span class='ocrx_word' id='word_1_235' title='bbox 436 3085 678 3174; x_wconf 74' lang='grc' dir='ltr'><strong><em>Ἀγαμέμνωνό</em></strong></span> <span class='ocrx_word' id='word_1_236' title='bbox 689 3087 825 3173; x_wconf 87' lang='grc' dir='ltr'><strong><em>Ἀτρέως</em></strong></span> <span class='ocrx_word' id='word_1_237' title='bbox 835 3087 913 3156; x_wconf 75' lang='grc' dir='ltr'><strong><em>οὐδὲ</em></strong></span> <span class='ocrx_word' id='word_1_238' title='bbox 924 3096 956 3156; x_wconf 83' lang='grc' dir='ltr'><em>Κ</em></span> <span class='ocrx_word' id='word_1_239' title='bbox 955 3089 1042 3174; x_wconf 80' lang='grc' dir='ltr'><strong><em>ρέων</em></strong></span> <span class='ocrx_word' id='word_1_240' title='bbox 1050 3082 1069 3153; x_wconf 89' lang='grc' dir='ltr'>ὁ</span> <span class='ocrx_word' id='word_1_241' title='bbox 1077 3090 1153 3152; x_wconf 84' lang='grc' dir='ltr'><strong><em>Με-</em></strong></span> 
     </span>
     <span class='ocr_line' id='line_1_31' title="bbox 151 3182 1153 3272; baseline 0.008 -22"><span class='ocrx_word' id='word_1_242' title='bbox 151 3187 298 3271; x_wconf 85' lang='grc' dir='ltr'><strong><em>νοικέως,</em></strong></span> <span class='ocrx_word' id='word_1_243' title='bbox 309 3182 900 3270; x_wconf 80' lang='grc' dir='ltr'><strong><em>ἀλλάΠῶλοςΧαρικλέουςΣουνιεύς</em></strong></span> <span class='ocrx_word' id='word_1_244' title='bbox 909 3184 1153 3272; x_wconf 68' lang='grc' dir='ltr'><strong><em>ὀνομαζόμενος</em></strong></span> 
     </span>
     <span class='ocr_line' id='line_1_32' title="bbox 149 3279 1153 3372; baseline -0.004 -21"><span class='ocrx_word' id='word_1_245' title='bbox 149 3279 172 3372; x_wconf 83' lang='grc' dir='ltr'><strong><em>ῆ</em></strong></span> <span class='ocrx_word' id='word_1_246' title='bbox 180 3284 333 3369; x_wconf 88' lang='grc' dir='ltr'><strong><em>Σάτυρος</em></strong></span> <span class='ocrx_word' id='word_1_247' title='bbox 340 3287 798 3371; x_wconf 77' lang='grc' dir='ltr'><strong><em>θεογείτονοςΜαραθύνιος.</em></strong></span> <span class='ocrx_word' id='word_1_248' title='bbox 816 3293 952 3354; x_wconf 90' lang='grc' dir='ltr'><strong><em>τοιαῦτα</em></strong></span> <span class='ocrx_word' id='word_1_249' title='bbox 966 3286 1020 3351; x_wconf 84' lang='grc' dir='ltr'><strong><em>καλ</em></strong></span> <span class='ocrx_word' id='word_1_250' title='bbox 1031 3280 1072 3350; x_wconf 79' lang='grc' dir='ltr'><strong><em>τά</em></strong></span> <span class='ocrx_word' id='word_1_251' title='bbox 1083 3286 1153 3348; x_wconf 88' lang='grc' dir='ltr'><strong><em>τῶν</em></strong></span> 
     </span>
     <span class='ocr_line' id='line_1_33' title="bbox 150 3380 1117 3471; baseline -0.004 -22"><span class='ocrx_word' id='word_1_252' title='bbox 150 3380 344 3469; x_wconf 75' lang='grc' dir='ltr'><strong><em>ἀνθρώπων</em></strong></span> <span class='ocrx_word' id='word_1_253' title='bbox 355 3384 532 3471; x_wconf 88' lang='grc' dir='ltr'><strong><em>πράγματά</em></strong></span> <span class='ocrx_word' id='word_1_254' title='bbox 544 3388 644 3466; x_wconf 90' lang='grc' dir='ltr'><strong><em>ἐστιν,</em></strong></span> <span class='ocrx_word' id='word_1_255' title='bbox 657 3382 700 3463; x_wconf 88' lang='grc' dir='ltr'><strong><em>ῶς</em></strong></span> <span class='ocrx_word' id='word_1_256' title='bbox 710 3387 784 3452; x_wconf 85' lang='grc' dir='ltr'><strong><em>τότε</em></strong></span> <span class='ocrx_word' id='word_1_257' title='bbox 794 3411 851 3471; x_wconf 89' lang='grc' dir='ltr'><strong><em>μοι</em></strong></span> <span class='ocrx_word' id='word_1_258' title='bbox 862 3382 985 3471; x_wconf 85' lang='grc' dir='ltr'><strong><em>ὁρῶντι</em></strong></span> <span class='ocrx_word' id='word_1_259' title='bbox 995 3384 1117 3461; x_wconf 77' lang='grc' dir='ltr'><strong><em>ἔδοξεν.</em></strong></span> 
     </span>
    </p>
   </div>
   <div class='ocr_carea' id='block_1_5' title="bbox 0 0 1285 3825">
    <p class='ocr_par' dir='ltr' id='par_1_7' title="bbox 0 0 1285 3825">
     <span class='ocr_line' id='line_1_34' title="bbox 0 0 1285 3825; baseline 0 0"><span class='ocrx_word' id='word_1_260' title='bbox 0 0 1285 3825; x_wconf 95' lang='lat' dir='ltr'><strong><em> </em></strong></span> 
     </span>
    </p>
   </div>
  </div>
 </body>
</html>
