2550 3825
458 232 593 290 EPMO
604 234 770 292 ΤΙΜΟΣ
1052 228 1116 292 389

114 417 147 456 αι
141 395 273 458 τίτθαι
287 392 398 458 τοιάδε
417 394 551 476 λέγουσι
564 393 639 476 περὶ
655 398 723 457 τῶν
737 389 938 474 παιδίωυ,“
917 418 961 469 ως
980 395 1114 458 απιτέον

114 483 225 564 αὐτοῖς
247 489 280 565 ἐς
296 488 512 557 διδασκάλου·
534 489 588 555 καὶ
603 485 668 574 γάρ
689 484 732 555 ἀν
745 493 879 573 μηδέπω
895 500 1017 575 μαθεῖν
1031 485 1115 595 ἀγα-

39 583 47 596 ”
99 582 182 650 ’θόν
202 610 242 652 τι
254 589 437 678 δύνωνται,
464 585 536 654 ἀλλ’
558 590 621 652 οὐν
646 592 778 703 φμῦλον
797 584 897 652 οὐδὲν
914 586 1113 672 ποιήσουσιν

114 683 183 748 ε’κεῖ
198 684 363 768 μένοντες
397 683 461 770 έγιδ
484 685 545 770 μεν
561 678 624 751 οὖν
639 681 678 750 τά
699 682 782 752 ἀλλα
799 684 907 752 πάντα
927 682 1116 803 ἀποπλῆσαί

114 805 170 865 μοι
187 784 291 866 δοκῶ,
308 780 396 848 καδ”
375 809 489 850 οντινα
501 778 544 850 ἀν
554 786 671 871 έθέλης
684 789 752 849 τῶν
763 784 900 850 εἰδότων
911 809 951 850 τα
940 779 1113 868 ἡμέτερα,

113 868 175 962 ήκί
190 903 245 962 μοι
267 881 299 956 ἐς
319 878 438 964 αὔριον
458 878 661 968 παραλαβων
681 880 755 962 όψει
776 907 812 949 τε
833 879 922 960 ὅπως
938 884 1043 1004 ἐρωτᾷ
1060 882 1115 947 καὶ

114 997 184 1051 πως
193 971 406 1062 ἀποκρίνεται
415 977 500 1046 καλ“
480 997 541 1046 οσα
553 978 726 1065 μεμάθηκε
735 978 819 1048 καλ”
798 1000 860 1046 οσα
870 978 966 1066 ήδη
947 981 1114 1064 ανίγνωκε

47 1153 55 1164 ι
113 1077 227 1158 βιβλία
239 1072 536 1163 περδαξιωμάτων,
557 1077 631 1162 περὶ
653 1084 899 1164 συλλογισμῶν,
922 1081 1112 1161 περίπατοι·
1129 1095 1183 1150 828

114 1169 258 1257 λήψεως,
276 1174 350 1256 περὶ
366 1173 586 1259 καθηκόντων
601 1175 656 1239 καὶ
669 1170 752 1240 ἀλλα
766 1182 908 1242 ποικίλα.
932 1182 961 1243 εί
971 1170 1039 1260 δὲή
1054 1173 1114 1259 τήν
1141 1213 1143 1218 ·

114 1269 237 1354 μητέρα
253 1274 392 1344 ἔτυπτεν
404 1269 425 1356 ή
439 1274 630 1360 παρθένους
647 1274 850 1359 συνήρπαζε,
866 1280 900 1340 τί
910 1280 1013 1340 ταῦτα
1030 1268 1114 1357 πρός

115 1367 187 1452 ἐμός
209 1364 250 1434 οὐ
265 1367 329 1453 γάρ
350 1369 562 1454 παιδαγωγόν
576 1394 616 1453 με
632 1370 828 1456 ἐπεστήσατε
842 1369 941 1462 αὐτῷ.
974 1376 1026 1440 83.
1044 1394 1113 1436 τοι·

26 1555 28 1560 Ι
115 1469 198 1528 αὕτα
214 1465 321 1548 γέρων
332 1463 512 1550 ἀυθρωπος
524 1463 608 1551 ὑπὲρ
621 1474 819 1552 φιλοσοφίας
835 1473 934 1553 ἔλεγε.
957 1465 1000 1535 σύ
1012 1467 1114 1534 δὲκαὶ

115 1555 214 1638 αάτδς
227 1558 270 1628 ἀν
286 1569 396 1649 φαίης,
414 1557 441 1630 ιά
450 1561 632 1649 Ἑρμότιμε,
648 1561 766 1632 ίκανδυ
779 1562 876 1661 εἶναι,
894 1563 937 1643 ἀς
949 1561 1003 1631 διά
1014 1570 1112 1630 τοῦτο

14 1703 23 1758 y·
115 1667 395 1784 φιλοσοφοίημεμ,
413 1689 456 1788 ως
470 1665 593 1786 μηδὲν
588 1688 656 1729 των
673 1666 889 1749 φαυλοτέρων
903 1663 1112 1780 πράττοιμεμ.

115 1879 159 1933 ως
173 1861 240 1922 τῶν
254 1860 395 1926 ίδιωτων
412 1857 628 1943 κοσμιώτεροι
644 1867 755 1946 είημευ
770 1827 1061 1945 περιυοστουντες,
1083 1862 1116 1923 τί

114 1946 178 2019 οὖν
193 1951 254 2020 οὐκ
271 1952 433 2043 ἀποκρίνῃ
447 1960 501 2023 καί
514 1981 631 2037 τουτο;

200 2058 301 2117 ΕΡΜ.
327 2059 369 2118 Τί
388 2052 419 2119 δ’
442 2052 563 2120 ἀλλο
542 2049 562 2137 ή
584 2052 634 2120 ὅτι
651 2057 706 2119 καὶ
726 2057 888 2139 δακρυσαι
902 2051 1017 2139 ὀλίγου
1032 2055 1114 2132 δέως

98 2150 147 2225 ’ές
161 2146 301 2214 τοσοῦτό
316 2173 382 2232 μου
402 2144 588 2217 καθίκετο“
573 2174 590 2213 ο
605 2149 704 2233 λόγος
724 2147 851 2235 ἀληθής
874 2148 937 2233 όίν,
962 2150 1016 2215 καὶ
1033 2147 1113 2215 ὀδό-

102 2272 229 2333 .ρομαι,
242 2242 323 2313 ὅσον
335 2243 451 2326 ἀθλιος
462 2246 584 2332 χρόνον
595 2242 751 2313 ἀνάλωκα
762 2249 816 2313 καὶ
825 2249 959 2332 προσέτι
970 2244 1114 2332 μισθοὺς

114 2342 177 2411 ουίι
192 2342 325 2429 ὀλίγους
343 2353 447 2421 τελῶν
462 2344 534 2413 ἀντὶ
548 2352 615 2413 τῶν
630 2345 759 2411 πόνων·
781 2346 859 2411 νυνὶ
872 2342 936 2430 γάρ
953 2344 1063 2428 όίσπερ
1077 2347 1113 2410 ἐκ

22 2436 24 2438 ’
90 2531 93 2535 ,
115 2445 219 2529 μέθης
234 2440 418 2530 ἀνανήφων
428 2441 502 2529 Ιὁρῶ
517 2439 569 2512 οἶα
589 2444 650 2529 μέν
668 2446 756 2510 ἐστιν
772 2434 820 2509 ὦν
833 2440 942 2528 ήρων,
956 2441 1062 2511 δπόσα
1077 2444 1113 2508 δὲ

65 2535 68 2540 ’
114 2546 268 2610 πέπονθα
285 2541 339 2609 διά
355 2550 467 2611 ταῦτα.

198 2645 248 2708 84.
269 2648 369 2712 ΛΤΚ.
392 2644 456 2711 Καὶ
474 2650 508 2710 τί
527 2648 578 2710 δεῖ
595 2641 769 2726 δακρύων,
797 2632 823 2706 ἀ
841 2641 975 2726 χρηστός
996 2639 1033 2708 τδ
1047 2638 1111 2728 γάρ

82 2764 86 2769 ’
114 2748 174 2808 τοῦ
185 2740 299 2826 μόθου
311 2744 416 2810 ἐκεῖνο
428 2744 519 2809 πάνυ
530 2740 687 2824 συνετόν,
699 2736 805 2824 οἶμαι,
823 2736 864 2805 δν
874 2748 1028 2817 Αἴσωπος
1039 2743 1112 2827 διη-
1130 2738 1184 2809 829

33 2930 39 2937 ἡ
114 2854 221 2927 γεῖτο·
249 2846 312 2927 ἔφη
326 2838 390 2927 γάρ
409 2840 593 2927 ἀνθρωπόν
608 2864 683 2905 τινα
703 2839 754 2904 ἐπὶ
769 2844 809 2926 τῇ
824 2834 913 2923 ήῖόυι
932 2839 1112 2924 καθεζόμε-

113 2966 176 3006 νον
191 2936 293 3005 ἐπὶ
257 2966 319 3025 την
334 2938 533 3059 κυματωγήν
550 2937 707 3026 ἀριθμεῖν
719 2933 758 3002 τά
779 2935 924 3021 κύματα,
946 2939 1112 3023 σφαλέντα

114 3042 153 3104 δὲ·
166 3038 220 3105 και
237 3034 402 3122 ἀχθεσθαι
417 3038 471 3105 καὶ
485 3036 646 3104 ἀνιᾶσθαι
653 3034 752 3122 ,ἀχρι
764 3034 850 3122 δή
815 3063 876 3123 την
887 3035 993 3121 κερδω
1005 3061 1112 3121 παρα-

14 3184 17 3199 ,
114 3143 238 3203 στᾶσαν
259 3140 362 3202 εἰπεῖν
377 3131 482 3223 αὐτῷ,
512 3142 568 3220 Τί,
596 3126 622 3199 ό
644 3148 804 3219 γενναῖε,
815 3132 893 3224 ἀνιά
908 3142 1112 3219 τῶνπαρελ-

29 3233 58 3327 -ῑ,
89 3234 284 3356 3’θόντφν
271 3260 383 3320 ενεκοι,
407 3231 538 3300 δέον
503 3260 542 3300 τα
564 3236 723 3301 ἐντεῦθεν
746 3231 932 3319 ἀρξάμενον
956 3231 1111 3352 ἀριθμεῖν
1157 3323 1159 3326 Ι

16 3342 34 3391 ἰ
89 3330 351 3419 ’ἀμελήσαντα’
335 3339 487 3413 εκείνωυ;
517 3334 581 3402 Καὶ
595 3329 637 3399 συ
656 3339 789 3415 τοίνυν,
810 3330 992 3417 ἐπείπερ
957 3330 1045 3399 ου’τω
1060 3354 1112 3400 σοι

16 3419 25 3431 ’
113 3430 221 3516 δοκεῖ,
243 3433 274 3509 ἐς
288 3458 324 3498 το
314 3426 495 3499 “’“λοιπόν
474 3458 517 3499 αν
533 3430 672 3518 ἀμεινον
690 3430 843 3517 ποιήσαις
855 3438 932 3516 βίον
946 3456 981 3498 τε
997 3430 1114 3501 κοινόν
