2550 3825
152 167 194 230 68
502 172 809 232 AOYKIANOT

153 332 198 413 μή
223 325 319 406 ὄντος
339 335 400 396 τοῦ
417 330 571 397 ἐναντίου
587 327 679 420 αὐτῷ
693 332 749 399 καὶ
764 327 848 414 πρὸς
863 326 884 398 δ
900 335 1037 417 ἔμελλεν
1050 357 1071 415 η
1086 331 1154 411 ἐξέ-

153 423 1157 513 τασιςγιγνομένηεὐδαιμονέστερονἀποφαίνειναῦτό·θνη-

154 523 215 592 τδν
236 528 350 610 μέντοι
371 523 454 592 εἶναι
475 533 590 610 τοῦτο,
620 524 897 612 εὐμηχανώτατον
917 524 949 594 δ’
972 525 1079 605 ἄλλως
1100 528 1156 594 καὶ

154 622 385 690 συνετώτατον
404 626 458 692 καὶ
478 633 539 693 τοῦ
560 632 729 712 βελτίονος
748 625 1005 711 αἰσθανόμενον.
1031 632 1080 693 13.
1101 627 1157 692 καὶ

156 719 196 808 δὴ
218 719 301 789 κατα
324 718 385 788 τὸν
403 721 577 808 ποιητικὸν
593 725 695 811 λόγον
710 738 837 809 »γαῖαν
854 723 929 792 ῦδει
944 726 1083 810 φῦραςιί
1101 724 1156 793 καὶ

155 821 356 906 διαμαλάξας
370 819 539 889 ἀνέπλασα
555 818 634 900 τοῦς
645 820 849 904 ἀνθρώπους
861 828 908 891 ἐτι
918 826 974 891 καὶ
984 820 1157 909 τῆνἈθη-

154 928 219 988 νᾶν
233 923 463 1002 παρακαλέσας
477 923 760 1007 συνεπιλαβέσθαι
774 947 831 1005 μοι
846 927 908 987 τοῦ
918 927 1028 1007 ἔργου.
1051 919 1155 987 ταῦτά

88 1034 139 1090 196
157 1023 247 1087 ἐστιν
269 1017 290 1086 δ’
311 1019 437 1104 μεγάλα
457 1016 521 1104 ἐγώ
542 1017 621 1098 τοῦς
642 1017 746 1097 θεοῦς
760 1017 909 1106 ἠδίκηκα.
939 1023 995 1089 καὶ
1009 1018 1046 1088 τὸ
1063 1027 1157 1107 ζημί-

158 1147 230 1205 ωμα
244 1116 325 1207 ὁρᾷς
340 1115 474 1204 ἡλίκον,
498 1123 528 1184 εἰ
542 1120 577 1185 ἐκ
592 1124 702 1203 πηλοῦ
719 1123 784 1204 ζῷα
799 1119 938 1205 ἐποίησα
952 1122 1008 1187 καὶ
1022 1117 1059 1186 τὸ
1075 1121 1156 1196 τέως

155 1218 315 1302 ἀκίνητον
330 1219 363 1294 ἐς
378 1224 511 1301 κίνησιν
527 1213 671 1302 ἤγαγον·
694 1222 759 1300 καί,
778 1216 821 1293 ώς
832 1223 935 1300 ἔοικε,
957 1215 994 1284 τό
1007 1215 1059 1284 ἀπ’
1076 1219 1158 1284 ἐκεί·

155 1344 219 1384 νου
229 1308 329 1403 ἧττον
340 1322 419 1383 θεοί
426 1322 511 1383 εἰσιν
521 1318 555 1381 oc
562 1321 649 1400 θεοί,
663 1316 748 1381 διότι
759 1316 815 1382 καὶ
825 1317 878 1382 ε’πὶ
889 1322 949 1402 γῆς
960 1341 1035 1382 τινα
1046 1315 1156 1400 θνητὰ

156 1424 221 1505 ζῷα
236 1416 426 1501 γεγένηται·
448 1410 555 1491 οὕτως
568 1411 632 1498 γὰρ
649 1411 689 1501 δὴ
707 1416 762 1482 καὶ
776 1413 958 1500 ἀγανακτεῖ
966 1422 1031 1482 νῦν
1042 1412 1059 1482 ὁ
1072 1411 1159 1492 Ζεῦς

157 1515 267 1596 ὥσπερ
285 1515 535 1598 ἐλαττουμένων
556 1521 623 1578 τών
645 1520 738 1580 θεῶν
758 1515 793 1580 ἐκ
808 1520 866 1600 τῆς
879 1521 948 1581 τών
963 1512 1158 1600 ἀνθρώπων

82 1699 84 1702 Ι
156 1615 329 1697 γενέσεως,
352 1617 382 1678 εί
395 1608 439 1697 μὴ
457 1611 522 1694 ἄρα
535 1618 633 1678 τοῦτο
649 1616 753 1698 δέδιε,
769 1610 814 1699 μὴ
833 1615 888 1681 καὶ
903 1606 997 1682 οῦτοι
1010 1612 1156 1681 ἀπόστα-

155 1734 211 1782 σιν
224 1708 278 1779 ἐπ’
296 1708 401 1777 αῦτόν
417 1711 624 1798 βουλεύσωσι
638 1713 694 1780 καὶ
711 1713 859 1797 πόλεμον
870 1715 1062 1798 ἐξενέγκωσι
1074 1708 1156 1798 πρὸς

155 1808 235 1887 τοῦς
255 1807 360 1886 θεοῦς
383 1807 493 1891 ώσπερ
518 1814 551 1875 οί
562 1816 731 1895 Γίγαντες.
770 1807 840 1877 ἄλλ’
854 1809 905 1878 ὅτι
920 1813 982 1896 μὲν
1000 1808 1040 1896 δη
1057 1807 1158 1877 οῦδὲν

154 1909 333 1998 ἠδίκησθε,
350 1899 504 1993 ώἙρμη,
519 1905 602 1991 πρὸς
617 1911 699 1996 ἐμοῦ
709 1912 764 1978 καὶ
775 1917 843 1978 τών
854 1917 962 1997 ἔργων
973 1920 1042 1979 τών
1054 1912 1157 1997 ἐμών,

156 2014 274 2096 δῆλον·
295 2002 316 2090 ἢ
332 2001 375 2072 σδ
391 2010 499 2084 δεῖξον
516 2002 581 2073 κᾶν
597 2009 634 2073 έν
649 2036 680 2075 τι
695 2008 911 2094 μικρότατον,
928 2005 1019 2095 κάγώ
1031 2006 1159 2094 σιωπή-

155 2129 255 2192 σομαι
272 2106 327 2172 καί
341 2108 452 2171 δίκαιοι
468 2109 583 2190 ἐσομαι
597 2102 778 2185 πεπονθώς
794 2103 877 2190 πρὸς
893 2105 999 2193 ὑμῶν.
1035 2112 1084 2173 14.
1108 2104 1157 2173 ὅτι

88 2221 137 2277 197
158 2206 194 2274 δὲ
211 2208 265 2275 καὶ
275 2203 417 2291 χρήσιμα
427 2210 530 2270 ταῦτα
540 2207 713 2291 γεγένηται
724 2220 791 2284 τοῖς
801 2216 909 2291 θεοῖς,
921 2204 1028 2285 οῦτως
1038 2201 1082 2273 δν
1093 2204 1160 2291 μοί-

155 2314 247 2387 θοις,
271 2308 300 2369 εἰ
317 2304 522 2389 ἐπιβλέψειας
542 2299 675 2369 ἅπασαν
696 2300 757 2388 τὴν
777 2309 842 2389 γῆν
860 2301 968 2371 οὐκέτ’
985 2299 1157 2389 αὐχμηρὰν

156 2404 211 2471 καὶ
225 2399 335 2486 ἆκαμη
350 2392 474 2485 οὖσαν,
491 2397 574 2469 ἀλλὰ
587 2401 704 2469 πόλεσι
717 2405 773 2469 καὶ
787 2408 961 2487 γεωργίαις
976 2403 1032 2469 καὶ
1042 2413 1161 2487 φυτοῖς

155 2499 290 2588 ἡμέροις
307 2500 616 2584 διακεκοσμημένην
632 2500 688 2567 καὶ
704 2496 766 2585 την
782 2500 954 2567 θάλατταν
972 2499 1161 2584 πλεομένην

156 2602 211 2668 καὶ
231 2596 290 2676 τοὶς
309 2596 432 2683 νήσους
448 2600 725 2684 κατοικουμένας,
752 2595 945 2683 ἁπανταχοῦ
966 2596 1002 2665 δὲ
1025 2591 1162 2681 βωμονς

157 2700 211 2765 καλ
226 2702 348 2773 θυσίας
363 2697 418 2762 καὶ
434 2693 538 2773 ναοῦς
552 2698 607 2764 καὶ
621 2696 840 2781 πανηγύρεις·

401 2794 515 2877 μεσταὶ
530 2791 566 2859 δὲ
580 2790 665 2871 Διὸς
679 2801 782 2860 πᾶσαι
795 2792 858 2878 μὲν
872 2788 996 2877 αἰγυιαί,

156 2983 294 3071 καὶγὰρ
316 2992 346 3053 εί
365 2988 426 3073 μὲν
443 2990 573 3077 ἐμαυτῷ
596 2990 689 3077 μόνῳ
710 2996 816 3074 κτῆμα
838 2994 937 3055 τοῦτο
955 2987 1162 3072 ἐπλασάμην,

158 3086 397 3153 ἐπλεονέκτουν
408 3095 497 3172 ἴσως,
509 3087 630 3153 νυνίδὲ
639 3092 684 3164 είς
695 3085 731 3154 τὸ
742 3083 859 3154 κοινδν
871 3088 984 3172 φέρων
992 3088 1163 3169 κατέθηκα

158 3180 239 3268 ὑμῖν
259 3181 386 3261 αὐτοῖς·
411 3184 589 3270 μᾶλλονδὲ
609 3182 694 3264 Διὸς
715 3185 777 3271 μέν
799 3186 854 3253 καὶ
875 3182 1080 3260 ’Λπόλλωνος
1106 3184 1162 3249 καί

159 3276 262 3364 Ἥρας
274 3284 328 3351 καί
345 3289 407 3350 σοῦ
424 3286 475 3369 δέ,
498 3275 525 3350 ώ
541 3280 656 3369 Ἐρμῇ,
676 3281 761 3360 νεώς
774 3287 857 3350 ίδεϊν
871 3287 1064 3366 ἁπανταχοῦ
1080 3283 1162 3366 ἐστι,

158 3382 365 3469 Προμηθέως
385 3384 422 3449 δὲ
443 3379 602 3469 οῦδαμοῦ.
636 3377 716 3467 ὁρᾷς
736 3378 826 3458 ὅπως
841 3375 882 3446 τὰ
904 3381 1049 3465 ἐμαυτοῦ
1071 3377 1160 3463 μόνα
