2550 3825
387 179 525 242 emm
548 179 809 242 ΔΙΑΛΟΓΟΙ.
1055 171 1098 236 89

573 342 623 405 11.

263 456 550 510 εσΡοΛΙΤΗΣ
575 458 659 509 Κκι
682 456 929 510 ΣΕΛΗΝΗΣ.

181 567 209 631 1.
231 570 331 632 ΑΦΡ.
355 569 396 632 Τί
404 570 523 650 ταῦτα,
536 554 724 650 άΣελήνη,
736 567 817 648 φασί
829 578 936 631 ποιεῖν
946 584 1000 644 σε;
1016 560 1100 631 ὑπά-

97 689 159 729 ταν
180 658 262 728 κατά
282 658 344 746 τὴν
364 667 492 746 Καρίαν
512 662 610 748 γένη,
638 661 769 729 ίστάναι
788 667 849 745 μέν
870 681 908 728 σε
927 659 963 728 τὸ
987 663 1100 747 ζεῦγος

96 759 279 846 ἀφορῶσαν
290 761 323 837 ές
334 756 394 826 τὸν
406 756 610 844 Ἐνδυμίωνα
625 759 837 827 καθεύδοντα
847 759 1031 844 ὑπαίθριον
1042 757 1100 827 άτε

96 861 284 944 κυνηγέτην
304 856 401 943 ὄντα,
426 861 530 926 ένίοτε
545 856 581 924 δέ
596 859 652 924 καὶ
667 863 879 944 καταβαίνειν
899 855 978 940 παρ’
996 854 1100 924 αάτδν

96 959 133 1023 ἐκ
148 957 249 1041 μέσης
265 963 322 1042 τῆς
337 953 435 1037 ὁδούς

181 1061 279 1121 zm.
297 1052 436 1141 Ἐρώτα,
460 1047 486 1121 ὦ
503 1053 696 1140 Ἀφροδίτη,
721 1051 781 1121 τὸν
795 1051 858 1120 σδν
873 1052 966 1139 νίόν,
990 1052 1028 1132 ὅς
1043 1078 1100 1140 μοι

97 1153 228 1220 τούτων
245 1161 357 1246 αἴτιος.

183 1257 281 1318 ΑΦΡ.
297 1249 373 1319 Ἔα·
395 1254 520 1331 ἐκεῖνος
530 1249 689 1340 ὑβριστής
705 1251 809 1318 ἐστιν·
830 1249 886 1336 ἐμὲ
899 1258 984 1336 γοῦν
997 1247 1103 1336 αὑτὴν

96 1347 160 1436 τὴν
170 1353 294 1434 μητέρα
308 1345 361 1417 ola
372 1351 548 1436 δέδρακεν,
571 1349 646 1433 άρτι
655 1348 718 1434 μὲν
729 1350 762 1426 ές
773 1346 934 1435 τηνἼδην
948 1350 1103 1435 κατάγων

96 1443 246 1532 Ἀγχίσου
267 1447 366 1514 ἕνεκα
379 1455 439 1516 τοὺ
458 1447 593 1534 Ἰλιέως,
617 1447 692 1533 άρτι
707 1448 743 1514 δὲ
760 1450 792 1525 ές
812 1444 871 1515 τδν
884 1455 1034 1535 Λίβανον
1051 1439 1103 1515 ἐπὶ

101 1546 135 1613 τὸ
149 1542 326 1627 Ἀσσύριον
337 1548 443 1614 έκεῖνο
455 1547 640 1633 μειράκιον,
654 1543 674 1612 ὑ
684 1548 737 1612 καὶ
748 1553 788 1634 τῇ
800 1547 1015 1633 Φερσεφάττῃ
1027 1549 1105 1614 έπέ-

97 1666 223 1731 ραστον
237 1646 377 1732 ποιήσας
394 1650 425 1728 ἐξ
440 1647 590 1735 ἡμισείας
604 1643 759 1730 ἀφείλετό
780 1671 820 1729 με
840 1642 901 1711 τόν
916 1643 1099 1730 ἐρώμενον·
1119 1656 1171 1710 232

99 1743 186 1812 ὥστε
197 1743 357 1822 πολλάκις
370 1741 547 1832 ἠπείλησα,
566 1750 596 1812 εί
605 1740 649 1829 μὴ
665 1739 826 1808 παύσεται
838 1750 974 1809 τοιαῦτα
984 1748 1101 1828 ποιων,

96 1842 236 1911 κλάσειν
247 1843 309 1928 μὲν
320 1840 426 1910 αὑτοῦ
440 1840 480 1910 τά
494 1844 572 1924 τόξα
584 1844 639 1910 καί
652 1838 715 1927 τὴν
730 1843 914 1927 φαρέτραν,
929 1842 1104 1929 περιαιρη-

99 1966 172 2011 σειν
193 1942 229 2009 δὲ
242 1945 298 2009 καὶ
314 1940 354 2008 τά
369 1941 473 2027 πτερά
482 1970 489 1982 ·
511 1941 573 2029 ἤδη
590 1944 693 2010 δὲκαὶ
712 1940 839 2026 πληγάς
854 1940 943 2032 αὑτῷ
958 1944 1104 2010 ἐνέτεινα

99 2043 134 2120 ές
146 2039 206 2120 τάς
220 2037 328 2127 πυγάς
340 2048 385 2131 τῷ
397 2042 566 2133 σανδάλῳ·
590 2039 607 2108 ὁ
620 2039 656 2108 δὲ
668 2037 732 2108 οὑκ
743 2038 806 2106 οἷδ’
823 2039 912 2119 ὅπως
922 2039 959 2107 τὰ
971 2066 1103 2127 παραυ·-

98 2146 173 2209 τίκα
189 2138 305 2217 δεδιὺς
320 2140 375 2207 καί
389 2140 547 2207 ίκετεάων
558 2137 629 2226 μετ’
642 2136 757 2224 ὀλίγον
774 2141 979 2224 ἐπιλέλησται
994 2137 1104 2206 ὑπάν-

1 2304 2 2313 ,
98 2263 176 2305 των.
210 2242 239 2304 2.
263 2234 345 2321 άτάρ
358 2241 429 2305 είπέ
440 2263 512 2323 μοι,
531 2237 630 2315 καλὸς
645 2235 663 2304 ὑ
676 2235 859 2322 Ἐνδυμίων
873 2241 977 2317 έστίν;
1001 2236 1105 2305 εὑπα-

102 2338 302 2423 ραμάθητον
315 2333 379 2420 γάρ
396 2334 501 2414 οὑτως
515 2334 551 2402 τό
569 2336 692 2402 δεινόν.

187 2444 285 2505 ΣΕΛ.
303 2432 391 2520 Ἐμοὶ
405 2435 467 2520 μὲν
483 2437 537 2501 καὶ
552 2434 644 2501 πάνυ
661 2433 777 2516 καλός,
797 2426 1029 2519 άἈφροδίτη,
1046 2438 1105 2501 δο-

101 2550 168 2620 κεῖ,
185 2537 240 2602 καὶ
255 2534 396 2621 μάλιστα
411 2530 492 2600 ὅταν
507 2528 759 2619 ὑποβαλόμενος
775 2533 827 2600 ἐπὶ
841 2540 898 2619 τῆς
912 2525 1033 2618 πέτρας
1044 2530 1106 2617 τὴν

101 2633 253 2718 χλαμύδα
277 2630 428 2717 καθεὺδη
448 2638 489 2716 τῇ
509 2636 587 2718 λαιᾷ
600 2629 663 2715 μὲν
684 2635 768 2715 ἔχων
783 2629 822 2697 τά
837 2629 976 2701 άκόντια
989 2631 1052 2718 ἤδη
1069 2634 1105 2699 ἐκ

101 2737 159 2817 τῆς
168 2726 279 2815 χειρὸς
294 2724 519 2814 ὑπορρέοντα,
542 2725 564 2815 ἡ
579 2725 669 2808 δεξιά
691 2731 728 2795 δὲ
744 2732 818 2812 περί
832 2728 894 2816 τὴν
908 2728 1059 2817 κεφαλὴν
1074 2733 1106 2808 ές

102 2826 140 2896 τδ
161 2826 233 2895 άνω
253 2829 512 2913 ἐπικεκλασμένη
526 2829 690 2917 έπιπρὲπη
707 2835 753 2917 τῷ
773 2830 939 2919 προσείπω
960 2854 1107 2915 περικει-

2 2972 6 2999 2
104 2928 202 3014 μένη,
219 2922 236 2994 ὑ
252 2927 290 2993 δὲ
306 2922 371 2994 ὑπὸ
387 2934 448 2993 τοῦ
458 2924 570 2993 ὕπνου
581 2928 760 3011 λελυμένος
771 2923 920 3017 άναπνέη
930 2924 966 2995 τδ
979 2924 1107 3014 άμβρά-

105 3047 178 3093 σιον
200 3028 307 3095 έκεῖνο
325 3019 448 3111 ἆσθμα.
477 3025 551 3092 τότε
566 3030 684 3092 τοίνυν
705 3022 769 3108 έγιὺ
785 3022 931 3112 άφοφητὶ
947 3031 1107 3092 κατιοῦσα

106 3120 154 3189 ἐπ’
170 3121 286 3209 άκρων
295 3130 363 3190 τῶν
375 3124 550 3192 δακτύλων
564 3130 740 3210 βεβηκυῖα,
759 3120 803 3201 ὡς
816 3119 859 3191 άν
869 3121 913 3210 μὴ
925 3121 1108 3207 άνεγρόμε-

107 3245 161 3299 νος
177 3224 395 3307 ἐκταραχθείη
404 3260 448 3273 -
458 3219 573 3289 οἶσθα·
596 3229 630 3287 τί
641 3213 705 3287 οὑν
719 3218 762 3287 άν
774 3241 827 3288 σοι
838 3222 965 3306 λέγοιμι
975 3221 1015 3287 τά
1025 3216 1106 3306 μετά

107 3328 223 3403 ταὺτας
244 3318 332 3408 πλὴν
350 3317 542 3406 ἀπόλλυμαί
554 3344 592 3404 γε
610 3316 675 3385 ὑπὸ
691 3326 754 3385 τοῦ
769 3323 898 3402 ἔρωτος.
