2550 3825
342 158 471 219 ΔΙΚΗ
492 154 827 218 ΦΩΝΗΕΝΤΩΝ.
1040 153 1081 213 31

89 321 245 404 ίπεχείρει
260 317 501 405 τετταράκοντα
515 319 625 401 λέγειν
640 312 848 397 ἀποστεροῦν
862 322 985 402 μετόν
999 334 1083 399 συγ-

89 418 317 503 γεγενημένων
344 440 412 501 μοι,
443 413 629 499 συνήθειαν
658 410 753 501 ςόμην
779 417 1083 500 συντεθραμμένων

90 514 304 601 γραμμάτων·
328 518 375 581 έτι
396 511 432 580 δέ
448 510 591 597 τήμερον
612 513 667 579 καὶ
682 508 721 579 τά
738 510 838 596 ὅμοια
851 514 1084 597 ἐπισπώμενον

91 616 156 681 ίδια
173 612 267 678 ταυτὶ
278 613 405 696 λέγειν,
426 612 481 677 καὶ
492 606 605 675 οίστὸυ
621 602 666 695 ήν
679 633 736 694 μοι
751 606 788 676 τό
803 608 956 696 ἀκονσμα
969 610 1025 676 καὶ
1042 604 1083 675 οὐ

89 707 177 775 πάνυ
190 734 223 774 τι
236 708 426 792 ἐδακνόμην
447 703 493 773 ἐπ’
515 704 637 784 αὐτοῖς.
681 712 711 773 8.
734 703 834 775 ὁπότε
851 708 886 775 δέ
902 710 938 775 ἐκ
955 706 1084 775 τούτων
1104 718 1138 772 92

90 804 276 890 ἀρξάμενον
293 804 450 890 ἐτόλμησε
465 812 656 886 καττίτερον
678 809 782 871 εἰπεῖν
796 806 851 872 καὶ
865 804 1014 890 κάττυμα
1028 806 1083 870 καί

88 909 220 985 πίτταν,
244 898 311 968 εἶτα
333 899 588 985 ἀπερυθριᾶσαν
610 905 665 968 καλ
684 908 875 988 βασίλιτταν
898 900 1082 988 ὀνομάζειν,

4 1030 5 1035 ’
89 997 128 1068 ού
150 1006 289 1085 μετρίως
305 1002 357 1067 ἐπὶ
371 999 501 1077 τούτοις
513 996 690 1083 ἀγανακτῶ
703 1000 758 1066 καὶ
773 1005 962 1085 πίμπραμαι
976 996 1084 1076 δεδιὸς

8 1136 18 1157 ι
89 1095 131 1183 μή
149 1104 195 1183 τῷ
209 1096 320 1183 χρόνῳ
341 1098 396 1163 καὶ
416 1092 455 1161 τά
481 1102 567 1162 σύκα
586 1095 672 1161 τῦκά
695 1122 744 1173 τις
765 1092 922 1184 ὀνομάσῃ.
952 1104 1010 1165 καί
1027 1121 1084 1182 μοι

87 1192 170 1279 πρός
187 1190 272 1271 Διὸς
286 1190 477 1277 ἀθυμοῦντι
497 1194 552 1261 καὶ
565 1195 791 1283 μεμονωμένῳ
809 1202 877 1261 τῶν
891 1193 1083 1281 βοηθησόν-

89 1317 155 1359 των
176 1290 347 1375 σύγγνωτε
368 1297 426 1375 τής
450 1295 577 1368 δικαίας
597 1286 713 1376 ὀργῆς·
742 1288 783 1356 ού
801 1290 865 1374 γάρ
886 1294 961 1374 περὶ
982 1287 1083 1375 μικρά

88 1392 141 1459 καὶ
153 1387 196 1472 τά
208 1389 351 1475 τυχόντα
368 1390 456 1457 ἐστὶν
474 1386 491 1457 ὁ
510 1392 678 1474 κίνδυνος,
691 1386 929 1477 ἀφαιρουμένῳ
941 1396 1008 1455 τῶν
1022 1411 1083 1456 συ-

87 1488 205 1573 νήθων
216 1489 271 1555 καὶ
287 1486 577 1572 συνεσχολακότων
588 1512 645 1570 μοι
658 1487 850 1572 χρημάτων·
873 1492 992 1553 κίσσαν
1002 1512 1079 1572 μου,
1099 1502 1134 1559 93

91 1585 191 1655 λάλον
211 1582 348 1669 όρνεον,
375 1586 411 1651 ἐκ
428 1586 539 1670 μέσων
565 1581 609 1661 ὡς
635 1589 713 1662 έπος
736 1590 841 1652 εἰπεῖν
857 1591 926 1651 τῶν
948 1583 1085 1651 κόλπων

88 1682 244 1766 ἁρπάσαν
264 1690 378 1751 κίτταν
401 1680 591 1767 ὠνόμασεν·
620 1679 772 1766 ἀφείλετο
800 1685 839 1749 δέ
864 1706 930 1767 μον
951 1681 1086 1766 φάσσαν

4 1848 5 1855 ,
87 1780 156 1867 ἀμα
170 1781 309 1866 νήσσαις
323 1783 424 1849 τεκαὶ
438 1781 621 1866 κοσσύφοις
634 1778 904 1866 ἀπαγορεύοντος
914 1777 1086 1864 Ἀριστάρω

86 1904 165 1966 χου·
188 1882 386 1964 περιέσπασε
410 1881 445 1945 δὲ
467 1880 522 1946 καὶ
537 1886 703 1965 μελισσῶν
724 1876 786 1948 οὐκ
802 1876 929 1964 όλίγας·
952 1873 999 1946 ἐπ’
1014 1876 1086 1946 Ἀτ-

84 1975 185 2064 τικήυ
204 1978 240 2045 δέ
259 1970 345 2063 ήλθε
366 1980 422 2044 καὶ
441 1980 477 2045 ἐκ
498 1982 597 2064 μέσης
618 1975 719 2065 αὐτῆς
741 1976 934 2065 ἀνήρπασεν
951 1974 1085 2064 ἀνόμως

86 2071 241 2161 Τμηττόν
255 2072 414 2158 ὁράυτων
430 2072 527 2159 ὑμῶν
542 2080 679 2144 καὶτῶν
694 2075 806 2146 ἀλλων
820 2083 1009 2163 συλλαβῶν.
1054 2083 1083 2144 9.

5 2213 7 2224 ν
84 2170 170 2242 ἀλλά
185 2179 220 2242 τί
230 2175 315 2258 λέγω
325 2178 446 2253 ταύτας
460 2178 643 2252 Θεσσαλίας
653 2198 693 2258 με
705 2176 858 2261 ἐξέβαλεν
868 2172 947 2258 ὅλης
960 2183 1085 2242 Θεττα·
1105 2195 1141 2251 94

85 2276 162 2338 λίαν
181 2266 296 2350 ἀξιοῦν
310 2270 431 2352 λέγειν,
448 2270 503 2337 καὶ
517 2275 629 2336 πάσαν
643 2269 858 2338 ἀποκέκλεικέ
870 2295 926 2353 μοι
939 2269 1002 2356 τήν
1016 2271 1086 2339 δά-

84 2376 216 2438 λασσοιυ
233 2363 311 2436 οὐδὲ
327 2373 395 2432 τῶν
420 2367 457 2432 έν
477 2365 594 2452 κήποις
617 2368 822 2454 φεισάμενον
845 2374 1023 2452 σευτλίων,
1042 2366 1087 2447 ὡς

84 2462 122 2531 τό
142 2460 183 2550 δή
202 2463 385 2549 λεγόμενον
399 2462 482 2549 μηδὲ
496 2464 671 2532 πάσσαλόν
686 2489 742 2549 μοι
756 2473 956 2532 καταλιπεῖν.
982 2462 1034 2532 ότι
1050 2468 1085 2532 δέ

83 2558 284 2642 ἀνεξίκακόν
299 2566 365 2646 είμι
377 2562 524 2647 γράμμα,
538 2565 734 2648 μαρτυρεῖτέ
743 2586 800 2647 μοι
814 2565 869 2628 καὶ
878 2558 973 2630 αὐτοὶ
983 2565 1085 2648 μηδέ·

84 2683 169 2726 ποτε
186 2659 400 2742 ἐγκαλέσαντι
421 2664 466 2747 τῷ
482 2663 558 2744 ζῆτα
576 2658 771 2745 σμάραγδον
785 2656 1015 2729 ἀποσπάσαντι
1030 2664 1085 2729 καί

83 2764 200 2824 πᾶσαν
217 2753 413 2847 ἀφελομένφ
437 2758 613 2843 Σμύρναν,
639 2758 722 2843 μηδὲ
736 2767 782 2848 τῷ
797 2763 836 2838 ξύ
850 2765 962 2825 πάσαν
977 2784 1087 2846 παρα-

82 2854 186 2941 βάντι
217 2853 396 2942 συνθήκην
425 2855 481 2922 καὶ
513 2854 573 2923 τόν
603 2859 798 2942 συγγραφέα
831 2864 899 2923 τῶν
924 2856 1088 2925 τοιούτων

82 2959 198 3038 ἔχοντι
211 2954 426 3037 Θουκυδίδην
448 2952 637 3039 σύμμαχον·
666 2964 713 3045 τῷ
728 2955 789 3041 μὲν
804 2951 868 3040 γάρ
884 2962 1011 3040 γείτονί
1021 2983 1087 3042 μου

81 3051 131 3136 βω
145 3049 328 3136 νοσήσαντι
342 3049 533 3136 σνγγνάμη,
545 3053 600 3120 καὶ
614 3049 690 3136 παρ’
702 3050 791 3143 αύτῷ
803 3053 1010 3138 φυτεύσαντί
1019 3081 1086 3141 μου
1107 3077 1140 3132 95

80 3145 144 3226 τάς
170 3152 336 3233 μυρρίνας
358 3150 413 3215 καὶ
439 3154 597 3216 παίσαντί
620 3152 665 3235 μέ
682 3174 761 3218 ποτε
782 3146 848 3217 ὑπό
871 3158 1086 3237 μελαγχολίας

81 3244 138 3314 ε’πί
149 3243 284 3330 κόρρης.
303 3241 394 3332 κάμοὶ
407 3245 468 3331 μὲν
479 3252 642 3314 τοιοῦτον.
668 3253 717 3315 10.
730 3247 765 3315 τό
778 3249 814 3316 δὲ
825 3257 888 3314 ταῦ
898 3256 996 3317 τοῦτο
1008 3270 1088 3317 σκο-

79 3349 205 3430 πῶμεν
221 3337 265 3420 ὦς
283 3340 385 3427 φύσει
398 3349 509 3430 βίαιον
527 3344 581 3411 καὶ
596 3341 731 3430 πρόςτά
746 3344 855 3414 λοιπά.
886 3344 938 3414 ὅτι
954 3346 990 3414 δέ
1006 3352 1085 3416 ουδὲ
