2550 3825
182 211 245 274 ³46
543 220 831 278 AOTKIANOY

114 387 164 444 757
184 371 201 439 ὁ
218 372 340 460 πάγων
351 375 462 462 βαθύς
476 382 531 446 καῖ
543 381 580 446 ἐν
592 385 661 468 χρῷ
675 374 696 464 ἡ
710 378 834 460 κονρά;
848 382 902 446 καῖ
916 379 999 465 πρός
1015 405 1052 446 το
1066 376 1192 448 λοιπόν

183 468 248 556 ἀρα
270 476 395 558 ἔχωμεν
415 477 548 542 τουτονί
574 474 701 541 κανόνα
722 475 777 541 καὶ
797 476 951 562 στάθμην
973 476 1094 564 ἀκριβῆ
1119 483 1190 544 τῶν

180 571 360 656 τοιούτων,
383 570 426 652 ως
444 572 638 660 Ἑρμότιμός
657 593 756 659 φησι,
776 575 832 641 καὶ
846 573 907 661 χρὴ
927 573 994 642 ἀπδ
1011 575 1190 661 σχημάτων

182 671 236 737 καὶ
247 670 460 756 βαδισμάτων
470 675 523 740 καὶ
534 679 659 756 κουρᾶς
669 677 923 758 διαχηνοσκειν
931 671 1010 753 τούς
1018 672 1188 759 ἀρίστους,

182 767 219 847 ός
240 767 271 836 δ’
292 765 336 835 ἀν
352 768 396 855 μὴ
418 775 473 858 ἔχη
488 777 591 838 ταῦτα
611 771 694 857 μηδὲ
710 766 912 855 σκυθρωπός
932 764 956 859 ᾖ
975 775 1030 838 καὶ
1046 797 1189 855 φροντι-

182 863 293 944 στικός
314 863 350 934 τό
372 866 570 952 πρόσωπον,
595 865 876 953 ἀποδοκιμαστέος
892 869 947 936 καὶ
966 867 1187 954 ἀποβλητέος;

183 970 232 1031 19.
249 962 322 1032 ἀλλ’
335 963 397 1049 όρα
408 963 452 1051 μὴ
465 967 520 1033 καὶ
530 972 652 1050 ταῦτα,
669 956 696 1031 τό
709 963 895 1051 Ἑρμότιμε,
914 971 1036 1047 παίζεις
1047 966 1133 1049 πρός
1146 991 1187 1052 με

181 1061 385 1146 πειρώμενος
399 1069 430 1131 εί
443 1063 691 1148 ἐξαπατώμενος
704 1067 850 1148 συνίημι.

265 1164 367 1224 ΕΡΜ.
390 1156 459 1228 Διά
472 1166 506 1226 τί
516 1157 606 1227 τοῦτ’
623 1166 772 1245 ἔφησθας

266 1263 365 1324 ΛΤΚ.
386 1254 472 1343 Ὅτι,
499 1249 627 1343 ἀγαθέ,
654 1255 864 1344 ἀνδριάντων
886 1257 1011 1344 ταύτην
1037 1259 1185 1336 ἐξέτασιν
1256 1308 1257 1337 ,

181 1356 286 1438 λέγεις
299 1351 360 1440 τὴν
376 1351 440 1421 ἀπδ
457 1361 524 1422 τῶν
538 1354 732 1441 σχημάτων·
755 1353 844 1441 παρά
859 1352 946 1423 πολύ
962 1361 1048 1438 γοῦν
1062 1357 1185 1423 ἐκεῖνοι

182 1449 473 1538 εὐσχημονέστεροι
487 1455 542 1521 καὶ
552 1450 610 1531 τάς
620 1450 787 1539 ἀναβολάς
796 1451 1030 1539 κοσμιώτεροι,
1044 1456 1184 1520 Φειδίου

180 1549 271 1629 τινός
285 1546 537 1638 ἢἈλκαμένους
556 1546 762 1637 ἢΜύρωνος
777 1550 860 1637 πρὸς
877 1547 915 1617 τό
932 1548 1184 1636 εὐμορφότατον

181 1647 381 1726 είκάσαντος.
405 1655 435 1716 εί
447 1648 483 1716 δὲ
497 1650 552 1716 καὶ
566 1645 616 1715 ὅτι
630 1648 771 1733 μάλιστα
789 1645 849 1734 χρὴ
865 1654 1101 1733 τεκμαίρεσθαι
1113 1661 1184 1724 τοῖς

180 1745 360 1830 τοιούτοις,
374 1751 409 1812 τί
419 1741 463 1811 ἀν
477 1745 581 1813 πάθοι
599 1771 666 1829 τις,
682 1751 712 1813 εί
724 1743 850 1831 τυφλός
866 1740 915 1812 ἀν
928 1749 1109 1831 ἐπνθυμοίη
1123 1771 1183 1829 φι-

180 1851 352 1925 λοσοφεῖν;
370 1848 416 1933 τῷ
431 1847 557 1933 διαγνῷ
570 1840 631 1909 τόν
647 1839 709 1929 τὴν
724 1842 850 1931 ἀμείνω
865 1848 1059 1931 προαίρεσιν
1075 1867 1183 1931 προη-

181 1940 327 2024 ρημένον
342 1936 419 2005 οὔτε
435 1945 542 2025 σχῆμα
557 1938 634 2007 ούτε
646 1941 792 2027 βάδισμα
806 1938 890 2027 ὁρᾶν
905 1942 1108 2028 δυνάμενος;
1257 1973 1258 2006 1

113 2056 163 2111 758
264 2043 367 2104 ΕΡΜ.
397 2035 484 2105 Ἀλλ’
507 2042 618 2124 ἔμοιγε
639 2035 681 2105 ού
701 2036 785 2126 πρός
799 2036 949 2125 τυφλούς
970 2036 989 2106 δ
1009 2040 1126 2125 λόγος,
1154 2030 1181 2105 ἀ

178 2141 320 2219 Λυκῖνε,
338 2132 420 2203 ούδέ
432 2160 488 2221 μοι
502 2139 592 2221 μέλει
606 2142 674 2202 τῶν
689 2138 863 2204 τοιούτων.
1257 2139 1258 2162 ³

263 2238 362 2301 AYK.
381 2230 498 2319 Ἐχρῆν
507 2236 579 2320 με’ν,
596 2227 623 2300 ά
635 2238 764 2320 χρηστέ,
781 2234 900 2303 κοινόν
912 2260 944 2301 τι
957 2230 994 2301 τό
1009 2234 1182 2319 γνώρισμα

179 2330 346 2399 εἶναιτῶν
366 2328 454 2400 οὕτω
475 2332 630 2417 μεγάλων
644 2334 699 2400 καὶ
715 2330 818 2399 ἀπασι
836 2338 1015 2418 χρησίμων.
1049 2330 1137 2417 πλὴν
1153 2339 1184 2400 εί

179 2434 285 2513 δοκεῖ,
303 2434 337 2497 οί
348 2432 409 2513 μὲν
421 2433 481 2509 ἔξω
494 2427 574 2517 ἡμῖν
585 2438 784 2516 φιλοσοφίας
798 2432 987 2515 μενέτωσαν
1000 2434 1035 2497 οί
1047 2438 1180 2516 τυφλοί,

179 2530 311 2611 ἐπείπερ
331 2526 414 2612 μηδὲ
435 2524 539 2611 δρῶσι
554 2570 596 2581 -
611 2535 717 2596 καίτοι
732 2526 915 2615 ἀναγκαῖον
929 2519 973 2613 ἦν
985 2540 1054 2606 τοῖς
1065 2529 1181 2595 τοιού-

178 2648 247 2702 τοις
267 2624 408 2710 μάλιστα
423 2633 638 2711 φιλοσοφεῖν,
665 2623 709 2703 ὥς
727 2626 771 2712 μὴ
786 2626 878 2693 πάνυ
892 2624 1051 2711 άχθοιντο
1074 2626 1127 2693 ἐπὶ
1140 2632 1181 2713 τῇ

178 2726 337 2809 συμφορᾷ
350 2760 408 2805 -,
431 2725 465 2788 oc
477 2722 512 2789 δὲ
530 2721 569 2808 δὴ
587 2727 780 2811 βλέποντες,
801 2722 867 2793 κάν
886 2724 978 2791 πάνυ
993 2721 1181 2808 ὀξυδερκεῖς

179 2809 255 2901 οἷσι,
277 2823 312 2883 τί
323 2813 366 2883 ἀν
382 2817 539 2887 δύναιντο
555 2828 705 2890 συνιδεῖν
718 2829 785 2889 τῶν
802 2830 858 2908 τῆς
871 2828 978 2907 ψυχῆς
992 2818 1058 2888 ἀπό
1070 2845 1110 2906 με
1122 2829 1181 2906 τῆς

178 2916 305 2992 ἔξωθεν
327 2913 449 2999 ταύτης
471 2926 665 3005 περιβολῆς;
703 2926 753 2988 20.
782 2917 801 2989 δ
822 2921 858 2987 δὲ
879 2919 1044 3006 βούλομαι
1063 2924 1180 3005 εἰπεῖν,

177 3010 307 3079 τοιόνδε
328 3012 432 3096 ἐστίν,
459 3011 519 3098 ούχ
540 3013 590 3083 ότι
612 3025 670 3102 τῆς
691 3017 826 3103 ννιόμης
846 3025 914 3084 των
934 3013 1068 3101 ἀνδρων
1083 3022 1181 3102 ἔρωτι

177 3109 333 3199 προσῄεις
346 3106 458 3188 αὐτοῖς
472 3114 526 3179 καὶ
539 3110 652 3199 ἠξίους
666 3114 811 3202 ἀμείνων
825 3122 1000 3203 γίγνεσθαι
1017 3118 1049 3193 ἐς
1065 3114 1106 3183 τά
1121 3124 1181 3202 τῆς

175 3208 328 3295 ννόνιει

259 3313 362 3376 τινα.
385 3310 451 3377 Καὶ
465 3309 561 3393 μάλα.

260 3409 359 3470 AYK.
379 3411 458 3482 Πῶς
472 3398 537 3472 ούν
552 3400 624 3471 οἷόν
637 3409 677 3473 τί
687 3428 740 3476 σοι
753 3400 796 3495 ἦν
807 3405 868 3493 ἀφ’
883 3401 931 3476 ὦν
945 3416 1079 3497 δφησδα
1094 3412 1176 3478 ἐκεί-
