2550 3825
241 178 522 236 ΜΕΝΙΠΠΟΣ
539 180 576 237 Η
590 180 1008 241 ΝΕΚΤΟΜΑΝΤΕΙΑ.
1065 175 1124 239 197

126 336 268 422 εἱπόμην
283 338 318 404 δὲ
334 335 397 423 ἐγω
413 334 555 405 κατόπιν
569 337 723 423 ἐχόμενος
736 336 857 423 αὐτοῦ,
877 342 939 418 ἕως
959 338 1042 425 πρὸς
1055 348 1125 408 λει-

125 444 220 521 μῶνα
234 439 390 521 μέγιστον
406 433 643 521 ἀφικνούμεθα
661 443 707 525 τῷ
728 432 902 528 ἀσφοδέλῳ
920 438 1123 524 κατάφυτον,

125 539 211 601 ἔνθα
233 530 520 618 δήπεριεπέτοντο
543 531 628 620 ἡμᾶς
650 548 829 620 τετριγυῖαι
852 542 919 602 τῶν
939 542 1069 621 νεκρῶν
1091 538 1126 603 αί

125 639 231 699 σκιαί·
261 630 333 699 κατ’
352 629 467 718 ὀλίγον
481 631 517 699 δὶ
532 632 707 716 προιόντες
721 632 975 720 παραγινόμεθα
988 630 1072 719 πρός
1086 631 1122 700 τό

124 736 185 797 τοῦ
198 735 340 808 Μίνωος
354 728 585 817 δικαστήριον,
599 730 756 817 ἐτύγχανε
770 731 806 798 δέ
821 728 912 817 ὁμὲν
927 733 979 799 ἐπὶ
992 730 1123 813 θρόνον

125 825 216 905 τινός
226 826 360 914 ὑψηλοῦ
370 829 570 915 καθήμενος,
584 828 844 915 παρειστήκεσαν
856 829 892 897 δὶ
903 829 993 919 αὐτῷ
1003 830 1123 896 Ποιναὶ

125 926 180 993 καὶ
200 922 379 1011 ἀλάστορες
399 928 455 994 καὶ
476 923 637 1011 Ἐρινύες·
671 926 835 1012 ἑτέρωθεν
859 927 895 993 δὲ
916 925 1123 1012 προσήγοντο

126 1028 246 1091 πολλοί
251 1049 339 1102 τινες
348 1025 465 1109 ἐφεξῆς
475 1021 592 1091 ἁλύσει
603 1030 713 1112 μακρᾷ
724 1027 908 1111 δεδεμένοι,
925 1026 1074 1109 ἐλέγοντο
1088 1023 1124 1089 δέ

126 1118 211 1187 εἶναι
228 1123 336 1205 μοιχοὶ
357 1122 412 1188 καὶ
432 1122 655 1207 πορνοβοσκοὶ
677 1123 731 1187 καὶ
752 1127 890 1189 τελῶναι
912 1121 966 1187 καὶ
986 1119 1124 1196 κόλακες

124 1220 180 1285 καὶ
194 1216 403 1304 συκοφάνται
414 1220 469 1287 καὶ
479 1215 497 1286 ὁ
508 1223 658 1295 τοιοῦτος
666 1216 779 1302 όμιλος
790 1225 857 1285 τῶν
871 1217 980 1285 πάντα
991 1217 1124 1285 κυκόν-

125 1340 193 1383 των
207 1315 245 1381 ἐν
257 1321 304 1403 τῷ
318 1321 395 1405 βίφ·
417 1317 516 1401 χωρὶς
533 1316 569 1383 δὲ
585 1317 621 1382 οἵ
634 1326 671 1381 τε
682 1314 836 1382 πλούσιοι
850 1316 905 1383 καὶ
919 1314 1122 1401 τοκογλύφοι
1139 1334 1192 1392 472

125 1411 316 1499 προσῄεσαν
331 1409 429 1499 ὠχροὶ
443 1414 498 1480 καὶ
513 1412 736 1497 προγάστορες
751 1415 806 1480 καὶ
817 1418 996 1500 ποδαγροί,
1009 1412 1124 1481 κλοιόν

125 1511 263 1588 ἕκαστος
277 1507 389 1577 αὐτόν
403 1512 458 1577 καὶ
469 1510 595 1593 κόρακα
608 1509 806 1577 διτάλαντον
816 1513 1028 1597 ἐπικείμενος.
1046 1514 1124 1596 ἐφε-

126 1613 245 1685 στῶτες
255 1599 319 1674 ούν
329 1604 423 1693 ἡμεῖς
433 1607 588 1692 ἑωρῶμέν
601 1632 635 1673 τε
646 1602 686 1672 τά
696 1606 877 1691 γιγνόμενα
891 1608 945 1675 καὶ
957 1604 1124 1694 ἠκούομεν

125 1713 193 1772 τοῖν
206 1702 503 1791 ἀπολογουμένων·
526 1703 735 1789 κατηγόρουν
746 1706 782 1773 δέ
796 1704 906 1773 αὐτῶν
917 1712 1028 1773 καινοί
1036 1730 1123 1782 τινες

124 1804 178 1871 καὶ
194 1803 375 1885 παράδοξοι
390 1801 536 1889 ῥήτορες.

208 1906 299 1969 ΦΙΛ.
324 1904 420 1978 Τίνες
433 1890 543 1985 οὗτοι,
557 1896 751 1986 πρόςΛιόςγ
772 1897 815 1988 μὴ
831 1898 896 1988 γάρ
913 1896 1057 1988 όκνήσης
1069 1901 1123 1971 καὶ

123 2005 221 2066 τοῦτο
238 2004 351 2066 εἰπεῖν.

208 2102 321 2164 ΜΕΝ.
345 2093 456 2164 Οὶσθά
471 2120 539 2164 που
549 2098 685 2165 ταυτασὶ
697 2093 756 2175 τάς
769 2093 852 2181 πρός
862 2095 922 2164 τόν
932 2095 1027 2182 ἥλιον
1038 2094 1123 2164 ἀπο-

123 2198 323 2280 τελουμένας
339 2192 435 2272 σκιάς
449 2191 514 2261 ἀπὸ
531 2200 599 2261 τῶν
615 2195 794 2280 σωμάτωνγ

208 2298 297 2385 ΦΙΑ.
320 2291 421 2359 Πάνυ
432 2293 495 2378 μὲν
510 2285 584 2358 οὖν.

207 2396 319 2457 ΜΕΝ.
342 2381 450 2456 Αὗται
462 2396 594 2474 τοίνυν,
610 2386 746 2456 ἐπειδάν
761 2387 1004 2474 ἀποθάνωμεν,
1020 2415 1121 2475 κατη-

122 2492 267 2571 γοροῦσί
276 2511 312 2553 τε
328 2489 383 2553 καὶ
403 2490 691 2572 καταμαρτυροῦσι
711 2487 765 2553 καὶ
784 2487 987 2571 διελέγχουσι
1007 2482 1046 2552 τὰ
1062 2508 1122 2552 πε-

123 2587 296 2672 πραγμένα
309 2581 389 2670 ἡμίν
403 2582 493 2670 παρά
507 2581 567 2652 τόν
581 2590 673 2671 βίον,
690 2583 745 2651 καὶ
759 2583 891 2670 σφόδρα
907 2583 994 2660 τινὲς
1010 2579 1121 2650 αὐτῶν

123 2681 305 2763 ἀξιόπιστοι
322 2687 479 2750 δοκοῦσιν
489 2680 547 2750 άτε
556 2679 608 2752 ἀεὶ
621 2685 780 2762 ξυνοῦσαι
795 2683 850 2750 καὶ
866 2682 1027 2768 μηδέποτε
1041 2679 1122 2766 ἀφια

123 2779 282 2866 στάμεναι
298 2787 366 2846 τοῖν
385 2779 556 2865 σωμάτων.
590 2785 640 2848 12.
664 2776 681 2845 ὁ
697 2777 729 2845 δ’
753 2771 816 2846 ούν
831 2783 949 2856 Μίνως
962 2781 1122 2864 ἐπιμελῶς

123 2876 281 2958 ἐξετάζων
294 2875 486 2964 ἀπέπεμπεν
504 2879 645 2944 ἕκαστον
666 2878 698 2954 ἐς
712 2873 772 2944 τόν
785 2882 853 2943 τῶν
868 2873 999 2963 ἀσεβῶν
1011 2883 1121 2962 χῶρον

122 2979 220 3060 δίκην
239 2972 405 3060 ὑφέξοντα
418 2970 491 3041 κατ’
506 2970 601 3053 ἀξίαν
616 2979 684 3041 τῶν
697 2975 963 3060 τετολμημένων,
987 2975 1042 3040 καὶ
1055 2971 1120 3060 μά-
1138 2990 1189 3047 473

121 3081 217 3141 λιστα
228 3075 366 3142 ἐκείνων
377 3071 495 3160 ἥπτετο
510 3079 577 3139 τῶν
589 3074 642 3140 ἐπὶ
656 3071 810 3149 πλούτοις
822 3096 858 3138 τε
872 3073 927 3138 καὶ
942 3067 1055 3156 ἀρχαῖς
1069 3097 1123 3137 τε·

122 3171 331 3256 τυφωμένων
350 3171 405 3238 καὶ
424 3171 604 3256 μονονουχὶ
623 3172 676 3237 καὶ
701 3178 963 3254 προσκυνεῖσθαι
984 3192 1119 3254 περιμε-

122 3268 269 3354 νόντων,
286 3267 348 3355 τη’ν
362 3294 397 3336 τε
412 3266 641 3353 ὀλιγοχρόνιον
654 3265 846 3349 ἀλαζονείαν
865 3267 976 3334 αὐτῶν
990 3270 1044 3334 καὶ
1059 3263 1120 3352 τὴν

122 3364 309 3450 ὑπεροψίαν
323 3365 585 3452 μυσαττόμενος,
605 3367 660 3433 καὶ
674 3364 724 3433 ὅτι
744 3362 789 3452 μὴ
804 3368 985 3451 ἐμέμνηντο
1000 3369 1123 3451 θνητοί
