2550 3825
178 243 299 302 ΠΕΡΙ
321 243 422 304 ΤΩΝ
441 247 532 304 ΕΠ]
552 249 717 307 ΜΙΣΘΩ
735 249 1023 311 ΣΤΝΟΝΤΩΝ.
1055 245 1118 307 309

116 397 188 468 ἀλλ’
208 399 270 485 ὅρα
286 409 315 470 εί
334 403 535 488 μετριῶτερά
552 427 605 472 σοι
621 409 856 487 προστέτακται
876 413 943 473 τῶν
957 405 1115 492 Δρόμωνι

116 501 170 566 καὶ
188 507 289 588 Τιβίςο
306 506 615 588 προστεταγμένων·
640 495 688 569 ῶν
703 503 765 589 μὲν
779 500 843 588 γάρ
859 505 956 571 ἕνεκα
971 511 1038 570 τῶν
1053 529 1118 588 μα·

115 597 277 680 θημάτων
297 601 475 683 ἐπιθυμεῖν
490 600 598 685 φήσας
617 602 804 685 παρείληφέ
820 620 872 683 σε,
898 596 1012 684 ὀλίγον
1028 598 1117 686 αύτῷ

116 695 214 778 μέλει.
237 701 271 762 τί
284 694 347 780 γάρ
362 698 495 779 κοινόν,
517 703 615 783 φασί,
637 698 724 784 λύρᾳ
739 701 794 765 καὶ
808 696 892 786 ὅνῳ;
914 696 1005 763 πάνυ
1021 703 1117 782 γοῦν,

115 790 176 878 ούχ
186 791 283 882 δρᾴς;
305 797 494 881 ἐκτετήκασι
505 803 552 884 τῷ
564 795 662 886 πόθῳ
673 803 730 880 τῆς
740 793 886 880 Ὁμήρου
897 802 1016 879 σοφίας
1026 792 1049 881 ἢ
1059 802 1116 880 τῆς
1134 810 1186 864 68²

114 895 357 977 Δημοσθένους
369 894 556 978 δεινότητος
570 889 592 978 ή
604 900 660 979 τῆς
671 894 851 971 Πλάτωνος
861 894 1117 980 μεγαλοφροσύ-

115 1016 192 1076 νης,
211 983 260 1056 ῶν
274 991 317 1077 ήυ
328 1017 378 1069 τις
387 994 423 1058 ἐκ
433 997 490 1076 τῆς
504 998 610 1076 ψυχῆς
624 989 731 1078 άφέλη
741 988 778 1058 τό
790 996 928 1075 χρυσίον
939 991 993 1057 καὶ
1006 987 1043 1056 τό
1055 986 1116 1071 άρ-

114 1089 235 1174 γύριον
250 1091 305 1156 καὶ
318 1086 375 1168 τάς
389 1092 463 1174 περὶ
478 1090 605 1156 τούτων
619 1094 815 1176 φροντίδας,
831 1087 867 1156 τό
880 1089 1117 1172 καταλειπόμε·

114 1185 177 1252 νόν
191 1188 259 1252 ἐστι
274 1195 379 1272 τῦφος
393 1187 448 1254 καὶ
465 1193 607 1272 μαλακία
622 1189 677 1256 καὶ
690 1186 881 1273 ἡδυπάθεια
897 1188 952 1254 καὶ
965 1184 1117 1269 ἀσέλγεια

115 1286 169 1350 καὶ
182 1281 280 1370 ὕβρις
294 1287 348 1352 καὶ
365 1283 570 1353 ἀπαιδευσία.
600 1290 703 1354 δεῖται
719 1279 760 1372 δή
776 1304 839 1353 σου
858 1283 910 1352 ἐπ’
928 1287 1037 1352 ε’κεῑυα
1054 1283 1117 1369 μὲν

115 1377 284 1466 οὐδαμῶς,
299 1383 368 1448 ἐπεὶ
383 1384 419 1448 δὲ
433 1381 577 1466 πῶγωνα
595 1388 678 1467 ἔχεις
692 1379 807 1468 βαθύν
823 1383 878 1447 καὶ
892 1380 1011 1466 σεμνός
1025 1407 1074 1456 τις
1089 1377 1117 1445 ελ

116 1475 176 1563 τήν
193 1478 359 1561 πρόσοψιν
374 1482 429 1546 καὶ
445 1477 779 1565 ίμάτιονἙλληνικόν
801 1477 966 1555 εὐσταλῶς
983 1478 1116 1561 περιβέ-

115 1582 234 1662 βλησαι
247 1578 302 1643 καλ
316 1577 439 1654 πάντες
454 1583 546 1643 ἴσασί
556 1598 594 1643 σε
606 1571 867 1662 γραμματικδνή
882 1575 1006 1662 ῥήτορα
1020 1569 1043 1659 ή
1058 1599 1116 1658 φι·

117 1673 280 1758 λόσοφον,
306 1672 409 1742 καλὸν
424 1673 514 1763 αύτῷ
535 1680 628 1742 δοκεῖ
644 1673 867 1760 ἀναμεμῖχθαι
888 1675 942 1740 καὶ
962 1669 1116 1738 τοιοῦτόν

116 1797 189 1836 τινα
199 1785 267 1849 τοῖς
278 1780 433 1855 προϊοῦσι
443 1777 497 1840 καὶ
508 1774 805 1858 προπομπεύουσιν
816 1768 936 1838 αὐτοῦ·
953 1770 1041 1849 δόξει
1050 1766 1115 1854 γάρ

115 1869 151 1934 ἐκ
171 1868 294 1935 τούτου
317 1871 371 1937 καὶ
394 1867 584 1957 φιλομαθής
606 1877 674 1939 τῶν
689 1867 892 1956 Ἑλληνικῶν
907 1866 1116 1955 μαθημάτων

114 1969 170 2033 καλ
186 1965 271 2045 ὅλως
284 1970 358 2051 περὶ
378 1973 529 2035 παιδείαν
545 1969 739 2053 φιλόκαλος·
771 1965 854 2034 ῶστε
874 1966 1114 2048 κινδυνεύσεις,

116 2055 143 2129 ῶ
159 2077 307 2148 γενναῖε,
326 2062 399 2131 άντὶ
413 2072 480 2132 τῶν
493 2074 700 2152 θαυμαστῶν
710 2066 820 2149 λόγων
830 2062 889 2133 τόν
904 2066 1049 2151 πῶγωνα
1061 2066 1115 2130 καὶ

115 2158 174 2226 τόν
194 2166 339 2245 τρίβωνα
359 2166 613 2247 μεμισθωκέναι.
647 2159 708 2247 χρή
727 2154 789 2228 οὖν
808 2184 846 2228 σε
866 2159 916 2229 άελ
939 2160 1004 2228 σύν
1025 2168 1117 2249 αυτῷ

115 2255 259 2342 ὁρᾶσθαι
274 2261 329 2327 καὶ
340 2266 500 2346 μηδέποτε
514 2259 770 2344 ἀπολείπεσθαι,
785 2258 867 2328 άλλά
880 2262 987 2327 ἔωθεν
997 2263 1113 2339 ἐξανα-

84 2362 88 2373 “
115 2356 238 2424 στάντα
254 2363 408 2444 παρέχειν
424 2356 566 2426 σεαυτόν
586 2356 825 2445 ὀφθησόμενον
840 2361 877 2425 ἐν
891 2367 932 2447 τῇ
951 2363 1114 2444 θεραπείᾳ

115 2459 168 2525 καλ
182 2456 225 2543 μή
241 2467 349 2525 λιπεῖν
360 2457 422 2544 τήν
441 2459 541 2539 τάξιν.
570 2456 588 2526 ὁ
606 2458 642 2525 δὲ
662 2459 848 2545 ἐπιβάλλων
861 2460 967 2524 ἐνίοτέ
985 2478 1038 2523 σοι
1052 2452 1114 2539 τήν

114 2568 216 2639 χεῖρα,
234 2553 254 2622 ό
264 2584 293 2621 τι
305 2552 348 2621 άν
359 2558 456 2643 τύχη,
473 2566 569 2643 ληρεῖ
575 2570 643 2635 τοῖς
654 2556 913 2641 ἐντυγχάνουσιν
925 2553 1113 2623 ἐπιδεικνύ-

114 2679 213 2738 μενος
230 2652 274 2732 ῶς
295 2652 373 2722 ούδὲ
391 2654 458 2744 ὁδῶ
480 2661 623 2743 βαδίζων
643 2652 764 2741 άμελής
781 2657 848 2721 ἐστι
867 2661 935 2722 τῶν
950 2661 1112 2737 Μουσῶν,
1131 2669 1181 2723 683

113 2751 187 2821 ἀλλ’
204 2760 250 2833 είς
269 2752 373 2821 καλόν
397 2752 458 2839 τήν
479 2759 515 2821 ἐν
534 2763 578 2844 τῷ
595 2755 763 2844 περιπάτῳ
783 2759 964 2823 διατίθεται
982 2754 1111 2840 σχολήν.

112 2858 162 2919 26.
178 2850 220 2918 σύ
232 2849 263 2918 δ’
279 2849 395 2929 ἅθλιος
405 2851 445 2920 τά
457 2855 518 2939 μὲν
528 2852 772 2939 παραδραμών,
788 2852 827 2920 τά
840 2855 876 2920 δὲ
889 2855 997 2939 βάδην
1008 2853 1113 2919 άυαυ-

112 2976 152 3017 τα
166 2947 272 3016 πολλά
287 2954 341 3018 καὶ
356 2951 501 3019 κάταντα
513 2994 557 3005 -
573 2954 710 3038 τοιαύτη
723 2952 805 3038 γάρ,
823 2950 866 3030 ῶς
881 2951 996 3037 οἶσθα,
1016 2950 1037 3038 ἡ
1050 2952 1113 3019 πό-

112 3056 162 3126 λις
175 3089 217 3099 -
234 3047 423 3131 περιελθῶν
444 3054 588 3134 ἵδρωκάς
606 3077 642 3118 τε
660 3055 714 3119 καὶ
736 3060 930 3140 πνευστιᾷς,
956 3050 1112 3119 κάκείνον

113 3149 284 3215 ένδουτινὶ
295 3157 364 3215 τῶν
375 3156 493 3234 φίλων,
510 3148 593 3235 πρός
604 3146 645 3216 δν
656 3143 750 3235 ἦλθε,
767 3151 1014 3234 διαλεγομένου,
1030 3151 1113 3235 μηδὲ

113 3242 200 3311 ὅπου
220 3252 356 3336 καθίζης
376 3252 460 3332 ἔχων
480 3246 585 3330 όρθός
610 3246 669 3315 ὑπ’
694 3244 834 3329 άπορίας
854 3244 1114 3333 ἀναγιγνώσκεις

113 3364 149 3408 το
171 3351 301 3429 βιβλίον
323 3348 629 3432 προχειρισάμενος·
663 3347 797 3414 ἐπειδάν
817 3348 852 3411 δὲ
873 3343 989 3413 άσιτόν
1004 3374 1039 3414 τε
1058 3348 1112 3415 καλ

111 3440 237 3507 άποτον
252 3440 272 3525 ἦ
286 3440 347 3521 νύξ
364 3446 549 3533 καταλάβῃ,
565 3446 771 3531 λουσάμενος
781 3452 934 3526 πονηρῶς
946 3443 1027 3527 άωρλ
1039 3449 1113 3521 περὶ
