2550 3825
508 198 641 259 ΧΑΡΩ
649 202 687 261 Ν.
1037 198 1098 261 213

100 380 203 445 εστιν,
221 366 252 428 εί
263 359 308 447 μή
326 359 392 444 ἄρα
406 363 489 427 ἕντι
504 361 628 446 μόνον,
644 358 694 427 ότι
708 361 913 446 βαρύνονται
929 366 962 430 οί
975 363 1098 448 φέρον-

3 491 4 494 “
97 484 150 537 τις
164 454 256 526 αύτό.

179 562 284 624 ΕΡΜ.
315 554 366 624 Οῦ
384 554 449 642 γὰρ
471 554 572 623 οίσθα
589 555 663 623 ὅσοι
684 557 822 641 πόλεμοι
846 557 900 624 διὰ
921 563 1019 624 τοῦτο
1043 557 1097 624 καὶ

97 653 268 739 ἐπιβουλαὶ
278 657 334 722 καί
342 656 500 743 λῃστήρια
510 656 565 723 καὶ
577 657 739 741 ἐπιορκίαι
750 656 805 723 καί
816 656 917 741 φόνοι
927 658 982 723 καί
993 652 1097 739 δεσμὰ

1 815 2 822 ,
95 755 150 821 καί
164 761 269 831 πλοῦς
281 752 406 839 μακρός
420 756 476 820 καὶ
490 755 643 838 ἐμπορίαι
659 755 715 821 καὶ
728 757 891 834 δουλείαις

177 857 275 919 XAP.
296 848 364 919 Διὰ
384 859 499 938 τοῦτο,
522 844 687 938 ύἘρμή,
708 848 745 919 τό
763 849 807 938 μή
830 850 917 920 πολύ
937 858 997 919 τοῦ
1015 859 1096 936 χαλ-

95 957 158 1019 κοῦ
173 954 350 1037 διαφόρους
372 949 446 1018 οἰδα
460 948 525 1036 γαρ
539 947 599 1017 τόν
615 949 753 1036 χαλκόν,
770 946 910 1036 ὀβολόν,
927 947 971 1028 ύς
982 947 1093 1034 οἶσθα,

94 1046 184 1134 παρὰ
200 1056 266 1116 τῶν
281 1050 535 1117 καταπλεόντων
549 1048 690 1119 ἑκάστου
705 1050 857 1134 ἐκλέγων.

177 1154 280 1216 ΕΡΜ.
305 1156 377 1217 Ναί
380 1174 387 1186 ·
404 1146 488 1217 ἀλλὰ
498 1146 516 1216 ὁ
528 1147 647 1234 χαλκός
658 1147 720 1233 μὲν
731 1150 845 1231 πολύς,
856 1144 939 1213 ὥστε
951 1144 992 1212 ού
1001 1146 1093 1213 πάνυ

94 1249 311 1328 σπουδάζεται
331 1246 392 1316 ὑπ’
414 1245 538 1315 αὐτῶν·
571 1253 692 1315 τοῦτον
716 1246 752 1313 δὲ
772 1244 886 1332 ὀλίγον
909 1248 945 1312 ἐκ
966 1252 1093 1314 πολλοῦ

29 1412 34 1421 ,
93 1353 154 1415 τοῦ
172 1347 303 1434 βάθους
324 1353 357 1416 οἱ
376 1347 631 1434 μεταλλεύοντες
647 1343 881 1429 ἀνορύττουσι·
906 1342 993 1431 πλήν
1007 1341 1091 1412 ἄλλό

93 1449 129 1514 ἐκ
141 1453 202 1531 γῆς
215 1450 270 1513 καὶ
284 1438 382 1524 οὗτος
397 1442 507 1527 ὥσπερ
522 1442 540 1511 ό
557 1444 724 1531 μόλυβδος
739 1446 793 1511 καὶ
809 1441 849 1510 τοὶ
865 1441 957 1512 όίλλα.

175 1550 271 1610 ΧΑΡ.
294 1542 424 1628 Δεινήν
435 1568 510 1609 τινα
523 1543 628 1627 λέγεις
640 1547 707 1608 τῶν
718 1538 911 1624 ἀνθρώπων
921 1540 982 1627 τήν
992 1538 1091 1629 όβελ-
1109 1562 1157 1615 505

91 1647 220 1727 τερίαν,
232 1649 266 1710 οἳ
275 1648 436 1709 τοσοῦτον
447 1646 552 1726 ἔρωτα
563 1643 685 1724 ἐρῶσιν
697 1636 805 1726 ὠχροῦ
815 1641 870 1707 καὶ
881 1642 1001 1727 βαρέος
1010 1641 1090 1727 κτή-

23 1778 27 1783 ”
91 1765 202 1819 ματος·

175 1845 278 1905 ΕΡΜ.
299 1833 394 1905 Ἀλλοὶ
409 1834 451 1904 ού
463 1837 584 1905 Σόλων
600 1863 640 1924 γε
655 1840 797 1922 ἐκεῖνος,
814 1830 993 1924 όΧοίρων,
1009 1841 1089 1926 ἐρᾶν

91 1935 196 2004 αὐτοῦ
208 1941 376 2021 φαίνεται,
389 1934 441 2022 ὅς,
457 1936 502 2014 ὡς
513 1935 610 2026 ὁρᾷς,
625 1945 788 2025 καταγελᾷ
802 1944 862 2004 τοῦ
873 1944 1021 2021 Κροίσου
1035 1942 1090 2006 καί

90 2042 148 2120 τῆς
160 2042 380 2121 μεγαλαυχίας
393 2041 455 2102 τοῦ
468 2037 659 2122 βαρβάρου,
681 2043 738 2102 καί
751 2061 807 2120 μοι
827 2041 940 2103 δοκεῖν
954 2039 1089 2120 ἐρέσθαι

89 2160 120 2202 τι
134 2134 288 2220 βούλεται
303 2131 422 2202 αύτόν·
443 2135 680 2221 ἐπακούσωμεν
697 2128 769 2201 οὖν.

175 2237 224 2300 12.
242 2239 343 2299 ΣΟΛ.
371 2237 457 2300 Είπέ
469 2259 541 2319 μοι,
560 2224 740 2318 ύΚροίσε,
757 2241 818 2300 οίει
832 2233 897 2320 γύρ
911 2260 942 2301 τι
957 2241 1087 2301 δεῖσθαι

87 2335 157 2398 τῶν
171 2337 324 2397 πλίνθων
338 2329 467 2396 τούτων
481 2326 541 2396 τόν
556 2329 709 2409 Πύθιονς

172 2433 318 2494 ΚΡΟΙΣ.
350 2423 405 2512 Νή
419 2431 501 2494 Δία·
530 2423 572 2492 ού
591 2426 655 2511 γάρ
671 2429 760 2495 ἐστιν
780 2425 869 2518 αύτῷ
889 2430 927 2494 ἐν
941 2436 1087 2512 Δελφοῖς

85 2519 246 2608 ἀνάθημα
262 2521 362 2591 οὐδὲν
375 2529 537 2591 τοιοῦτον.

170 2630 271 2691 ΣΟΛ.
295 2620 432 2690 Οὐκοῦν
446 2622 611 2708 μακάριον
625 2630 687 2689 οίει
701 2619 760 2688 τόν
774 2619 859 2689 θεόν
874 2620 1084 2710 ἀποφαίνειν,

84 2723 118 2790 εί
131 2719 286 2806 κτήσαιτο
302 2719 368 2787 σύν
383 2734 451 2799 τοίς
466 2717 578 2797 ἄλλοις
592 2723 648 2787 καὶ
663 2726 828 2797 πλίνθους
841 2727 980 2805 χρυσῦςς

170 2824 317 2885 ΚΡΟΙΣ.
339 2825 416 2896 Πῶς
432 2814 497 2903 γὰρ
511 2815 570 2899 ούς

168 2922 270 2983 ΣΟΛ.
291 2915 428 3002 Πολλήν
441 2943 498 3002 μοι
515 2918 635 3001 λέγεις,
652 2910 678 2982 ύ
692 2924 831 3002 Κροῖσε,
853 2926 971 2986 πενίαν
987 2920 1024 2986 ἐν
1040 2927 1086 3009 τῷ

82 3008 235 3102 ούρανρῑ,
255 3018 285 3080 εί
297 3016 333 3082 ἐκ
343 3018 470 3092 Λυδίας
483 3018 759 3100 μεταστέλλεσθαι
773 3015 809 3085 τό
822 3025 961 3105 χρυσίον
976 3018 1086 3104 δεήσει

81 3104 222 3193 αὐτούς,
238 3105 282 3195 ήν
296 3112 537 3198 ἐπιθυμήσωσι.

166 3213 313 3276 ΚΡΟΙΣ.
338 3215 412 3276 Ποῦ
423 3207 487 3295 γὰρ
498 3217 657 3291 τοσοῦτος
671 3207 715 3279 όν
727 3215 856 3298 γίνοιτο
870 3234 992 3299 χρυσος
1007 3212 1084 3294 ὅσος

77 3300 164 3387 παρ’
181 3302 277 3390 δεῖνι
1004 3369 1006 3372 -

165 3409 266 3472 ΣΟΛ.
289 3407 374 3473 Είπέ
386 3431 459 3493 μοι,
478 3411 611 3493 σίδηρος
627 3408 663 3475 δὲ
678 3409 798 3494 φύεται
811 3410 847 3476 ἐν
865 3417 989 3498 Λυδιᾳ,
