<?xml version="1.0" encoding="UTF-8"?>
<!DOCTYPE html PUBLIC "-//W3C//DTD XHTML 1.0 Transitional//EN"
    "http://www.w3.org/TR/xhtml1/DTD/xhtml1-transitional.dtd">
<html xmlns="http://www.w3.org/1999/xhtml" xml:lang="en" lang="en">
 <head>
  <title>
</title>
<meta http-equiv="Content-Type" content="text/html;charset=utf-8" />
  <meta name='ocr-system' content='tesseract 3.04.00' />
  <meta name='ocr-capabilities' content='ocr_page ocr_carea ocr_par ocr_line ocrx_word'/>
</head>
<body>
  <div class='ocr_page' id='page_1' title='image "./lucianisamosate03jacogoog/lucianisamosate03jacogoog_0380.png"; bbox 0 0 2550 3825; ppageno 0'>
   <div class='ocr_carea' id='block_1_1' title="bbox 451 229 1106 292">
    <p class='ocr_par' dir='ltr' id='par_1_1' title="bbox 451 229 1106 292">
     <span class='ocr_line' id='line_1_1' title="bbox 451 229 1106 292; baseline 0.009 -6"><span class='ocrx_word' id='word_1_1' title='bbox 451 230 764 289; x_wconf 85' lang='grc' dir='ltr'><strong><em>ΕΡΜΟΤΙΜΟΣ.</em></strong></span> <span class='ocrx_word' id='word_1_2' title='bbox 1043 229 1106 292; x_wconf 79' lang='grc'><strong><em>341</em></strong></span> 
     </span>
    </p>
   </div>
   <div class='ocr_carea' id='block_1_2' title="bbox 102 384 1175 3524">
    <p class='ocr_par' dir='ltr' id='par_1_2' title="bbox 106 384 1107 564">
     <span class='ocr_line' id='line_1_2' title="bbox 106 384 1107 478; baseline 0.005 -24"><span class='ocrx_word' id='word_1_3' title='bbox 106 384 167 473; x_wconf 83' lang='grc' dir='ltr'><strong><em>τήν</em></strong></span> <span class='ocrx_word' id='word_1_4' title='bbox 176 386 307 474; x_wconf 90' lang='grc' dir='ltr'><strong><em>ἀρετήν,</em></strong></span> <span class='ocrx_word' id='word_1_5' title='bbox 318 385 362 466; x_wconf 80' lang='grc' dir='ltr'><strong><em>ῶς</em></strong></span> <span class='ocrx_word' id='word_1_6' title='bbox 373 392 670 474; x_wconf 78' lang='grc' dir='ltr'><strong><em>συνευδαιμονοῖεν</em></strong></span> <span class='ocrx_word' id='word_1_7' title='bbox 680 385 770 478; x_wconf 76' lang='grc' dir='ltr'><strong><em>αὐτῷ</em></strong></span> <span class='ocrx_word' id='word_1_8' title='bbox 779 389 927 457; x_wconf 92' lang='grc' dir='ltr'><strong><em>πλούτου</em></strong></span> <span class='ocrx_word' id='word_1_9' title='bbox 938 416 1107 477; x_wconf 91' lang='grc' dir='ltr'><strong><em>καταφρο-</em></strong></span> 
     </span>
     <span class='ocr_line' id='line_1_3' title="bbox 106 510 252 564; baseline -0.007 -13"><span class='ocrx_word' id='word_1_10' title='bbox 106 510 252 564; x_wconf 88' lang='grc' dir='ltr'><strong><em>νουντες.</em></strong></span> 
     </span>
    </p>

    <p class='ocr_par' dir='ltr' id='par_1_3' title="bbox 105 578 1108 865">
     <span class='ocr_line' id='line_1_4' title="bbox 190 578 1108 670; baseline 0.004 -20"><span class='ocrx_word' id='word_1_11' title='bbox 190 589 239 652; x_wconf 91' lang='lat' dir='ltr'><strong><em>ll.</em></strong></span> <span class='ocrx_word' id='word_1_12' title='bbox 262 591 367 654; x_wconf 82' lang='lat' dir='ltr'><strong><em>EPM.</em></strong></span> <span class='ocrx_word' id='word_1_13' title='bbox 392 581 444 652; x_wconf 91' lang='grc' dir='ltr'><strong><em>ού</em></strong></span> <span class='ocrx_word' id='word_1_14' title='bbox 463 584 564 670; x_wconf 82' lang='grc' dir='ltr'><strong><em>σχολή</em></strong></span> <span class='ocrx_word' id='word_1_15' title='bbox 582 611 658 670; x_wconf 88' lang='grc' dir='ltr'><strong><em>μοι,</em></strong></span> <span class='ocrx_word' id='word_1_16' title='bbox 686 578 867 669; x_wconf 81' lang='grc' dir='ltr'><strong><em>ύΛυκίυε,</em></strong></span> <span class='ocrx_word' id='word_1_17' title='bbox 890 585 1108 670; x_wconf 78' lang='grc' dir='ltr'><strong><em>περὶτούτων</em></strong></span> 
     </span>
     <span class='ocr_line' id='line_1_5' title="bbox 106 678 1106 768; baseline 0.002 -22"><span class='ocrx_word' id='word_1_18' title='bbox 106 684 319 766; x_wconf 84' lang='grc' dir='ltr'><strong><em>διαλέγεσθαί</em></strong></span> <span class='ocrx_word' id='word_1_19' title='bbox 331 700 400 749; x_wconf 91' lang='grc' dir='ltr'><strong><em>σοι·</em></strong></span> <span class='ocrx_word' id='word_1_20' title='bbox 431 681 564 748; x_wconf 80' lang='grc' dir='ltr'><em>σπεύδω</em></span> <span class='ocrx_word' id='word_1_21' title='bbox 578 678 644 767; x_wconf 86' lang='grc' dir='ltr'><strong><em>γάρ</em></strong></span> <span class='ocrx_word' id='word_1_22' title='bbox 663 679 727 768; x_wconf 89' lang='grc' dir='ltr'><strong><em>ῆδη</em></strong></span> <span class='ocrx_word' id='word_1_23' title='bbox 745 680 976 765; x_wconf 87' lang='grc' dir='ltr'><strong><em>ἀκροάσασθαι</em></strong></span> <span class='ocrx_word' id='word_1_24' title='bbox 992 679 1106 766; x_wconf 81' lang='grc' dir='ltr'><strong><em>αὐτοῦ,</em></strong></span> 
     </span>
     <span class='ocr_line' id='line_1_6' title="bbox 105 776 704 865; baseline 0 -21"><span class='ocrx_word' id='word_1_25' title='bbox 105 776 150 863; x_wconf 87' lang='grc' dir='ltr'><strong><em>μῆ</em></strong></span> <span class='ocrx_word' id='word_1_26' title='bbox 168 781 223 846; x_wconf 82' lang='grc' dir='ltr'><strong><em>καί</em></strong></span> <span class='ocrx_word' id='word_1_27' title='bbox 238 778 335 846; x_wconf 86' lang='grc' dir='ltr'><strong><em>λάθω</em></strong></span> <span class='ocrx_word' id='word_1_28' title='bbox 347 779 465 856; x_wconf 88' lang='grc' dir='ltr'><strong><em>τελέως</em></strong></span> <span class='ocrx_word' id='word_1_29' title='bbox 479 776 704 865; x_wconf 85' lang='grc' dir='ltr'><strong><em>ἀπολειφθείς.</em></strong></span> 
     </span>
    </p>

    <p class='ocr_par' dir='ltr' id='par_1_4' title="bbox 105 868 1175 1157">
     <span class='ocr_line' id='line_1_7' title="bbox 188 868 1175 963; baseline 0.007 -22"><span class='ocrx_word' id='word_1_30' title='bbox 188 881 288 943; x_wconf 77' lang='grc' dir='ltr'><strong><em>ΛΤΚ.</em></strong></span> <span class='ocrx_word' id='word_1_31' title='bbox 314 876 452 962; x_wconf 79' lang='grc' dir='ltr'><em>Θάρρει,</em></span> <span class='ocrx_word' id='word_1_32' title='bbox 478 868 607 962; x_wconf 77' lang='grc' dir='ltr'><strong><em>ἀγαθέ·</em></strong></span> <span class='ocrx_word' id='word_1_33' title='bbox 638 877 675 943; x_wconf 86' lang='grc' dir='ltr'><strong><em>τό</em></strong></span> <span class='ocrx_word' id='word_1_34' title='bbox 700 875 844 962; x_wconf 80' lang='grc' dir='ltr'><strong><em>τήμερον</em></strong></span> <span class='ocrx_word' id='word_1_35' title='bbox 862 874 928 962; x_wconf 88' lang='grc' dir='ltr'><strong><em>γάρ</em></strong></span> <span class='ocrx_word' id='word_1_36' title='bbox 948 879 1105 963; x_wconf 77' lang='grc' dir='ltr'><strong><em>ἐκεχειρία</em></strong></span> <span class='ocrx_word' id='word_1_37' title='bbox 1124 893 1175 948; x_wconf 79' lang='grc'><strong><em>750</em></strong></span> 
     </span>
     <span class='ocr_line' id='line_1_8' title="bbox 105 971 1107 1059; baseline 0 -19"><span class='ocrx_word' id='word_1_38' title='bbox 105 973 316 1059; x_wconf 74' lang='grc' dir='ltr'><strong><em>ἐπήγγελται·</em></strong></span> <span class='ocrx_word' id='word_1_39' title='bbox 350 971 433 1041; x_wconf 77' lang='grc' dir='ltr'><strong><em>ὥστε</em></strong></span> <span class='ocrx_word' id='word_1_40' title='bbox 454 971 517 1058; x_wconf 81' lang='grc' dir='ltr'><strong><em>ε’γῶ</em></strong></span> <span class='ocrx_word' id='word_1_41' title='bbox 541 971 664 1059; x_wconf 89' lang='grc' dir='ltr'><strong><em>ἀφίημί</em></strong></span> <span class='ocrx_word' id='word_1_42' title='bbox 682 993 735 1041; x_wconf 94' lang='grc' dir='ltr'><strong><em>σοι</em></strong></span> <span class='ocrx_word' id='word_1_43' title='bbox 756 972 838 1041; x_wconf 84' lang='grc' dir='ltr'><strong><em>ὅσον</em></strong></span> <span class='ocrx_word' id='word_1_44' title='bbox 859 980 906 1042; x_wconf 83' lang='grc' dir='ltr'><strong><em>ἔτι</em></strong></span> <span class='ocrx_word' id='word_1_45' title='bbox 927 971 963 1041; x_wconf 85' lang='grc' dir='ltr'><strong><em>τό</em></strong></span> <span class='ocrx_word' id='word_1_46' title='bbox 988 972 1107 1043; x_wconf 87' lang='grc' dir='ltr'><strong><em>λοιπόν</em></strong></span> 
     </span>
     <span class='ocr_line' id='line_1_9' title="bbox 106 1068 266 1157; baseline -0.006 -19"><span class='ocrx_word' id='word_1_47' title='bbox 106 1080 161 1157; x_wconf 88' lang='grc' dir='ltr'><strong><em>τῆς</em></strong></span> <span class='ocrx_word' id='word_1_48' title='bbox 175 1068 266 1140; x_wconf 88' lang='grc' dir='ltr'><strong><em>ὁδού.</em></strong></span> 
     </span>
    </p>

    <p class='ocr_par' dir='ltr' id='par_1_5' title="bbox 188 1171 530 1255">
     <span class='ocr_line' id='line_1_10' title="bbox 188 1171 530 1255; baseline 0 -19"><span class='ocrx_word' id='word_1_49' title='bbox 188 1176 291 1237; x_wconf 88' lang='grc' dir='ltr'><strong><em>ΕΡΜ.</em></strong></span> <span class='ocrx_word' id='word_1_50' title='bbox 313 1177 392 1248; x_wconf 83' lang='grc' dir='ltr'><strong><em>Πῶς</em></strong></span> <span class='ocrx_word' id='word_1_51' title='bbox 407 1171 530 1255; x_wconf 89' lang='grc' dir='ltr'><strong><em>λέγεις;</em></strong></span> 
     </span>
    </p>

    <p class='ocr_par' dir='ltr' id='par_1_6' title="bbox 102 1263 1170 3227">
     <span class='ocr_line' id='line_1_11' title="bbox 187 1263 1107 1357; baseline 0.004 -23"><span class='ocrx_word' id='word_1_52' title='bbox 187 1273 288 1334; x_wconf 74' lang='grc' dir='ltr'><strong><em>ΛΥΚ.</em></strong></span> <span class='ocrx_word' id='word_1_53' title='bbox 303 1264 373 1335; x_wconf 82' lang='grc' dir='ltr'><strong><em>Ὅτι</em></strong></span> <span class='ocrx_word' id='word_1_54' title='bbox 388 1270 424 1335; x_wconf 79' lang='grc' dir='ltr'><strong><em>ἐν</em></strong></span> <span class='ocrx_word' id='word_1_55' title='bbox 437 1275 482 1357; x_wconf 79' lang='grc' dir='ltr'><strong><em>τῷ</em></strong></span> <span class='ocrx_word' id='word_1_56' title='bbox 497 1266 638 1353; x_wconf 78' lang='grc' dir='ltr'><strong><em>παρόντι</em></strong></span> <span class='ocrx_word' id='word_1_57' title='bbox 654 1264 716 1336; x_wconf 89' lang='grc' dir='ltr'><strong><em>ούιι</em></strong></span> <span class='ocrx_word' id='word_1_58' title='bbox 733 1263 777 1335; x_wconf 82' lang='grc' dir='ltr'><strong><em>ἀν</em></strong></span> <span class='ocrx_word' id='word_1_59' title='bbox 791 1273 875 1347; x_wconf 83' lang='grc' dir='ltr'><strong><em>ίδοις</em></strong></span> <span class='ocrx_word' id='word_1_60' title='bbox 890 1266 1009 1354; x_wconf 86' lang='grc' dir='ltr'><strong><em>αύτόν,</em></strong></span> <span class='ocrx_word' id='word_1_61' title='bbox 1025 1278 1058 1338; x_wconf 86' lang='grc' dir='ltr'><strong><em>εί</em></strong></span> <span class='ocrx_word' id='word_1_62' title='bbox 1067 1296 1107 1355; x_wconf 90' lang='grc' dir='ltr'><strong><em>γε</em></strong></span> 
     </span>
     <span class='ocr_line' id='line_1_12' title="bbox 104 1363 1106 1458; baseline 0.004 -27"><span class='ocrx_word' id='word_1_63' title='bbox 104 1363 165 1454; x_wconf 74' lang='grc' dir='ltr'><strong><em>χρή</em></strong></span> <span class='ocrx_word' id='word_1_64' title='bbox 184 1364 353 1434; x_wconf 82' lang='grc' dir='ltr'><strong><em>πιστεύειν</em></strong></span> <span class='ocrx_word' id='word_1_65' title='bbox 373 1373 419 1458; x_wconf 77' lang='grc' dir='ltr'><strong><em>τῷ</em></strong></span> <span class='ocrx_word' id='word_1_66' title='bbox 435 1365 682 1453; x_wconf 89' lang='grc' dir='ltr'><strong><em>προγράμματι·</em></strong></span> <span class='ocrx_word' id='word_1_67' title='bbox 714 1367 872 1435; x_wconf 90' lang='grc' dir='ltr'><strong><em>πινάκιον</em></strong></span> <span class='ocrx_word' id='word_1_68' title='bbox 886 1367 950 1453; x_wconf 91' lang='grc' dir='ltr'><strong><em>γάρ</em></strong></span> <span class='ocrx_word' id='word_1_69' title='bbox 963 1394 995 1434; x_wconf 91' lang='grc' dir='ltr'><strong><em>τι</em></strong></span> <span class='ocrx_word' id='word_1_70' title='bbox 1012 1369 1106 1454; x_wconf 83' lang='grc' dir='ltr'><strong><em>ἐκρέ-</em></strong></span> 
     </span>
     <span class='ocr_line' id='line_1_13' title="bbox 105 1460 1105 1552; baseline 0.003 -23"><span class='ocrx_word' id='word_1_71' title='bbox 105 1489 187 1549; x_wconf 86' lang='grc' dir='ltr'><strong><em>ματο</em></strong></span> <span class='ocrx_word' id='word_1_72' title='bbox 209 1460 293 1549; x_wconf 69' lang='grc' dir='ltr'><strong><em>ὑπὲρ</em></strong></span> <span class='ocrx_word' id='word_1_73' title='bbox 308 1471 368 1530; x_wconf 88' lang='grc' dir='ltr'><strong><em>τοῦ</em></strong></span> <span class='ocrx_word' id='word_1_74' title='bbox 381 1472 536 1543; x_wconf 75' lang='grc' dir='ltr'><strong><em>πυλῶνος</em></strong></span> <span class='ocrx_word' id='word_1_75' title='bbox 556 1464 711 1551; x_wconf 87' lang='grc' dir='ltr'><strong><em>μεγάλοις</em></strong></span> <span class='ocrx_word' id='word_1_76' title='bbox 726 1465 895 1552; x_wconf 90' lang='grc' dir='ltr'><strong><em>γράμμασι</em></strong></span> <span class='ocrx_word' id='word_1_77' title='bbox 909 1469 1023 1552; x_wconf 90' lang='grc' dir='ltr'><strong><em>λέγον,</em></strong></span> <span class='ocrx_word' id='word_1_78' title='bbox 1046 1467 1105 1552; x_wconf 90' lang='grc' dir='ltr'><strong><em>τή-</em></strong></span> 
     </span>
     <span class='ocr_line' id='line_1_14' title="bbox 105 1558 1105 1650; baseline 0.002 -22"><span class='ocrx_word' id='word_1_79' title='bbox 105 1587 208 1647; x_wconf 88' lang='grc' dir='ltr'><strong><em>μερον</em></strong></span> <span class='ocrx_word' id='word_1_80' title='bbox 229 1558 270 1629; x_wconf 86' lang='grc' dir='ltr'><strong><em>ού</em></strong></span> <span class='ocrx_word' id='word_1_81' title='bbox 287 1571 563 1648; x_wconf 81' lang='grc' dir='ltr'><strong><em>συμφιλοσοφεῖν.</em></strong></span> <span class='ocrx_word' id='word_1_82' title='bbox 585 1565 712 1649; x_wconf 81' lang='grc' dir='ltr'><strong><em>ἐλέγετο</em></strong></span> <span class='ocrx_word' id='word_1_83' title='bbox 728 1563 764 1630; x_wconf 74' lang='grc' dir='ltr'><strong><em>δὲ</em></strong></span> <span class='ocrx_word' id='word_1_84' title='bbox 783 1561 861 1650; x_wconf 90' lang='grc' dir='ltr'><strong><em>παρ’</em></strong></span> <span class='ocrx_word' id='word_1_85' title='bbox 878 1561 1043 1650; x_wconf 80' lang='grc' dir='ltr'><strong><em>Εὐκράτει</em></strong></span> <span class='ocrx_word' id='word_1_86' title='bbox 1058 1571 1105 1650; x_wconf 77' lang='grc' dir='ltr'><strong><em>τῷ</em></strong></span> 
     </span>
     <span class='ocr_line' id='line_1_15' title="bbox 105 1659 1105 1749; baseline 0.001 -23"><span class='ocrx_word' id='word_1_87' title='bbox 105 1659 196 1726; x_wconf 87' lang='grc' dir='ltr'><strong><em>πάνυ</em></strong></span> <span class='ocrx_word' id='word_1_88' title='bbox 211 1660 386 1746; x_wconf 73' lang='grc' dir='ltr'><strong><em>δειπνήσας</em></strong></span> <span class='ocrx_word' id='word_1_89' title='bbox 396 1664 475 1747; x_wconf 79' lang='grc' dir='ltr'><strong><em>χθὲς</em></strong></span> <span class='ocrx_word' id='word_1_90' title='bbox 487 1664 646 1749; x_wconf 74' lang='grc' dir='ltr'><strong><em>γενέθλια</em></strong></span> <span class='ocrx_word' id='word_1_91' title='bbox 656 1660 825 1748; x_wconf 83' lang='grc' dir='ltr'><strong><em>θυγατρός</em></strong></span> <span class='ocrx_word' id='word_1_92' title='bbox 836 1665 984 1731; x_wconf 75' lang='grc' dir='ltr'><strong><em>ἑστιῶντι</em></strong></span> <span class='ocrx_word' id='word_1_93' title='bbox 999 1660 1105 1730; x_wconf 88' lang='grc' dir='ltr'><strong><em>πολλά</em></strong></span> 
     </span>
     <span class='ocr_line' id='line_1_16' title="bbox 104 1758 1107 1850; baseline 0 -24"><span class='ocrx_word' id='word_1_94' title='bbox 104 1784 139 1826; x_wconf 88' lang='grc' dir='ltr'><strong><em>τε</em></strong></span> <span class='ocrx_word' id='word_1_95' title='bbox 161 1767 454 1848; x_wconf 83' lang='grc' dir='ltr'><strong><em>συμφιλοσοφῆσαι</em></strong></span> <span class='ocrx_word' id='word_1_96' title='bbox 469 1764 506 1828; x_wconf 86' lang='grc' dir='ltr'><strong><em>έν</em></strong></span> <span class='ocrx_word' id='word_1_97' title='bbox 520 1767 566 1849; x_wconf 80' lang='grc' dir='ltr'><strong><em>τῷ</em></strong></span> <span class='ocrx_word' id='word_1_98' title='bbox 585 1767 758 1850; x_wconf 79' lang='grc' dir='ltr'><strong><em>συμποσίω</em></strong></span> <span class='ocrx_word' id='word_1_99' title='bbox 773 1761 829 1829; x_wconf 79' lang='grc' dir='ltr'><strong><em>καί</em></strong></span> <span class='ocrx_word' id='word_1_100' title='bbox 846 1759 931 1847; x_wconf 86' lang='grc' dir='ltr'><strong><em>πρός</em></strong></span> <span class='ocrx_word' id='word_1_101' title='bbox 945 1758 1107 1844; x_wconf 80' lang='grc' dir='ltr'><strong><em>Εὐθύδη-</em></strong></span> 
     </span>
     <span class='ocr_line' id='line_1_17' title="bbox 105 1854 1106 1947; baseline 0.003 -23"><span class='ocrx_word' id='word_1_102' title='bbox 105 1883 169 1943; x_wconf 92' lang='grc' dir='ltr'><strong><em>μου</em></strong></span> <span class='ocrx_word' id='word_1_103' title='bbox 179 1854 240 1925; x_wconf 87' lang='grc' dir='ltr'><strong><em>τόν</em></strong></span> <span class='ocrx_word' id='word_1_104' title='bbox 251 1859 286 1925; x_wconf 80' lang='grc' dir='ltr'><strong><em>ἐκ</em></strong></span> <span class='ocrx_word' id='word_1_105' title='bbox 297 1865 357 1926; x_wconf 82' lang='grc' dir='ltr'><strong><em>τοῦ</em></strong></span> <span class='ocrx_word' id='word_1_106' title='bbox 365 1859 557 1945; x_wconf 88' lang='grc' dir='ltr'><strong><em>Περιπάτου</em></strong></span> <span class='ocrx_word' id='word_1_107' title='bbox 567 1864 824 1947; x_wconf 83' lang='grc' dir='ltr'><strong><em>παροξυνθῆναί</em></strong></span> <span class='ocrx_word' id='word_1_108' title='bbox 831 1885 862 1927; x_wconf 93' lang='grc' dir='ltr'><strong><em>τι</em></strong></span> <span class='ocrx_word' id='word_1_109' title='bbox 873 1862 927 1929; x_wconf 84' lang='grc' dir='ltr'><strong><em>καί</em></strong></span> <span class='ocrx_word' id='word_1_110' title='bbox 937 1858 1106 1947; x_wconf 81' lang='grc' dir='ltr'><strong><em>ἀμφισβη-</em></strong></span> 
     </span>
     <span class='ocr_line' id='line_1_18' title="bbox 105 1947 1106 2045; baseline 0.003 -24"><span class='ocrx_word' id='word_1_111' title='bbox 105 1962 200 2041; x_wconf 92' lang='grc' dir='ltr'><strong><em>τῆσαι</em></strong></span> <span class='ocrx_word' id='word_1_112' title='bbox 226 1952 316 2045; x_wconf 77' lang='grc' dir='ltr'><strong><em>αύτῷ</em></strong></span> <span class='ocrx_word' id='word_1_113' title='bbox 341 1958 415 2041; x_wconf 84' lang='grc' dir='ltr'><strong><em>περί</em></strong></span> <span class='ocrx_word' id='word_1_114' title='bbox 437 1947 485 2023; x_wconf 77' lang='grc' dir='ltr'><strong><em>ῶν</em></strong></span> <span class='ocrx_word' id='word_1_115' title='bbox 507 1961 626 2025; x_wconf 79' lang='grc' dir='ltr'><strong><em>ἐκείνοι</em></strong></span> <span class='ocrx_word' id='word_1_116' title='bbox 649 1956 811 2026; x_wconf 82' lang='grc' dir='ltr'><strong><em>είῶθασιν</em></strong></span> <span class='ocrx_word' id='word_1_117' title='bbox 835 1956 1019 2044; x_wconf 74' lang='grc' dir='ltr'><strong><em>ἀντιλέγειν</em></strong></span> <span class='ocrx_word' id='word_1_118' title='bbox 1038 1971 1106 2034; x_wconf 81' lang='grc' dir='ltr'><strong><em>τοῖς</em></strong></span> 
     </span>
     <span class='ocr_line' id='line_1_19' title="bbox 104 2046 1106 2141; baseline 0.002 -23"><span class='ocrx_word' id='word_1_119' title='bbox 104 2049 169 2119; x_wconf 86' lang='grc' dir='ltr'><strong><em>ἀπό</em></strong></span> <span class='ocrx_word' id='word_1_120' title='bbox 184 2059 242 2137; x_wconf 88' lang='grc' dir='ltr'><strong><em>τῆς</em></strong></span> <span class='ocrx_word' id='word_1_121' title='bbox 256 2061 380 2130; x_wconf 78' lang='grc' dir='ltr'><strong><em>Στοᾶς·</em></strong></span> <span class='ocrx_word' id='word_1_122' title='bbox 408 2050 475 2120; x_wconf 82' lang='grc' dir='ltr'><strong><em>ὑπό</em></strong></span> <span class='ocrx_word' id='word_1_123' title='bbox 495 2079 530 2120; x_wconf 92' lang='grc' dir='ltr'><strong><em>τε</em></strong></span> <span class='ocrx_word' id='word_1_124' title='bbox 552 2046 616 2120; x_wconf 88' lang='grc' dir='ltr'><strong><em>ούν</em></strong></span> <span class='ocrx_word' id='word_1_125' title='bbox 630 2060 687 2138; x_wconf 91' lang='grc' dir='ltr'><strong><em>τῆς</em></strong></span> <span class='ocrx_word' id='word_1_126' title='bbox 705 2061 852 2141; x_wconf 89' lang='grc' dir='ltr'><strong><em>κραυγῆς</em></strong></span> <span class='ocrx_word' id='word_1_127' title='bbox 875 2055 1029 2141; x_wconf 87' lang='grc' dir='ltr'><strong><em>πονήρως</em></strong></span> <span class='ocrx_word' id='word_1_128' title='bbox 1044 2052 1106 2139; x_wconf 85' lang='grc' dir='ltr'><strong><em>τήν</em></strong></span> 
     </span>
     <span class='ocr_line' id='line_1_20' title="bbox 106 2147 1106 2237; baseline 0.001 -22"><span class='ocrx_word' id='word_1_129' title='bbox 106 2147 256 2235; x_wconf 85' lang='grc' dir='ltr'><strong><em>κεφαλήν</em></strong></span> <span class='ocrx_word' id='word_1_130' title='bbox 277 2153 470 2236; x_wconf 77' lang='grc' dir='ltr'><strong><em>διατεθῆναι</em></strong></span> <span class='ocrx_word' id='word_1_131' title='bbox 486 2152 541 2217; x_wconf 85' lang='grc' dir='ltr'><strong><em>καί</em></strong></span> <span class='ocrx_word' id='word_1_132' title='bbox 562 2154 701 2232; x_wconf 77' lang='grc' dir='ltr'><strong><em>ἱδρῶσαι</em></strong></span> <span class='ocrx_word' id='word_1_133' title='bbox 721 2152 810 2235; x_wconf 93' lang='grc' dir='ltr'><strong><em>μάλα</em></strong></span> <span class='ocrx_word' id='word_1_134' title='bbox 831 2151 936 2219; x_wconf 77' lang='grc' dir='ltr'><strong><em>πολλοὶ</em></strong></span> <span class='ocrx_word' id='word_1_135' title='bbox 960 2155 992 2230; x_wconf 79' lang='grc' dir='ltr'><strong><em>ἐς</em></strong></span> <span class='ocrx_word' id='word_1_136' title='bbox 1006 2155 1106 2237; x_wconf 80' lang='grc' dir='ltr'><strong><em>μέσας</em></strong></span> 
     </span>
     <span class='ocr_line' id='line_1_21' title="bbox 104 2244 1106 2335; baseline 0 -20"><span class='ocrx_word' id='word_1_137' title='bbox 104 2248 227 2326; x_wconf 85' lang='grc' dir='ltr'><strong><em>νύκτας</em></strong></span> <span class='ocrx_word' id='word_1_138' title='bbox 243 2244 480 2335; x_wconf 88' lang='grc' dir='ltr'><strong><em>ἀποταθείσης,</em></strong></span> <span class='ocrx_word' id='word_1_139' title='bbox 507 2246 551 2326; x_wconf 78' lang='grc' dir='ltr'><strong><em>ῶς</em></strong></span> <span class='ocrx_word' id='word_1_140' title='bbox 565 2269 663 2335; x_wconf 93' lang='grc' dir='ltr'><strong><em>φασι,</em></strong></span> <span class='ocrx_word' id='word_1_141' title='bbox 689 2255 746 2335; x_wconf 90' lang='grc' dir='ltr'><strong><em>τῆς</em></strong></span> <span class='ocrx_word' id='word_1_142' title='bbox 761 2256 948 2327; x_wconf 89' lang='grc' dir='ltr'><strong><em>συνουσίας.</em></strong></span> <span class='ocrx_word' id='word_1_143' title='bbox 981 2249 1049 2334; x_wconf 78' lang='grc' dir='ltr'><strong><em>ἅμα</em></strong></span> <span class='ocrx_word' id='word_1_144' title='bbox 1070 2249 1106 2315; x_wconf 74' lang='grc' dir='ltr'><strong><em>δὲ</em></strong></span> 
     </span>
     <span class='ocr_line' id='line_1_22' title="bbox 105 2346 1104 2435; baseline -0.002 -20"><span class='ocrx_word' id='word_1_145' title='bbox 105 2350 159 2415; x_wconf 83' lang='grc' dir='ltr'><strong><em>καί</em></strong></span> <span class='ocrx_word' id='word_1_146' title='bbox 175 2348 337 2433; x_wconf 76' lang='grc' dir='ltr'><strong><em>πεπώκει,</em></strong></span> <span class='ocrx_word' id='word_1_147' title='bbox 359 2346 465 2435; x_wconf 88' lang='grc' dir='ltr'><strong><em>οίμαι,</em></strong></span> <span class='ocrx_word' id='word_1_148' title='bbox 489 2349 592 2415; x_wconf 80' lang='grc' dir='ltr'><strong><em>πλέον</em></strong></span> <span class='ocrx_word' id='word_1_149' title='bbox 604 2354 666 2416; x_wconf 83' lang='grc' dir='ltr'><strong><em>τοῦ</em></strong></span> <span class='ocrx_word' id='word_1_150' title='bbox 680 2352 815 2431; x_wconf 83' lang='grc' dir='ltr'><strong><em>ίκανοῦ,</em></strong></span> <span class='ocrx_word' id='word_1_151' title='bbox 836 2354 904 2414; x_wconf 87' lang='grc' dir='ltr'><strong><em>τῶν</em></strong></span> <span class='ocrx_word' id='word_1_152' title='bbox 917 2346 1104 2433; x_wconf 90' lang='grc' dir='ltr'><strong><em>παρόντων,</em></strong></span> 
     </span>
     <span class='ocr_line' id='line_1_23' title="bbox 105 2444 1105 2534; baseline -0.003 -19"><span class='ocrx_word' id='word_1_153' title='bbox 105 2446 149 2525; x_wconf 84' lang='grc' dir='ltr'><strong><em>ὡς</em></strong></span> <span class='ocrx_word' id='word_1_154' title='bbox 175 2447 278 2534; x_wconf 89' lang='grc' dir='ltr'><strong><em>είκός,</em></strong></span> <span class='ocrx_word' id='word_1_155' title='bbox 305 2452 497 2533; x_wconf 88' lang='grc' dir='ltr'><strong><em>φιλοτησίας</em></strong></span> <span class='ocrx_word' id='word_1_156' title='bbox 521 2446 772 2532; x_wconf 84' lang='grc' dir='ltr'><strong><em>προπινόντων,</em></strong></span> <span class='ocrx_word' id='word_1_157' title='bbox 805 2447 860 2513; x_wconf 83' lang='grc' dir='ltr'><strong><em>καί</em></strong></span> <span class='ocrx_word' id='word_1_158' title='bbox 883 2444 1105 2531; x_wconf 81' lang='grc' dir='ltr'><strong><em>ἐδεδειπνήκει</em></strong></span> 
     </span>
     <span class='ocr_line' id='line_1_24' title="bbox 103 2540 1105 2634; baseline -0.006 -19"><span class='ocrx_word' id='word_1_159' title='bbox 103 2550 207 2615; x_wconf 83' lang='grc' dir='ltr'><strong><em>πλέον</em></strong></span> <span class='ocrx_word' id='word_1_160' title='bbox 226 2542 248 2634; x_wconf 82' lang='grc' dir='ltr'><em>ἢ</em></span> <span class='ocrx_word' id='word_1_161' title='bbox 265 2545 347 2615; x_wconf 82' lang='grc' dir='ltr'><strong><em>κατά</em></strong></span> <span class='ocrx_word' id='word_1_162' title='bbox 362 2548 517 2632; x_wconf 87' lang='grc' dir='ltr'><strong><em>γέροντα·</em></strong></span> <span class='ocrx_word' id='word_1_163' title='bbox 546 2564 629 2613; x_wconf 89' lang='grc' dir='ltr'><strong><em>ιιστε</em></strong></span> <span class='ocrx_word' id='word_1_164' title='bbox 650 2544 857 2631; x_wconf 78' lang='grc' dir='ltr'><strong><em>ἀναστρέψας</em></strong></span> <span class='ocrx_word' id='word_1_165' title='bbox 871 2541 973 2630; x_wconf 82' lang='grc' dir='ltr'><strong><em>ἤμεσέ</em></strong></span> <span class='ocrx_word' id='word_1_166' title='bbox 984 2568 1036 2629; x_wconf 88' lang='grc' dir='ltr'><strong><em>τε,</em></strong></span> <span class='ocrx_word' id='word_1_167' title='bbox 1061 2540 1105 2620; x_wconf 83' lang='grc' dir='ltr'><strong><em>ὡς</em></strong></span> 
     </span>
     <span class='ocr_line' id='line_1_25' title="bbox 105 2639 1103 2735; baseline -0.007 -20"><span class='ocrx_word' id='word_1_168' title='bbox 105 2655 269 2733; x_wconf 82' lang='grc' dir='ltr'><strong><em>ἔφασκον,</em></strong></span> <span class='ocrx_word' id='word_1_169' title='bbox 284 2642 390 2714; x_wconf 83' lang='grc' dir='ltr'><strong><em>πολλά</em></strong></span> <span class='ocrx_word' id='word_1_170' title='bbox 407 2647 461 2713; x_wconf 80' lang='grc' dir='ltr'><strong><em>καί</em></strong></span> <span class='ocrx_word' id='word_1_171' title='bbox 478 2644 584 2730; x_wconf 92' lang='grc' dir='ltr'><strong><em>μόνον</em></strong></span> <span class='ocrx_word' id='word_1_172' title='bbox 597 2642 732 2735; x_wconf 77' lang='grc' dir='ltr'><strong><em>ἀριθμῶ</em></strong></span> <span class='ocrx_word' id='word_1_173' title='bbox 746 2640 950 2731; x_wconf 73' lang='grc' dir='ltr'><strong><em>παραλαβών</em></strong></span> <span class='ocrx_word' id='word_1_174' title='bbox 960 2639 1000 2709; x_wconf 80' lang='grc' dir='ltr'><strong><em>τά</em></strong></span> <span class='ocrx_word' id='word_1_175' title='bbox 1012 2644 1103 2728; x_wconf 89' lang='grc' dir='ltr'><strong><em>κρέα,</em></strong></span> 
     </span>
     <span class='ocr_line' id='line_1_26' title="bbox 104 2744 1106 2837; baseline -0.006 -22"><span class='ocrx_word' id='word_1_176' title='bbox 104 2745 210 2815; x_wconf 90' lang='grc' dir='ltr'><strong><em>ὁπόσα</em></strong></span> <span class='ocrx_word' id='word_1_177' title='bbox 225 2752 271 2837; x_wconf 77' lang='grc' dir='ltr'><strong><em>τῷ</em></strong></span> <span class='ocrx_word' id='word_1_178' title='bbox 286 2746 379 2813; x_wconf 85' lang='grc' dir='ltr'><strong><em>παιδὶ</em></strong></span> <span class='ocrx_word' id='word_1_179' title='bbox 390 2745 530 2813; x_wconf 89' lang='grc' dir='ltr'><strong><em>κατόπιν</em></strong></span> <span class='ocrx_word' id='word_1_180' title='bbox 544 2746 659 2812; x_wconf 79' lang='grc' dir='ltr'><strong><em>ἑστῶτι</em></strong></span> <span class='ocrx_word' id='word_1_181' title='bbox 674 2744 912 2830; x_wconf 73' lang='grc' dir='ltr'><strong><em>παραδεδώκει,</em></strong></span> <span class='ocrx_word' id='word_1_182' title='bbox 928 2744 983 2810; x_wconf 78' lang='grc' dir='ltr'><strong><em>καὶ</em></strong></span> <span class='ocrx_word' id='word_1_183' title='bbox 999 2762 1106 2829; x_wconf 76' lang='grc' dir='ltr'><strong><em>σῆμη·</em></strong></span> 
     </span>
     <span class='ocr_line' id='line_1_27' title="bbox 103 2841 1107 2933; baseline -0.005 -19"><span class='ocrx_word' id='word_1_184' title='bbox 103 2846 246 2933; x_wconf 90' lang='grc' dir='ltr'><strong><em>νάμενος</em></strong></span> <span class='ocrx_word' id='word_1_185' title='bbox 266 2849 424 2931; x_wconf 77' lang='grc' dir='ltr'><strong><em>ἐπιμελῶς</em></strong></span> <span class='ocrx_word' id='word_1_186' title='bbox 438 2843 475 2911; x_wconf 87' lang='grc' dir='ltr'>τό</span> <span class='ocrx_word' id='word_1_187' title='bbox 496 2841 554 2911; x_wconf 89' lang='grc' dir='ltr'><strong><em>ἀπ’</em></strong></span> <span class='ocrx_word' id='word_1_188' title='bbox 571 2846 702 2911; x_wconf 81' lang='grc' dir='ltr'><strong><em>ἐκείνου</em></strong></span> <span class='ocrx_word' id='word_1_189' title='bbox 722 2842 882 2910; x_wconf 77' lang='grc' dir='ltr'><strong><em>καθεύδει</em></strong></span> <span class='ocrx_word' id='word_1_190' title='bbox 896 2844 1022 2930; x_wconf 85' lang='grc' dir='ltr'><strong><em>μηδένα</em></strong></span> <span class='ocrx_word' id='word_1_191' title='bbox 1038 2847 1107 2909; x_wconf 87' lang='grc' dir='ltr'><strong><em>είσ-</em></strong></span> 
     </span>
     <span class='ocr_line' id='line_1_28' title="bbox 103 2939 1170 3031; baseline -0.004 -18"><span class='ocrx_word' id='word_1_192' title='bbox 103 2950 259 3031; x_wconf 85' lang='grc' dir='ltr'><strong><em>δέχεσθαι</em></strong></span> <span class='ocrx_word' id='word_1_193' title='bbox 274 2950 502 3030; x_wconf 85' lang='grc' dir='ltr'><strong><em>παραγγείλας.</em></strong></span> <span class='ocrx_word' id='word_1_194' title='bbox 524 2950 626 3010; x_wconf 84' lang='grc' dir='ltr'><strong><em>ταῦτα</em></strong></span> <span class='ocrx_word' id='word_1_195' title='bbox 645 2942 681 3011; x_wconf 71' lang='grc' dir='ltr'><strong><em>δέ</em></strong></span> <span class='ocrx_word' id='word_1_196' title='bbox 692 2946 786 3011; x_wconf 88' lang='grc' dir='ltr'><strong><em>Μίδα</em></strong></span> <span class='ocrx_word' id='word_1_197' title='bbox 799 2939 927 3029; x_wconf 89' lang='grc' dir='ltr'><strong><em>ῆκουσα</em></strong></span> <span class='ocrx_word' id='word_1_198' title='bbox 940 2948 1001 3009; x_wconf 81' lang='grc' dir='ltr'><strong><em>τοῦ</em></strong></span> <span class='ocrx_word' id='word_1_199' title='bbox 1017 2944 1105 3009; x_wconf 87' lang='grc' dir='ltr'><strong><em>οίκέ-</em></strong></span> <span class='ocrx_word' id='word_1_200' title='bbox 1123 2953 1170 3010; x_wconf 80' lang='grc'><strong><em>751</em></strong></span> 
     </span>
     <span class='ocr_line' id='line_1_29' title="bbox 102 3039 1106 3129; baseline -0.004 -18"><span class='ocrx_word' id='word_1_201' title='bbox 102 3070 164 3111; x_wconf 90' lang='grc' dir='ltr'><strong><em>του</em></strong></span> <span class='ocrx_word' id='word_1_202' title='bbox 180 3041 285 3112; x_wconf 83' lang='grc' dir='ltr'><strong><em>αὐτοῦ</em></strong></span> <span class='ocrx_word' id='word_1_203' title='bbox 300 3046 524 3129; x_wconf 85' lang='grc' dir='ltr'><strong><em>διηγουμένου</em></strong></span> <span class='ocrx_word' id='word_1_204' title='bbox 539 3045 605 3110; x_wconf 81' lang='grc' dir='ltr'><strong><em>τισί</em></strong></span> <span class='ocrx_word' id='word_1_205' title='bbox 619 3048 688 3109; x_wconf 87' lang='grc' dir='ltr'><strong><em>τῶν</em></strong></span> <span class='ocrx_word' id='word_1_206' title='bbox 702 3050 878 3129; x_wconf 88' lang='grc' dir='ltr'><strong><em>μαθητῶν,</em></strong></span> <span class='ocrx_word' id='word_1_207' title='bbox 895 3048 929 3109; x_wconf 79' lang='grc' dir='ltr'><strong><em>οἳ</em></strong></span> <span class='ocrx_word' id='word_1_208' title='bbox 943 3043 997 3108; x_wconf 81' lang='grc' dir='ltr'><strong><em>καί</em></strong></span> <span class='ocrx_word' id='word_1_209' title='bbox 1011 3039 1106 3107; x_wconf 83' lang='grc' dir='ltr'><strong><em>αύτοί</em></strong></span> 
     </span>
     <span class='ocr_line' id='line_1_30' title="bbox 103 3138 551 3227; baseline -0.007 -19"><span class='ocrx_word' id='word_1_210' title='bbox 103 3138 308 3227; x_wconf 80' lang='grc' dir='ltr'><strong><em>ἀνέστρεφον</em></strong></span> <span class='ocrx_word' id='word_1_211' title='bbox 323 3140 411 3226; x_wconf 90' lang='grc' dir='ltr'><strong><em>μάλα</em></strong></span> <span class='ocrx_word' id='word_1_212' title='bbox 427 3147 551 3209; x_wconf 91' lang='grc' dir='ltr'><strong><em>πολλοί.</em></strong></span> 
     </span>
    </p>

    <p class='ocr_par' dir='ltr' id='par_1_7' title="bbox 102 3231 1105 3425">
     <span class='ocr_line' id='line_1_31' title="bbox 186 3231 1105 3326; baseline -0.003 -19"><span class='ocrx_word' id='word_1_213' title='bbox 186 3246 237 3307; x_wconf 78' lang='lat'><strong><em>12.</em></strong></span> <span class='ocrx_word' id='word_1_214' title='bbox 252 3246 357 3307; x_wconf 82' lang='lat' dir='ltr'><strong><em>EPM.</em></strong></span> <span class='ocrx_word' id='word_1_215' title='bbox 375 3236 550 3326; x_wconf 76' lang='grc' dir='ltr'><strong><em>Ἐκράτησε</em></strong></span> <span class='ocrx_word' id='word_1_216' title='bbox 565 3243 600 3307; x_wconf 82' lang='grc' dir='ltr'><strong><em>δὲ</em></strong></span> <span class='ocrx_word' id='word_1_217' title='bbox 612 3239 768 3325; x_wconf 87' lang='grc' dir='ltr'><strong><em>πότερος,</em></strong></span> <span class='ocrx_word' id='word_1_218' title='bbox 787 3231 963 3323; x_wconf 79' lang='grc' dir='ltr'><strong><em>ῶΛυκῖνε,</em></strong></span> <span class='ocrx_word' id='word_1_219' title='bbox 980 3234 1105 3305; x_wconf 83' lang='grc' dir='ltr'><strong><em>ὁδιδα-</em></strong></span> 
     </span>
     <span class='ocr_line' id='line_1_32' title="bbox 102 3334 1103 3425; baseline 0.002 -22"><span class='ocrx_word' id='word_1_220' title='bbox 102 3335 510 3425; x_wconf 74' lang='grc' dir='ltr'><strong><em>σκαλοςῆὸΕύθύδημοςς</em></strong></span> <span class='ocrx_word' id='word_1_221' title='bbox 527 3347 560 3406; x_wconf 90' lang='grc' dir='ltr'><strong><em>εί</em></strong></span> <span class='ocrx_word' id='word_1_222' title='bbox 565 3364 596 3404; x_wconf 93' lang='grc' dir='ltr'><strong><em>τι</em></strong></span> <span class='ocrx_word' id='word_1_223' title='bbox 604 3339 660 3405; x_wconf 81' lang='grc' dir='ltr'><strong><em>καὶ</em></strong></span> <span class='ocrx_word' id='word_1_224' title='bbox 668 3344 821 3406; x_wconf 85' lang='grc' dir='ltr'><strong><em>τοιοῦτον</em></strong></span> <span class='ocrx_word' id='word_1_225' title='bbox 832 3342 945 3421; x_wconf 76' lang='grc' dir='ltr'><strong><em>ἔλεγεν</em></strong></span> <span class='ocrx_word' id='word_1_226' title='bbox 955 3334 973 3403; x_wconf 89' lang='grc' dir='ltr'>ὁ</span> <span class='ocrx_word' id='word_1_227' title='bbox 983 3341 1103 3415; x_wconf 86' lang='grc' dir='ltr'><strong><em>Μίδας.</em></strong></span> 
     </span>
    </p>

    <p class='ocr_par' dir='ltr' id='par_1_8' title="bbox 186 3429 1104 3524">
     <span class='ocr_line' id='line_1_33' title="bbox 186 3429 1104 3524; baseline -0.002 -19"><span class='ocrx_word' id='word_1_228' title='bbox 186 3444 285 3506; x_wconf 75' lang='grc' dir='ltr'><strong><em>ΛΥΚ.</em></strong></span> <span class='ocrx_word' id='word_1_229' title='bbox 312 3434 359 3505; x_wconf 89' lang='grc' dir='ltr'><strong><em>Τδι</em></strong></span> <span class='ocrx_word' id='word_1_230' title='bbox 380 3436 442 3523; x_wconf 75' lang='grc' dir='ltr'><strong><em>μέν</em></strong></span> <span class='ocrx_word' id='word_1_231' title='bbox 462 3435 577 3524; x_wconf 74' lang='grc' dir='ltr'><strong><em>προτά</em></strong></span> <span class='ocrx_word' id='word_1_232' title='bbox 599 3456 716 3522; x_wconf 85' lang='grc' dir='ltr'><strong><em>φασιν,</em></strong></span> <span class='ocrx_word' id='word_1_233' title='bbox 744 3429 974 3523; x_wconf 82' lang='grc' dir='ltr'><strong><em>ῶἙρμότιμε,</em></strong></span> <span class='ocrx_word' id='word_1_234' title='bbox 996 3433 1104 3523; x_wconf 78' lang='grc' dir='ltr'><strong><em>ἀγχιά-</em></strong></span> 
     </span>
    </p>
   </div>
   <div class='ocr_carea' id='block_1_3' title="bbox 0 0 1280 3825">
    <p class='ocr_par' dir='ltr' id='par_1_9' title="bbox 0 0 1280 3825">
     <span class='ocr_line' id='line_1_34' title="bbox 0 0 1280 3825; baseline 0 0"><span class='ocrx_word' id='word_1_235' title='bbox 0 0 1280 3825; x_wconf 95' lang='lat' dir='ltr'><strong><em> </em></strong></span> 
     </span>
    </p>
   </div>
  </div>
 </body>
</html>
