2550 3825
186 153 228 215 σε
350 116 354 127 ’
541 155 844 214 nomm?

186 322 284 382 τοῦτο
301 320 425 394 ἔδωκας
439 330 507 394 τοῖς
524 312 735 395 ἀνδράποις;
751 320 895 381 τοσαῦτα
910 316 1003 381 δειυα
1014 316 1179 400 είργασμέ

187 437 246 490 υος
260 410 327 498 φής
341 414 445 499 μηδὲν
462 411 621 499 ἀδικήσας
639 414 811 489 δεδέσθαις

121 519 172 575 188
271 515 302 578 4.
324 518 462 579 ΠΡΟΜ.
475 510 618 595 Ἔοικας,
636 501 787 595 άἙρμή,
801 510 856 577 καὶ
867 507 910 576 σύ
922 507 1005 577 κατά
1016 506 1188 595 τὸνὍμη-

189 632 251 690 ρον
272 605 446 694 ,ἀναίτιον
468 608 697 690 αἰτιάασθαίί,
719 606 756 683 ὃς
777 602 817 672 τά
834 607 970 674 τοιαῦτά
986 632 1043 692 μοι
1059 609 1188 693 προφέ·

188 731 272 792 ρεις,
296 704 351 793 ἐφ’
374 704 424 786 οἷς
440 713 544 793 ἔγωγε
564 713 622 793 τῆς
644 707 681 772 ἐν
700 714 891 796 πρυτανείῳ
911 705 1079 793 σιτήσεως,
1102 711 1133 773 εί
1146 701 1186 774 τά

188 808 298 872 δίκαια
315 807 482 894 ἐγίγνετο,
503 803 710 890 ἐτιμησάμην
727 798 771 868 ἀν
785 805 925 893 ἐμαυτῷ.
948 810 978 872 εί
990 811 1077 890 γοῦν
1086 801 1187 889 σχολή

188 921 258 987 σοι,
277 898 380 989 ἡδέως
401 897 445 969 ἀν
465 903 521 970 καὶ
543 905 861 986 δικαιολογησαίμην
878 897 963 986 ὑπὲρ
982 907 1051 968 τῶν
1066 903 1185 985 ἐγκλη-

189 1002 319 1088 μάτων,
336 998 380 1079 ἀς
397 1006 536 1086 δείξαιμι
551 997 651 1067 ἀδικα
661 996 830 1084 ἐγνωκότα
840 997 1021 1085 περίήμοῐυ
1031 997 1093 1067 τόν
1102 1007 1186 1067 Δία·

189 1098 233 1167 σύ
248 1101 283 1167 δὲ
300 1140 338 1151 -
356 1099 529 1185 στωμύλος
543 1094 609 1183 γάρ
624 1096 654 1165 εί
667 1100 723 1164 καλ
737 1097 910 1175 δικανικός
922 1138 966 1149 -
981 1092 1187 1182 ἀπολόγησαι

189 1196 273 1283 ὑπὲρ
301 1195 405 1265 αὐτοῦ
433 1193 478 1274 ὡς
505 1200 640 1264 δικαίαν
660 1193 723 1281 τήν
742 1203 858 1282 ψήφου
871 1201 992 1282 «ἔθετο,
1025 1194 1189 1263 ἀνεσταυ-

86 1308 89 1315 ’
190 1302 322 1380 ρῶσδαί
335 1320 376 1381 με
389 1300 531 1380 πλησίον
544 1300 612 1361 τόν
623 1299 786 1361 Κασπίων
794 1293 924 1359 τούτων
934 1300 1052 1360 πυλῶν
1063 1295 1115 1361 ἐπὶ
1125 1299 1187 1360 τοῦ

102 1421 105 1426 ·
189 1393 372 1461 Καυκάσου
387 1400 552 1459 οίκτιστου
566 1391 678 1477 θέαμα
691 1397 771 1458 πᾶσι
788 1390 951 1470 Σκύθαις.

275 1497 378 1557 ΕΡΜ.
408 1487 659 1576 Ἰἀιπρόδεσμον
672 1493 750 1577 μέν,
773 1483 800 1559 ά
813 1498 1017 1577 Προμηθεῦ,
1032 1488 1094 1577 τήν
1108 1496 1189 1577 ἔφε-

189 1609 246 1656 σιν
262 1587 389 1677 ἀγωνιή
410 1591 465 1655 καλ
487 1592 519 1667 ἐς
539 1586 641 1657 οὐδὲν
662 1590 755 1657 δίου·
776 1586 867 1674 ὅμως
887 1587 919 1656 δ’
941 1582 1008 1656 οάν
1020 1593 1109 1675 λέγε·
1133 1592 1189 1657 καὶ

189 1684 254 1772 γάρ
270 1683 376 1763 άλλως
390 1687 579 1771 περιμένειν
593 1683 794 1773 ἀναγκαίου,
811 1683 873 1755 ἐστ’
889 1681 936 1755 ἀν
951 1684 970 1753 ὁ
983 1684 1185 1765 ἀετόςκατα-

190 1791 254 1873 my}
273 1783 554 1869 ἐπιμελησόμενός
574 1804 636 1851 σου
657 1791 718 1852 τοῦ
739 1782 874 1871 ἥπατος.
907 1781 969 1870 τήν
984 1787 1082 1871 ἐντῷ
1096 1788 1185 1875 μέσῳ

124 1893 172 1950 189
192 1879 232 1968 δή
245 1880 370 1967 ταύτην
384 1878 507 1968 σχολήν
519 1888 628 1962 καλῶς
643 1878 687 1950 ἀν
703 1887 780 1969 ἔχου
798 1892 847 1969 τίη
863 1885 895 1962 ἐς
908 1879 1070 1968 ἀκρόασιν
1085 1910 1186 1952 κατα-

189 1978 377 2065 χρήσασθαι
386 1980 594 2066 σοφιστικήν,
610 1975 680 2060 οἶος
689 1979 719 2048 εί
733 1977 777 2047 σύ
791 1981 1061 2070 πανουργότατος
1072 1985 1109 2049 ἐν
1119 1997 1188 2062 τοῖς

191 2077 312 2163 λόγοις.

273 2180 303 2243 5.
325 2181 463 2244 ΠΡΟΜ.
485 2175 654 2260 Πρότερος
668 2168 750 2261 ουύ,
774 2169 801 2243 ά
810 2173 926 2263 Ἑρμῆ,
943 2180 1018 2262 λέγε
1027 2178 1083 2244 καὶ
1096 2173 1188 2256 ὅπως

191 2297 257 2359 μου
279 2269 324 2350 όις
345 2272 516 2342 δεινότατα
537 2273 764 2362 κατηγορήσῃς
785 2275 867 2360 μηδὲ
887 2281 1046 2363 καθυφῇς
1065 2301 1097 2342 τι
1117 2282 1186 2342 τῶν

191 2376 329 2439 δικαίων
344 2380 405 2439 τοῦ
414 2371 548 2454 πατρός.
579 2369 616 2438 σέ
626 2373 680 2457 δέ,
703 2363 916 2457 όἮφαιστε,
938 2367 1098 2457 δικαστήν
1108 2396 1188 2438 ποι-

190 2475 291 2554 οῦμαι
307 2473 419 2554 ἔγωγε.

273 2573 347 2634 Ηο.
377 2564 439 2634 Μὰ
454 2565 530 2653 Δι’,
554 2563 638 2634 ἀλλὰ
653 2566 841 2651 κατήγοροι
854 2564 1099 2636 amomum}
1113 2576 1186 2635 ωε.

190 2689 230 2749 με
251 2665 351 2746 ἕξων,
373 2661 409 2741 ὃς
430 2659 467 2730 τό
482 2670 551 2748 πῦρ
569 2660 777 2749 ὑφελόμενος
792 2665 927 2751 ψυχράν
940 2692 997 2751 μοι
1011 2663 1072 2752 τήν
1087 2665 1188 2751 κάμι-

190 2785 252 2828 υου
267 2758 494 2836 ἀπολέλοιπας.

273 2863 412 2926 ΠΡΟΜ.
455 2853 591 2926 Οὐκοῦν
612 2859 800 2945 διελόμενοι
821 2859 884 2947 τήν
905 2869 1123 2949 κατηγορίαν,
1143 2885 1189 2929 ου

190 2955 252 3040 μὲν
266 2956 341 3041 περὶ
356 2961 414 3040 τῆς
424 2961 549 3040 κλοπῆς
559 2952 622 3042 ήδη
634 2956 786 3042 σύνειρε,
804 2955 950 3046 ὁἹίρμῆς
966 2959 1004 3026 δέ
1015 2957 1078 3045 τήν
1087 2984 1187 3044 κρεα-

193 3059 311 3139 νομίαν
339 3054 394 3120 καὶ
416 3049 479 3138 τήν
500 3049 780 3138 ἀνθρωποποιίαν
801 3056 996 3124 αἰτιάσεται·
1029 3054 1131 3142 ἀμφω
1150 3054 1189 3124 δέ

190 3165 332 3237 τεχνῖται
347 3152 402 3218 καὶ
419 3155 523 3218 εἰπεῖν
538 3154 641 3220 δεινοὶ
655 3155 781 3222 ἐοίκατε
795 3152 888 3221 εἶναι,
1267 3198 1268 3223 1

274 3255 349 3317 ΗΦ.
378 3246 415 3316 ‘0
429 3245 546 3338 Ἑρμῆς
564 3252 620 3318 καί
640 3247 726 3337 ὑπὲρ
749 3254 831 3338 ἐμοῦ
851 3255 934 3337 ἐρεί·
968 3251 1032 3339 ἐγά
1055 3251 1121 3340 γὰρ
1144 3249 1189 3320 od

190 3345 274 3431 πρός
293 3348 406 3434 λόγοις
427 3364 496 3430 τοίς
516 3354 699 3432 δικανικοῖς
714 3357 796 3440 είμι,
819 3348 892 3421 ἀλλ’
909 3349 996 3439 ἀμφὶ
1009 3349 1073 3439 τήν
1086 3350 1190 3434 κάμι·
