2550 3825
506 193 630 249 ΑΛΙΕ
638 194 704 248 ΤΣ.
1048 193 1110 254 269

189 355 280 416 IIEP
308 345 360 417 Οῦ
376 347 439 434 μὲν
452 343 532 434 οῦν,
550 346 633 417 άλλά
646 357 683 417 έν
698 377 735 437 γε
749 367 816 430 τοῖς
830 352 972 439 χρήμασι
984 360 1110 439 πρῶτοι

107 440 151 513 άν
162 443 255 533 ἡμεῖς
270 457 383 533 είημεν
397 451 431 514 οἱ
443 450 479 514 ἐκ
492 456 554 514 τοῦ
569 450 763 533 περιπάτου.

187 552 310 613 ΕΠΙΚ.
337 543 435 631 Ἡμῖν
453 560 521 623 τοῖς
543 543 778 630 Ἐπικουρείοις
800 536 878 627 τοῦς
900 555 1110 626 πλακοῦντας

106 643 182 711 δότε
196 646 250 712 καὶ
261 642 320 721 τάς
331 645 502 722 παλάθας·
526 648 601 728 περὶ
613 647 649 712 δὲ
663 653 731 713 των
745 654 839 731 μνῶν
853 653 1108 733 περιμενοῦμεν,

105 737 171 808 κάν
185 737 348 819 ὑστάτους
363 743 421 828 δέη
435 743 627 830 λαμβάνειν.

135 873 140 890 =
189 846 326 907 AKAA.
350 847 424 906 Ποῦ
434 838 475 907 τά
488 841 549 907 δῦο
560 841 720 919 τάλαντα;
735 846 885 928 δείξομεν
894 839 958 928 γάρ
970 847 1003 910 οί
1012 840 1108 908 Ἀκα-

106 938 260 1022 δημαῖκοὶ
275 935 356 1005 ὅσον
369 944 437 1004 τῶν
454 935 565 1004 άλλων
580 939 679 1024 ἐσμὲν
694 939 944 1024 ἐριστικώτεροι.
1202 931 1205 937 ’

189 1042 346 1103 ΣΤΩΙΚ.
369 1033 440 1120 Οὐχ
453 1033 548 1122 ἡμῶν
562 1062 601 1122 γε
614 1045 682 1103 τῶν
695 1043 856 1104 Στωϊκῶν
870 1037 1057 1121 παρόντων.

189 1137 241 1200 44.
264 1139 353 1199 ΦΙΛ.
382 1132 570 1200 Παύσασθε
591 1139 875 1218 φιλονεικοῦντες·
904 1131 998 1218 ὑμεῖς
1018 1133 1053 1201 δὲ
1077 1138 1111 1200 οί

105 1233 249 1298 Κυνικοὶ
263 1230 344 1316 μήτε
360 1228 476 1298 ὠθεῖτε
491 1228 656 1316 ἀλλήλους
674 1232 755 1318 μήτε
769 1245 837 1307 τοῖς
853 1232 964 1310 ξῦλοις
980 1239 1107 1298 παίετε·

106 1327 157 1396 ἐπ’
175 1327 259 1397 άλλα
273 1327 338 1415 γάρ
353 1337 421 1396 ἴστε
435 1332 645 1414 κεκλημένοι·
666 1331 720 1395 καὶ
735 1336 800 1395 νῦν
814 1334 916 1413 ἔγωγε
930 1325 951 1413 ἡ
964 1336 1109 1395 Φιλοσο·

106 1432 166 1514 φία
180 1430 235 1494 καί
245 1423 359 1512 Ἀρετὴ
374 1425 458 1512 αῦτη
469 1429 523 1494 καὶ
534 1426 689 1512 Ἀληθεια
704 1425 884 1511 δικάσομεν
900 1432 987 1503 τίνες
1002 1432 1036 1494 οί
1049 1423 1108 1512 ὀρ-

105 1534 177 1603 θος
200 1526 463 1611 φιλοσοφοῦντές
484 1530 584 1609 εἰσιν,
613 1522 681 1590 εἶτα
703 1521 777 1590 ὅσοι
796 1525 858 1610 μὲν
877 1520 921 1591 άν
942 1522 1108 1608 εῦρεθῦσι

106 1620 189 1689 κατά
204 1622 243 1690 τά
259 1620 338 1710 ἡμῖν
353 1626 518 1690 δοκοῦντα
533 1631 701 1742 βιοῦντες,
720 1619 1055 1708 εῦδαιμονησουσιν”
1033 1647 1108 1706 αρι-

106 1742 177 1788 στοι
192 1725 395 1840 κεκριμένοι·
416 1718 495 1800 τούς
508 1721 629 1808 γόητας
646 1721 683 1787 δε
698 1723 753 1788 καὶ
773 1719 874 1789 οῦδεν
886 1719 967 1807 ἡμῖν
980 1719 1108 1806 προσή-

106 1843 224 1898 κοντας
239 1817 363 1899 κακοῦς
378 1828 487 1897 κακῶς
508 1823 737 1906 ἐπιτρίψομεν,
762 1817 805 1898 ὡς
824 1817 868 1907 μὴ
884 1817 1107 1887 άντιποιοῖντο

106 1917 603 2004 τῶνῦπὲραῦτοῦςάλαζόνες”
583 1946 685 1997 οντες.
706 1928 741 1988 τι
748 1945 863 2000 τουτο,
886 1921 1042 2004 φεύγετες
1064 1914 1106 2001 νὴ

107 2023 188 2100 Δία,
206 2042 288 2082 κατα
299 2043 367 2083 των
380 2043 419 2101 γε
429 2042 587 2103 κρημνων
599 2022 632 2085 οί
641 2020 757 2086 πολλοὶ
768 2016 956 2102 αλλομενοι
980 2013 1105 2101 κενὴδ’

106 2107 203 2199 οὖνὴ
220 2112 414 2200 ἀκρόπολις,
431 2113 519 2199 πλὴν
536 2112 659 2199 ὀλίγων
674 2115 818 2199 τούτων,
835 2113 953 2181 ὁπόσοι
964 2113 1108 2199 μεμενή-

106 2232 205 2279 κασιν
222 2208 263 2277 οῦ
281 2214 486 2298 φοβηθέντες
499 2211 562 2299 τὴν
576 2219 695 2296 κρίσιν.
728 2218 778 2279 45.
802 2216 837 2279 οί
855 2211 1015 2297 ὑπηρέται
1029 2209 1108 2277 άνέ-
1126 2227 1175 2285 612

107 2319 207 2377 λεσθε
222 2307 283 2395 τὴν
294 2310 421 2397 πήραν,
436 2309 479 2398 ἢν
491 2309 509 2379 ὁ
521 2317 688 2388 Κυνίσκος
698 2308 883 2395 άπέρριφεν
894 2313 931 2376 έν
942 2317 982 2397 τῇ
992 2316 1107 2396 τροπῇ.

107 2406 184 2493 φέρ’
202 2412 263 2475 ίδω
276 2414 311 2475 τί
323 2410 378 2475 καὶ
393 2414 474 2494 ἔχει,
491 2408 513 2495 η’
527 2435 594 2477 που
609 2404 790 2493 θέρμουςῆ
806 2414 937 2494 βιβλίον
951 2404 973 2494 ἢ
988 2405 1110 2491 άρτους

106 2514 173 2573 τῶν
191 2504 439 2590 αῦτοπυριτωνς

190 2614 314 2675 ΠΑΡΡ.
340 2606 431 2691 Οῦκ,
458 2604 541 2675 άλλά
564 2612 702 2694 χρυσίον
723 2609 815 2673 τουτὶ
837 2608 893 2673 καὶ
908 2604 1018 2691 μῦρον
1043 2606 1110 2689 [καί

106 2711 315 2793 μαχαιρίδων
331 2705 486 2791 θυτικὸν]
500 2709 555 2774 καὶ
569 2705 757 2790 κάτοπτρον
771 2706 825 2771 καὶ
839 2705 974 2790 κύβους.

192 2814 280 2874 ΦΙΛ.
303 2799 355 2873 Εῦ
372 2833 426 2892 γε,
445 2798 472 2873 ά
486 2818 627 2889 γενναῖε.
656 2802 794 2871 τοιαῦτά
808 2824 860 2869 σοι
874 2796 919 2890 ἦν
932 2800 972 2870 τά
988 2803 1108 2889 ἐφόδια

105 2912 162 2991 τῆς
172 2903 341 2990 άσκήσεως
352 2906 406 2972 καὶ
415 2902 496 2990 μετὰ
504 2903 635 2973 τούτων
645 2900 757 2989 ἠξίους
767 2906 993 2984 λοιδορεῖσθαι
1005 2901 1108 2970 άπασι

106 3003 252 3080 καὶτοὺς
268 3002 390 3079 άλλους
406 3006 646 3087 παιδαγωγεῖν;

189 3107 313 3168 ΠΑΡΡ.
337 3107 490 3168 Τοιοῦτοι
503 3101 565 3187 μὲν
586 3094 651 3168 οῦν
669 3099 750 3186 ὑμῖν
764 3091 866 3167 οῦτοι.
894 3097 956 3186 χρὴ
971 3102 1007 3167 δὲ
1020 3097 1107 3185 ῦμάς

106 3218 241 3266 σκοπειν
265 3198 378 3267 ὅντινα
398 3198 524 3284 τρόπον
548 3197 760 3285 άγνοοῦμενα
778 3207 881 3267 ταῦτα
904 3198 1107 3267 πεπαύσεται

106 3299 159 3364 καὶ
179 3298 419 3382 διαγνώσονται
440 3302 474 3366 οί
493 3296 765 3384 ἐντυγχάνοντες,
791 3299 913 3374 οἵτινες
935 3300 969 3363 οί
983 3294 1107 3381 άγαθοί

106 3390 217 3461 αὐτῶν
233 3397 286 3462 καὶ
301 3398 420 3472 οἵτινες
431 3387 475 3462 αῦ
489 3397 591 3464 πάλιν
604 3400 639 3463 οί
646 3402 708 3462 τοῦ
722 3397 836 3478 ἑτέρου
845 3401 933 3477 βίον.
955 3392 996 3462 σῦ
1009 3397 1063 3479 δέ,
1080 3384 1108 3462 ά
