2550 3825
142 172 208 237 ιοο
514 180 819 256 Αοοαικαορ

227 342 325 405 ΜΙΝ.
346 344 462 423 Δῆλον
477 333 521 414 ἀς
532 334 762 422 τόνδικαοτην
775 335 796 425 ἢ
808 336 868 407 τόν
878 340 1056 426 τύραννον,
1072 341 1140 409 ἐπεὶ

141 432 219 502 οὐδὲ
230 437 266 502 τό
278 439 372 521 ξίφος
382 434 480 503 αύτό·
498 434 657 521 ὑπηρετεῖ
663 432 728 520 γάρ
741 434 887 521 όργανον
898 433 939 505 όν
948 446 1046 506 τούτο
1058 436 1141 524 πρός

139 531 198 601 τόν
211 531 326 618 θυμόν
340 540 384 623 τῷ
399 534 518 626 πρώτῳ
533 536 736 620 παρασχόντι
752 532 813 621 τὴν
828 542 946 604 αἰτίαν.

71 648 122 702 452
223 639 360 700 ΣΩΣΤ.
383 625 435 701 Εύ
452 659 506 718 γε,
526 626 553 699 ὦ
567 640 702 717 Μίνως,
721 631 771 699 ότι
786 635 840 701 καὶ
856 634 1081 714 ἐπιδαψιλεύει
1095 641 1141 718 τῷ

70 749 122 802 453
139 735 385 817 παραδείγματι.
403 727 447 816 ἢν
457 735 496 799 δέ
504 758 554 810 τις
567 729 821 811 ἀποστείλαντος
831 740 893 800 τού
903 731 1140 821 δεσπότονῆκη

70 854 122 907 454
140 827 240 908 αύτός
254 827 379 917 χρυσόν
393 826 416 916 ἦ
432 829 581 917 ἀργυρον
595 836 754 916 κομίζων,
769 838 835 899 τίνι
847 830 909 917 τὴν
919 833 1018 918 χάριν
1032 834 1140 899 ἰστέον

139 926 160 1016 ἢ
174 934 248 996 τίνα
263 927 438 1014 εὐεργέτην
452 928 699 1015 ἀναγραπτέον;

223 1034 324 1096 ΜΙΝ.
352 1026 420 1094 Τόν
435 1030 625 1113 πέμψαντα,
648 1020 883 1114 ύΣοέστρατε·
906 1030 1061 1108 διάκονος
1074 1027 1140 1113 γάρ

139 1125 157 1195 ὁ
174 1132 311 1213 κομίσας
324 1119 376 1212 ἦν.

221 1231 251 1292 3.
275 1230 413 1291 MT.
436 1220 573 1290 Ούκούν
593 1220 674 1309 ὁρᾷς
695 1221 785 1302 ὅπως
799 1222 897 1291 ἀδικα
917 1240 1022 1303 ποιεῖς
1039 1224 1140 1292 κολά-

138 1332 203 1404 ζων
216 1320 300 1409 ἡμᾶς
309 1319 474 1408 ὑπηρέτας
480 1322 681 1406 γενομένους
693 1312 741 1407 ύν
754 1320 774 1407 ἡ
787 1320 919 1390 Κλωθώ
931 1324 1139 1408 προσέταττε,

137 1424 193 1489 καλ
199 1420 339 1498 τούτους
347 1427 452 1507 τιμῶν
462 1417 540 1497 τούς
551 1421 855 1505 διακονησαμένους
864 1418 1047 1505 ἀλλοτρίοις
1057 1419 1140 1505 ἀγα-

137 1531 229 1600 θοῑς;
251 1516 293 1585 ού
310 1516 374 1604 γάρ
390 1515 432 1602 δὴ
453 1518 560 1585 ἐκεῖνό
575 1544 613 1603 γε
627 1522 732 1585 εἰπεῖν
749 1524 815 1604 έχοι
828 1546 875 1597 τις
889 1518 948 1604 ἀν,
969 1516 1014 1599 ὡς
1026 1518 1062 1587 τό
1078 1518 1139 1587 ἀν-

137 1621 278 1704 τιλέγειν
299 1616 444 1685 δυνατδν
463 1608 507 1702 ἦν
522 1630 589 1694 τοῖς
605 1614 686 1701 μετά
708 1616 815 1704 πάσης
837 1614 984 1704 ἀνάγκης
999 1640 1137 1703 προστε-

138 1720 320 1804 ταγμένοις.
647 1758 651 1769 ›

221 1822 321 1883 MIN.
350 1807 390 1881 Ὠ
406 1812 600 1897 Σώστρατε,
617 1811 723 1881 πολλὰ
747 1818 829 1892 ίδοις
850 1810 894 1881 ἀν
914 1820 969 1882 καλ
990 1815 1073 1883 ἀλλα
1096 1811 1138 1881 ού

138 1910 337 1998 κατὰλόγον
352 1911 550 1998 γιγνόμενα,
566 1919 598 1990 εί
609 1910 753 2000 ἀκριβῶς
767 1914 933 1994 ἐξετάζοις.
957 1912 1045 2000 πλὴν
1054 1910 1138 1982 ἀλλά

138 2012 181 2081 σύ
197 2019 294 2080 τούτο
316 2008 517 2088 ἀπολαύσεις
536 2018 592 2097 τῆς
614 2012 819 2096 ἐρωτήσεως,
848 2012 933 2080 διότι
957 2011 999 2080 ού
1016 2011 1138 2101 ληστης

138 2110 254 2196 μόνον,
266 2106 350 2177 ἀλλά
362 2112 417 2176 καὶ
428 2107 586 2193 σοφιστής
597 2134 645 2184 τις
658 2106 741 2175 εἶναι
753 2114 869 2187 δοκεῖς.
893 2108 1066 2178 ἀπόλυσον
1075 2107 1138 2176 αύ-

138 2210 213 2292 τόν,
230 2201 384 2294 όἙρμῆ,
400 2210 454 2276 καὶ
467 2210 580 2293 μηκέτι
593 2210 792 2287 κολαζέσθω.
815 2206 877 2293 δρα
890 2209 925 2275 δὲ
940 2206 985 2295 μὴ
996 2212 1050 2276 καὶ
1060 2205 1138 2287 τούς

138 2307 259 2387 ἀλλους
273 2304 413 2392 νεκρούς
427 2304 467 2375 τά
483 2304 581 2390 ὅμοια
598 2309 725 2388 ἐρωτᾶν
742 2308 883 2395 διδάξης.

532 2489 738 2498 ffl—

63 2654 113 2706 εει
200 2638 515 2705 ΜΕΝΙΠΠΟΣ
544 2646 580 2700 Η
608 2637 1069 2706 ΝΕΚΥΟΜΑΝΤΕΙΛ.

360 2763 577 2814 ΜΕΝΙΠΠΟΣ
593 2767 660 2815 και
675 2763 901 2815 mmmm.

216 2903 245 2964 l.
261 2903 373 2963 MEN.
388 2887 427 2962 Ὠ
436 2910 527 2981 χαῖρε
537 2899 708 2981 μέλαθρον
719 2897 875 2979 πρόπυλά
886 2894 918 2964 θ’
929 2898 1033 2974 ἑστίας
1044 2898 1134 2981 ἐμῆς,

392 2991 435 3071 ὡς
450 2993 592 3080 ἄσμενός
608 2998 648 3064 σέ
660 2993 691 3080 γ’
708 2995 798 3062 είδον
812 2999 845 3074 ές
861 2996 946 3083 φάος
961 2995 1084 3081 μολόν.

215 3099 303 3160 (MA.
328 3090 380 3160 Ού
390 3095 567 3172 Μένιππος
577 3087 676 3171 οὗτός
688 3091 805 3162 ἐστινὸ
821 3094 931 3175 κύων;
946 3090 987 3161 ού
997 3095 1060 3178 μὲν
1070 3085 1134 3160 οὖν

62 3214 113 3268 456
130 3192 245 3276 ἄλλος,
268 3197 298 3258 εἰ
317 3189 361 3277 μὴ
384 3189 447 3276 έγύ
463 3195 678 3279 παραβλέπω·
710 3195 887 3271 Μένιππος
909 3191 994 3270 όλος.
1022 3198 1056 3259 τί
1069 3184 1134 3258 οὖν

129 3286 218 3378 αὐτῷ
240 3286 396 3376 βούλεται
417 3286 453 3357 τό
477 3287 660 3358 ἀλλόκοτον
681 3298 740 3358 τοῦ
762 3291 940 3378 σχήματος,
964 3298 1059 3367 πῖλος
1078 3292 1134 3356 καὶ

131 3385 215 3466 λύρα
226 3387 280 3453 καὶ
291 3393 424 3471 λεοντῆς
446 3394 621 3472 προσιτέον
632 3393 668 3457 δὲ
680 3388 770 3472 ὅμως
781 3387 878 3475 αύτῷ.
900 3405 1007 3474 χαῖρε,
1021 3380 1047 3456 ό
1059 3390 1131 3455 Μέ-
