<?xml version="1.0" encoding="UTF-8"?>
<!DOCTYPE html PUBLIC "-//W3C//DTD XHTML 1.0 Transitional//EN"
    "http://www.w3.org/TR/xhtml1/DTD/xhtml1-transitional.dtd">
<html xmlns="http://www.w3.org/1999/xhtml" xml:lang="en" lang="en">
 <head>
  <title>
</title>
<meta http-equiv="Content-Type" content="text/html;charset=utf-8" />
  <meta name='ocr-system' content='tesseract 3.04.00' />
  <meta name='ocr-capabilities' content='ocr_page ocr_carea ocr_par ocr_line ocrx_word'/>
</head>
<body>
  <div class='ocr_page' id='page_1' title='image "./lucianisamosate03jacogoog_0239.png"; bbox 0 0 2550 3825; ppageno 0'>
   <div class='ocr_carea' id='block_1_1' title="bbox 180 179 838 242">
    <p class='ocr_par' dir='ltr' id='par_1_1' title="bbox 180 179 838 242">
     <span class='ocr_line' id='line_1_1' title="bbox 180 179 838 242; baseline -0.003 -3"><span class='ocrx_word' id='word_1_1' title='bbox 180 179 244 242; x_wconf 78' lang='lat'><strong><em>210</em></strong></span> <span class='ocrx_word' id='word_1_2' title='bbox 532 180 838 240; x_wconf 71' lang='lat' dir='ltr'><strong><em>AOPKIANOT</em></strong></span> 
     </span>
    </p>
   </div>
   <div class='ocr_carea' id='block_1_2' title="bbox 181 333 1183 1692">
    <p class='ocr_par' dir='ltr' id='par_1_2' title="bbox 181 333 1179 622">
     <span class='ocr_line' id='line_1_2' title="bbox 181 333 1179 429; baseline -0.006 -21"><span class='ocrx_word' id='word_1_3' title='bbox 181 336 255 410; x_wconf 88' lang='grc' dir='ltr'><strong><em>τινά</em></strong></span> <span class='ocrx_word' id='word_1_4' title='bbox 271 357 325 409; x_wconf 80' lang='grc' dir='ltr'><strong><em>καί</em></strong></span> <span class='ocrx_word' id='word_1_5' title='bbox 342 338 424 423; x_wconf 84' lang='grc' dir='ltr'><strong><em>πρός</em></strong></span> <span class='ocrx_word' id='word_1_6' title='bbox 444 348 542 407; x_wconf 82' lang='grc' dir='ltr'><strong><em>τοῦτο</em></strong></span> <span class='ocrx_word' id='word_1_7' title='bbox 563 337 695 429; x_wconf 80' lang='grc' dir='ltr'><strong><em>ε’πφδην</em></strong></span> <span class='ocrx_word' id='word_1_8' title='bbox 711 338 842 425; x_wconf 83' lang='grc' dir='ltr'><strong><em>λαβόν,</em></strong></span> <span class='ocrx_word' id='word_1_9' title='bbox 868 336 1030 406; x_wconf 88' lang='grc' dir='ltr'><strong><em>κάπειδάν</em></strong></span> <span class='ocrx_word' id='word_1_10' title='bbox 1044 347 1125 406; x_wconf 80' lang='grc' dir='ltr'><strong><em>είπω</em></strong></span> <span class='ocrx_word' id='word_1_11' title='bbox 1139 333 1179 403; x_wconf 85' lang='grc' dir='ltr'><strong><em>τά</em></strong></span> 
     </span>
     <span class='ocr_line' id='line_1_3' title="bbox 182 433 1176 525; baseline -0.006 -18"><span class='ocrx_word' id='word_1_12' title='bbox 182 443 260 524; x_wconf 78' lang='grc' dir='ltr'><strong><em>έπη,</em></strong></span> <span class='ocrx_word' id='word_1_13' title='bbox 284 441 430 524; x_wconf 88' lang='grc' dir='ltr'><strong><em>μέμνησο</em></strong></span> <span class='ocrx_word' id='word_1_14' title='bbox 451 439 565 523; x_wconf 79' lang='grc' dir='ltr'><strong><em>μηκέτι</em></strong></span> <span class='ocrx_word' id='word_1_15' title='bbox 585 436 831 525; x_wconf 75' lang='grc' dir='ltr'><strong><em>ἀμβλυώττειν,</em></strong></span> <span class='ocrx_word' id='word_1_16' title='bbox 858 433 941 504; x_wconf 86' lang='grc' dir='ltr'><strong><em>ἀλλά</em></strong></span> <span class='ocrx_word' id='word_1_17' title='bbox 963 443 1077 522; x_wconf 78' lang='grc' dir='ltr'><strong><em>σαφῶς</em></strong></span> <span class='ocrx_word' id='word_1_18' title='bbox 1093 433 1176 501; x_wconf 85' lang='grc' dir='ltr'><strong><em>πύν·</em></strong></span> 
     </span>
     <span class='ocr_line' id='line_1_4' title="bbox 182 533 328 622; baseline -0.021 -18"><span class='ocrx_word' id='word_1_19' title='bbox 182 564 222 604; x_wconf 92' lang='grc' dir='ltr'><strong><em>τα</em></strong></span> <span class='ocrx_word' id='word_1_20' title='bbox 236 533 328 622; x_wconf 81' lang='grc' dir='ltr'><strong><em>ὁρᾶν.</em></strong></span> 
     </span>
    </p>

    <p class='ocr_par' dir='ltr' id='par_1_3' title="bbox 265 632 599 720">
     <span class='ocr_line' id='line_1_5' title="bbox 265 632 599 720; baseline -0.009 -17"><span class='ocrx_word' id='word_1_21' title='bbox 265 643 361 704; x_wconf 86' lang='grc' dir='ltr'><em>ΧΑΡ.</em></span> <span class='ocrx_word' id='word_1_22' title='bbox 385 636 470 720; x_wconf 83' lang='grc' dir='ltr'><strong><em>Λέγε</em></strong></span> <span class='ocrx_word' id='word_1_23' title='bbox 484 632 599 719; x_wconf 86' lang='grc' dir='ltr'><strong><em>μόνον.</em></strong></span> 
     </span>
    </p>

    <p class='ocr_par' dir='ltr' id='par_1_4' title="bbox 268 723 1181 817">
     <span class='ocr_line' id='line_1_6' title="bbox 268 723 1181 817; baseline -0.008 -16"><span class='ocrx_word' id='word_1_24' title='bbox 268 739 370 801; x_wconf 82' lang='grc' dir='ltr'><em>ΕΡΜ.</em></span> <span class='ocrx_word' id='word_1_25' title='bbox 389 727 506 816; x_wconf 84' lang='grc' dir='ltr'><strong><em>Ἀχλύν</em></strong></span> <span class='ocrx_word' id='word_1_26' title='bbox 520 727 551 796; x_wconf 87' lang='grc' dir='ltr'><strong><em>δ’</em></strong></span> <span class='ocrx_word' id='word_1_27' title='bbox 569 723 614 796; x_wconf 86' lang='grc' dir='ltr'><strong><em>αύ</em></strong></span> <span class='ocrx_word' id='word_1_28' title='bbox 625 756 676 797; x_wconf 91' lang='grc' dir='ltr'><strong><em>τοι</em></strong></span> <span class='ocrx_word' id='word_1_29' title='bbox 690 727 748 796; x_wconf 91' lang='grc' dir='ltr'><strong><em>ἀπ’</em></strong></span> <span class='ocrx_word' id='word_1_30' title='bbox 762 728 948 817; x_wconf 78' lang='grc' dir='ltr'><strong><em>ὀφθαλμῶν</em></strong></span> <span class='ocrx_word' id='word_1_31' title='bbox 961 730 1054 814; x_wconf 80' lang='grc' dir='ltr'><strong><em>ἕλον,</em></strong></span> <span class='ocrx_word' id='word_1_32' title='bbox 1070 726 1181 814; x_wconf 76' lang='grc' dir='ltr'><strong><em>ἢπρὶν</em></strong></span> 
     </span>
    </p>

    <p class='ocr_par' dir='ltr' id='par_1_5' title="bbox 392 830 1180 1012">
     <span class='ocr_line' id='line_1_7' title="bbox 903 830 1012 913; baseline -0.018 -18"><span class='ocrx_word' id='word_1_33' title='bbox 903 830 1012 913; x_wconf 81' lang='grc' dir='ltr'><strong><em>ἐπῆεν,</em></strong></span> 
     </span>
     <span class='ocr_line' id='line_1_8' title="bbox 392 916 1180 1012; baseline 0.001 -20"><span class='ocrx_word' id='word_1_34' title='bbox 392 921 472 1011; x_wconf 80' lang='grc' dir='ltr'><strong><em>ὄφρ’</em></strong></span> <span class='ocrx_word' id='word_1_35' title='bbox 491 916 530 991; x_wconf 87' lang='grc' dir='ltr'><strong><em>εύ</em></strong></span> <span class='ocrx_word' id='word_1_36' title='bbox 543 924 708 1012; x_wconf 74' lang='grc' dir='ltr'><strong><em>γινώσκῃς</em></strong></span> <span class='ocrx_word' id='word_1_37' title='bbox 727 922 810 1011; x_wconf 76' lang='grc' dir='ltr'><strong><em>ἠμὲν</em></strong></span> <span class='ocrx_word' id='word_1_38' title='bbox 822 936 906 993; x_wconf 87' lang='grc' dir='ltr'><strong><em>θεον</em></strong></span> <span class='ocrx_word' id='word_1_39' title='bbox 920 923 979 1011; x_wconf 70' lang='grc' dir='ltr'><strong><em>ἠδέ</em></strong></span> <span class='ocrx_word' id='word_1_40' title='bbox 995 927 1049 993; x_wconf 84' lang='grc' dir='ltr'><strong><em>καὶ</em></strong></span> <span class='ocrx_word' id='word_1_41' title='bbox 1065 923 1180 1009; x_wconf 88' lang='grc' dir='ltr'><strong><em>ἀνδρα.</em></strong></span> 
     </span>
    </p>

    <p class='ocr_par' dir='ltr' id='par_1_6' title="bbox 182 1020 531 1111">
     <span class='ocr_line' id='line_1_9' title="bbox 182 1020 531 1111; baseline -0.006 -18"><span class='ocrx_word' id='word_1_42' title='bbox 182 1032 216 1093; x_wconf 92' lang='grc' dir='ltr'><strong><em>τί</em></strong></span> <span class='ocrx_word' id='word_1_43' title='bbox 228 1027 333 1105; x_wconf 83' lang='grc' dir='ltr'><strong><em>έστιν;</em></strong></span> <span class='ocrx_word' id='word_1_44' title='bbox 354 1023 418 1109; x_wconf 78' lang='grc' dir='ltr'><strong><em>ἤδη</em></strong></span> <span class='ocrx_word' id='word_1_45' title='bbox 433 1020 531 1111; x_wconf 74' lang='grc' dir='ltr'><strong><em>ὁρᾷςς</em></strong></span> 
     </span>
    </p>

    <p class='ocr_par' dir='ltr' id='par_1_7' title="bbox 184 1116 1183 1596">
     <span class='ocr_line' id='line_1_10' title="bbox 266 1116 1182 1207; baseline -0.007 -16"><span class='ocrx_word' id='word_1_46' title='bbox 266 1130 362 1191; x_wconf 86' lang='grc' dir='ltr'><em>ΧΑΡ.</em></span> <span class='ocrx_word' id='word_1_47' title='bbox 378 1121 571 1205; x_wconf 71' lang='grc' dir='ltr'><strong><em>’Τπερφνῶς</em></strong></span> <span class='ocrx_word' id='word_1_48' title='bbox 582 1145 637 1206; x_wconf 89' lang='grc' dir='ltr'><strong><em>γε·</em></strong></span> <span class='ocrx_word' id='word_1_49' title='bbox 659 1118 785 1205; x_wconf 82' lang='grc' dir='ltr'><strong><em>τυφλός</em></strong></span> <span class='ocrx_word' id='word_1_50' title='bbox 802 1118 983 1207; x_wconf 88' lang='grc' dir='ltr'><strong><em>ὁΛυγκεύς</em></strong></span> <span class='ocrx_word' id='word_1_51' title='bbox 997 1123 1121 1197; x_wconf 80' lang='grc' dir='ltr'><strong><em>ἐκεῖνος</em></strong></span> <span class='ocrx_word' id='word_1_52' title='bbox 1138 1116 1182 1197; x_wconf 81' lang='grc' dir='ltr'><strong><em>ὡς</em></strong></span> 
     </span>
     <span class='ocr_line' id='line_1_11' title="bbox 184 1215 1181 1307; baseline -0.004 -20"><span class='ocrx_word' id='word_1_53' title='bbox 184 1218 267 1305; x_wconf 81' lang='grc' dir='ltr'><strong><em>πρὸς</em></strong></span> <span class='ocrx_word' id='word_1_54' title='bbox 277 1222 336 1307; x_wconf 83' lang='grc' dir='ltr'><strong><em>έμέ</em></strong></span> <span class='ocrx_word' id='word_1_55' title='bbox 341 1246 347 1258; x_wconf 94' lang='grc'><em>·</em></span> <span class='ocrx_word' id='word_1_56' title='bbox 372 1216 454 1286; x_wconf 75' lang='grc' dir='ltr'><strong><em>ὥστε</em></strong></span> <span class='ocrx_word' id='word_1_57' title='bbox 464 1215 508 1285; x_wconf 86' lang='grc' dir='ltr'><strong><em>σύ</em></strong></span> <span class='ocrx_word' id='word_1_58' title='bbox 517 1216 554 1284; x_wconf 81' lang='grc' dir='ltr'><strong><em>τό</em></strong></span> <span class='ocrx_word' id='word_1_59' title='bbox 567 1219 619 1285; x_wconf 81' lang='grc' dir='ltr'><strong><em>ἐπὶ</em></strong></span> <span class='ocrx_word' id='word_1_60' title='bbox 628 1218 735 1307; x_wconf 78' lang='grc' dir='ltr'><strong><em>τούτῳ</em></strong></span> <span class='ocrx_word' id='word_1_61' title='bbox 750 1220 972 1304; x_wconf 79' lang='grc' dir='ltr'><strong><em>προσδίδασκέ</em></strong></span> <span class='ocrx_word' id='word_1_62' title='bbox 980 1244 1020 1303; x_wconf 91' lang='grc' dir='ltr'><strong><em>με</em></strong></span> <span class='ocrx_word' id='word_1_63' title='bbox 1031 1220 1085 1285; x_wconf 85' lang='grc' dir='ltr'><strong><em>καὶ</em></strong></span> <span class='ocrx_word' id='word_1_64' title='bbox 1097 1215 1181 1283; x_wconf 91' lang='grc' dir='ltr'><strong><em>ἀπο-</em></strong></span> 
     </span>
     <span class='ocr_line' id='line_1_12' title="bbox 184 1312 1182 1403; baseline -0.006 -18"><span class='ocrx_word' id='word_1_65' title='bbox 184 1324 304 1403; x_wconf 88' lang='grc' dir='ltr'><strong><em>κρίνου</em></strong></span> <span class='ocrx_word' id='word_1_66' title='bbox 319 1320 491 1401; x_wconf 79' lang='grc' dir='ltr'><strong><em>ἐρωτῶντι.</em></strong></span> <span class='ocrx_word' id='word_1_67' title='bbox 525 1312 607 1382; x_wconf 88' lang='grc' dir='ltr'><strong><em>ἀλλά</em></strong></span> <span class='ocrx_word' id='word_1_68' title='bbox 623 1316 737 1402; x_wconf 80' lang='grc' dir='ltr'><strong><em>βούλει</em></strong></span> <span class='ocrx_word' id='word_1_69' title='bbox 754 1314 845 1403; x_wconf 84' lang='grc' dir='ltr'><strong><em>κάγιδ</em></strong></span> <span class='ocrx_word' id='word_1_70' title='bbox 860 1314 942 1383; x_wconf 78' lang='grc' dir='ltr'><strong><em>κατὰ</em></strong></span> <span class='ocrx_word' id='word_1_71' title='bbox 959 1312 1019 1383; x_wconf 81' lang='grc' dir='ltr'><strong><em>τόν</em></strong></span> <span class='ocrx_word' id='word_1_72' title='bbox 1035 1313 1182 1401; x_wconf 82' lang='grc' dir='ltr'><strong><em>Ὅμηρον</em></strong></span> 
     </span>
     <span class='ocr_line' id='line_1_13' title="bbox 185 1409 1183 1501; baseline -0.004 -19"><span class='ocrx_word' id='word_1_73' title='bbox 185 1414 346 1500; x_wconf 80' lang='grc' dir='ltr'><strong><em>ἐρήσομαί</em></strong></span> <span class='ocrx_word' id='word_1_74' title='bbox 360 1432 413 1498; x_wconf 90' lang='grc' dir='ltr'><strong><em>σε,</em></strong></span> <span class='ocrx_word' id='word_1_75' title='bbox 436 1409 482 1491; x_wconf 75' lang='grc' dir='ltr'><strong><em>ὡς</em></strong></span> <span class='ocrx_word' id='word_1_76' title='bbox 495 1413 608 1501; x_wconf 88' lang='grc' dir='ltr'><strong><em>μάθης</em></strong></span> <span class='ocrx_word' id='word_1_77' title='bbox 624 1410 699 1480; x_wconf 80' lang='grc' dir='ltr'><strong><em>οὐδ’</em></strong></span> <span class='ocrx_word' id='word_1_78' title='bbox 716 1410 820 1480; x_wconf 87' lang='grc' dir='ltr'><strong><em>αύτὸν</em></strong></span> <span class='ocrx_word' id='word_1_79' title='bbox 834 1410 1032 1498; x_wconf 72' lang='grc' dir='ltr'><strong><em>ἀμελέτητον</em></strong></span> <span class='ocrx_word' id='word_1_80' title='bbox 1047 1409 1126 1479; x_wconf 81' lang='grc' dir='ltr'><strong><em>ὄντα</em></strong></span> <span class='ocrx_word' id='word_1_81' title='bbox 1142 1437 1183 1497; x_wconf 86' lang='grc' dir='ltr'><strong><em>με</em></strong></span> 
     </span>
     <span class='ocr_line' id='line_1_14' title="bbox 184 1507 423 1596; baseline -0.008 -19"><span class='ocrx_word' id='word_1_82' title='bbox 184 1518 250 1579; x_wconf 78' lang='grc' dir='ltr'><strong><em>τῶν</em></strong></span> <span class='ocrx_word' id='word_1_83' title='bbox 263 1507 423 1596; x_wconf 72' lang='grc' dir='ltr'><strong><em>Ὁμήρους</em></strong></span> 
     </span>
    </p>

    <p class='ocr_par' dir='ltr' id='par_1_8' title="bbox 269 1606 1183 1692">
     <span class='ocr_line' id='line_1_15' title="bbox 269 1606 1183 1692; baseline -0.001 -18"><span class='ocrx_word' id='word_1_84' title='bbox 269 1612 372 1674; x_wconf 83' lang='grc' dir='ltr'><em>ΕΡΜ.</em></span> <span class='ocrx_word' id='word_1_85' title='bbox 404 1608 469 1674; x_wconf 81' lang='grc' dir='ltr'><strong><em>Καὶ</em></strong></span> <span class='ocrx_word' id='word_1_86' title='bbox 489 1607 598 1674; x_wconf 86' lang='grc' dir='ltr'><strong><em>πόθεν</em></strong></span> <span class='ocrx_word' id='word_1_87' title='bbox 618 1606 661 1673; x_wconf 87' lang='grc' dir='ltr'><strong><em>σύ</em></strong></span> <span class='ocrx_word' id='word_1_88' title='bbox 683 1613 764 1692; x_wconf 80' lang='grc' dir='ltr'><strong><em>ἔχεις</em></strong></span> <span class='ocrx_word' id='word_1_89' title='bbox 783 1634 814 1675; x_wconf 91' lang='grc' dir='ltr'><strong><em>τι</em></strong></span> <span class='ocrx_word' id='word_1_90' title='bbox 834 1616 902 1674; x_wconf 79' lang='grc' dir='ltr'><strong><em>τῶν</em></strong></span> <span class='ocrx_word' id='word_1_91' title='bbox 917 1612 1045 1676; x_wconf 90' lang='grc' dir='ltr'><strong><em>έκείνου</em></strong></span> <span class='ocrx_word' id='word_1_92' title='bbox 1061 1609 1183 1675; x_wconf 83' lang='grc' dir='ltr'><strong><em>εἰδέναι</em></strong></span> 
     </span>
    </p>
   </div>
   <div class='ocr_carea' id='block_1_3' title="bbox 117 1703 732 1790">
    <p class='ocr_par' dir='ltr' id='par_1_9' title="bbox 117 1703 732 1790">
     <span class='ocr_line' id='line_1_16' title="bbox 117 1703 732 1790; baseline -0.01 -14"><span class='ocrx_word' id='word_1_93' title='bbox 117 1721 168 1775; x_wconf 69' lang='lat'><strong><em>499</em></strong></span> <span class='ocrx_word' id='word_1_94' title='bbox 186 1705 308 1790; x_wconf 81' lang='grc' dir='ltr'><strong><em>ναύτης</em></strong></span> <span class='ocrx_word' id='word_1_95' title='bbox 324 1703 375 1771; x_wconf 84' lang='grc' dir='ltr'><strong><em>ἀεὶ</em></strong></span> <span class='ocrx_word' id='word_1_96' title='bbox 389 1705 443 1771; x_wconf 80' lang='grc' dir='ltr'><strong><em>καὶ</em></strong></span> <span class='ocrx_word' id='word_1_97' title='bbox 456 1705 654 1787; x_wconf 83' lang='grc' dir='ltr'><strong><em>πρόσκωπος</em></strong></span> <span class='ocrx_word' id='word_1_98' title='bbox 669 1703 732 1784; x_wconf 73' lang='grc' dir='ltr'><strong><em>ύνς</em></strong></span> 
     </span>
    </p>
   </div>
   <div class='ocr_carea' id='block_1_4' title="bbox 119 3279 169 3332">
    <p class='ocr_par' dir='ltr' id='par_1_10' title="bbox 119 3279 169 3332">
     <span class='ocr_line' id='line_1_17' title="bbox 119 3279 169 3332; baseline 0.08 -4"><span class='ocrx_word' id='word_1_99' title='bbox 119 3279 169 3332; x_wconf 79' lang='grc'><strong><em>500</em></strong></span> 
     </span>
    </p>
   </div>
   <div class='ocr_carea' id='block_1_5' title="bbox 186 1798 1189 3457">
    <p class='ocr_par' dir='ltr' id='par_1_11' title="bbox 186 1798 1188 3162">
     <span class='ocr_line' id='line_1_18' title="bbox 268 1798 1183 1889; baseline 0.001 -21"><span class='ocrx_word' id='word_1_100' title='bbox 268 1808 364 1869; x_wconf 84' lang='grc' dir='ltr'><em>ΧΑΡ.</em></span> <span class='ocrx_word' id='word_1_101' title='bbox 383 1798 496 1889; x_wconf 74' lang='grc' dir='ltr'><strong><em>Ὁρςῖςς</em></strong></span> <span class='ocrx_word' id='word_1_102' title='bbox 516 1799 736 1867; x_wconf 78' lang='grc' dir='ltr'><strong><em>ὀνειδιστικὸν</em></strong></span> <span class='ocrx_word' id='word_1_103' title='bbox 750 1810 846 1870; x_wconf 86' lang='grc' dir='ltr'><strong><em>τοῦτο</em></strong></span> <span class='ocrx_word' id='word_1_104' title='bbox 858 1806 891 1881; x_wconf 86' lang='grc' dir='ltr'><strong><em>ές</em></strong></span> <span class='ocrx_word' id='word_1_105' title='bbox 901 1800 963 1888; x_wconf 79' lang='grc' dir='ltr'><strong><em>τὴν</em></strong></span> <span class='ocrx_word' id='word_1_106' title='bbox 975 1804 1101 1889; x_wconf 87' lang='grc' dir='ltr'><strong><em>τέχνην.</em></strong></span> <span class='ocrx_word' id='word_1_107' title='bbox 1118 1801 1183 1889; x_wconf 79' lang='grc' dir='ltr'><strong><em>έγώ</em></strong></span> 
     </span>
     <span class='ocr_line' id='line_1_19' title="bbox 186 1898 1184 1991; baseline 0 -21"><span class='ocrx_word' id='word_1_108' title='bbox 186 1900 222 1970; x_wconf 77' lang='grc' dir='ltr'><strong><em>δέ</em></strong></span> <span class='ocrx_word' id='word_1_109' title='bbox 243 1898 343 1968; x_wconf 80' lang='grc' dir='ltr'><strong><em>ὁπότε</em></strong></span> <span class='ocrx_word' id='word_1_110' title='bbox 357 1899 605 1986; x_wconf 77' lang='grc' dir='ltr'><strong><em>διεπόρθμευον</em></strong></span> <span class='ocrx_word' id='word_1_111' title='bbox 619 1898 724 1968; x_wconf 86' lang='grc' dir='ltr'><strong><em>αύτόν</em></strong></span> <span class='ocrx_word' id='word_1_112' title='bbox 739 1900 969 1990; x_wconf 89' lang='grc' dir='ltr'><strong><em>ἀποθανόντα,</em></strong></span> <span class='ocrx_word' id='word_1_113' title='bbox 996 1901 1101 1972; x_wconf 77' lang='grc' dir='ltr'><strong><em>πολλοὶ</em></strong></span> <span class='ocrx_word' id='word_1_114' title='bbox 1123 1907 1184 1991; x_wconf 82' lang='grc' dir='ltr'><strong><em>ῥα-</em></strong></span> 
     </span>
     <span class='ocr_line' id='line_1_20' title="bbox 186 1994 1185 2088; baseline 0.002 -23"><span class='ocrx_word' id='word_1_115' title='bbox 186 2002 379 2088; x_wconf 76' lang='grc' dir='ltr'><strong><em>ψῳδοῦντος</em></strong></span> <span class='ocrx_word' id='word_1_116' title='bbox 392 1994 537 2076; x_wconf 88' lang='grc' dir='ltr'><strong><em>ἀκούσας</em></strong></span> <span class='ocrx_word' id='word_1_117' title='bbox 556 2000 656 2067; x_wconf 89' lang='grc' dir='ltr'><strong><em>ένίων</em></strong></span> <span class='ocrx_word' id='word_1_118' title='bbox 671 2005 717 2067; x_wconf 82' lang='grc' dir='ltr'><strong><em>ἔτι</em></strong></span> <span class='ocrx_word' id='word_1_119' title='bbox 731 2003 914 2088; x_wconf 86' lang='grc' dir='ltr'><strong><em>μέμνημαι·</em></strong></span> <span class='ocrx_word' id='word_1_120' title='bbox 941 2008 1046 2070; x_wconf 90' lang='grc' dir='ltr'><strong><em>καίτοι</em></strong></span> <span class='ocrx_word' id='word_1_121' title='bbox 1062 2001 1185 2088; x_wconf 76' lang='grc' dir='ltr'><strong><em>χειμὼν</em></strong></span> 
     </span>
     <span class='ocr_line' id='line_1_21' title="bbox 187 2092 1184 2185; baseline 0.004 -23"><span class='ocrx_word' id='word_1_122' title='bbox 187 2095 271 2185; x_wconf 80' lang='grc' dir='ltr'><strong><em>ἡμᾶς</em></strong></span> <span class='ocrx_word' id='word_1_123' title='bbox 294 2092 336 2163; x_wconf 90' lang='grc' dir='ltr'><strong><em>ού</em></strong></span> <span class='ocrx_word' id='word_1_124' title='bbox 356 2093 472 2182; x_wconf 83' lang='grc' dir='ltr'><strong><em>μικρός</em></strong></span> <span class='ocrx_word' id='word_1_125' title='bbox 492 2097 566 2164; x_wconf 90' lang='grc' dir='ltr'><strong><em>τότε</em></strong></span> <span class='ocrx_word' id='word_1_126' title='bbox 593 2097 848 2184; x_wconf 79' lang='grc' dir='ltr'><strong><em>κατελάμβανεν.</em></strong></span> <span class='ocrx_word' id='word_1_127' title='bbox 883 2100 951 2166; x_wconf 83' lang='grc' dir='ltr'><strong><em>ἐπεὶ</em></strong></span> <span class='ocrx_word' id='word_1_128' title='bbox 977 2096 1041 2184; x_wconf 81' lang='grc' dir='ltr'><strong><em>γὰρ</em></strong></span> <span class='ocrx_word' id='word_1_129' title='bbox 1065 2097 1184 2185; x_wconf 80' lang='grc' dir='ltr'><strong><em>ἤρξατο</em></strong></span> 
     </span>
     <span class='ocr_line' id='line_1_22' title="bbox 187 2191 1186 2284; baseline 0.001 -23"><span class='ocrx_word' id='word_1_130' title='bbox 187 2194 281 2284; x_wconf 76' lang='grc' dir='ltr'><strong><em>ᾅδειν</em></strong></span> <span class='ocrx_word' id='word_1_131' title='bbox 295 2191 336 2262; x_wconf 91' lang='grc' dir='ltr'><strong><em>ού</em></strong></span> <span class='ocrx_word' id='word_1_132' title='bbox 347 2195 437 2261; x_wconf 89' lang='grc' dir='ltr'><strong><em>πάνυ</em></strong></span> <span class='ocrx_word' id='word_1_133' title='bbox 448 2195 558 2263; x_wconf 85' lang='grc' dir='ltr'><strong><em>αίσιόν</em></strong></span> <span class='ocrx_word' id='word_1_134' title='bbox 568 2221 643 2262; x_wconf 89' lang='grc' dir='ltr'><strong><em>τινα</em></strong></span> <span class='ocrx_word' id='word_1_135' title='bbox 654 2193 743 2284; x_wconf 72' lang='grc' dir='ltr'><strong><em>ᾠδὴν</em></strong></span> <span class='ocrx_word' id='word_1_136' title='bbox 756 2210 824 2273; x_wconf 80' lang='grc' dir='ltr'><strong><em>τοῖς</em></strong></span> <span class='ocrx_word' id='word_1_137' title='bbox 837 2200 1013 2281; x_wconf 83' lang='grc' dir='ltr'><strong><em>πλέουσιν,</em></strong></span> <span class='ocrx_word' id='word_1_138' title='bbox 1031 2193 1073 2274; x_wconf 80' lang='grc' dir='ltr'><strong><em>ὡς</em></strong></span> <span class='ocrx_word' id='word_1_139' title='bbox 1084 2193 1102 2263; x_wconf 86' lang='grc' dir='ltr'>ὁ</span> <span class='ocrx_word' id='word_1_140' title='bbox 1115 2204 1186 2264; x_wconf 91' lang='grc' dir='ltr'><strong><em>Πο-</em></strong></span> 
     </span>
     <span class='ocr_line' id='line_1_23' title="bbox 188 2289 1186 2380; baseline -0.001 -20"><span class='ocrx_word' id='word_1_141' title='bbox 188 2296 309 2360; x_wconf 78' lang='grc' dir='ltr'><strong><em>σειδῶν</em></strong></span> <span class='ocrx_word' id='word_1_142' title='bbox 322 2292 490 2380; x_wconf 82' lang='grc' dir='ltr'><strong><em>συνήγαγε</em></strong></span> <span class='ocrx_word' id='word_1_143' title='bbox 509 2289 568 2371; x_wconf 77' lang='grc' dir='ltr'><strong><em>τὰς</em></strong></span> <span class='ocrx_word' id='word_1_144' title='bbox 588 2294 730 2378; x_wconf 88' lang='grc' dir='ltr'><strong><em>νεφέλας</em></strong></span> <span class='ocrx_word' id='word_1_145' title='bbox 750 2297 803 2361; x_wconf 80' lang='grc' dir='ltr'><strong><em>καὶ</em></strong></span> <span class='ocrx_word' id='word_1_146' title='bbox 826 2293 960 2379; x_wconf 78' lang='grc' dir='ltr'><strong><em>ἐτάραξε</em></strong></span> <span class='ocrx_word' id='word_1_147' title='bbox 979 2291 1039 2361; x_wconf 84' lang='grc' dir='ltr'><strong><em>τόν</em></strong></span> <span class='ocrx_word' id='word_1_148' title='bbox 1059 2294 1186 2361; x_wconf 91' lang='grc' dir='ltr'><strong><em>πόντον</em></strong></span> 
     </span>
     <span class='ocr_line' id='line_1_24' title="bbox 189 2387 1187 2477; baseline 0.002 -22"><span class='ocrx_word' id='word_1_149' title='bbox 189 2387 299 2476; x_wconf 74' lang='grc' dir='ltr'><strong><em>ὥσπερ</em></strong></span> <span class='ocrx_word' id='word_1_150' title='bbox 322 2391 469 2477; x_wconf 77' lang='grc' dir='ltr'><strong><em>τορύνην</em></strong></span> <span class='ocrx_word' id='word_1_151' title='bbox 489 2387 563 2458; x_wconf 86' lang='grc' dir='ltr'><strong><em>τινά</em></strong></span> <span class='ocrx_word' id='word_1_152' title='bbox 580 2388 732 2477; x_wconf 80' lang='grc' dir='ltr'><strong><em>έμβαλύν</em></strong></span> <span class='ocrx_word' id='word_1_153' title='bbox 752 2388 813 2477; x_wconf 80' lang='grc' dir='ltr'><strong><em>την</em></strong></span> <span class='ocrx_word' id='word_1_154' title='bbox 833 2397 984 2475; x_wconf 86' lang='grc' dir='ltr'><strong><em>τρίαιναν</em></strong></span> <span class='ocrx_word' id='word_1_155' title='bbox 1003 2393 1057 2458; x_wconf 78' lang='grc' dir='ltr'><strong><em>καὶ</em></strong></span> <span class='ocrx_word' id='word_1_156' title='bbox 1078 2390 1187 2468; x_wconf 82' lang='grc' dir='ltr'><strong><em>πόσας</em></strong></span> 
     </span>
     <span class='ocr_line' id='line_1_25' title="bbox 187 2485 1187 2574; baseline 0.001 -21"><span class='ocrx_word' id='word_1_157' title='bbox 187 2485 245 2565; x_wconf 81' lang='grc' dir='ltr'><strong><em>τὰς</em></strong></span> <span class='ocrx_word' id='word_1_158' title='bbox 254 2490 399 2566; x_wconf 86' lang='grc' dir='ltr'><strong><em>θυέλλας</em></strong></span> <span class='ocrx_word' id='word_1_159' title='bbox 411 2486 566 2572; x_wconf 76' lang='grc' dir='ltr'><strong><em>ὠρόθυνε</em></strong></span> <span class='ocrx_word' id='word_1_160' title='bbox 577 2491 631 2555; x_wconf 77' lang='grc' dir='ltr'><strong><em>καὶ</em></strong></span> <span class='ocrx_word' id='word_1_161' title='bbox 642 2486 725 2556; x_wconf 86' lang='grc' dir='ltr'><strong><em>ἀλλα</em></strong></span> <span class='ocrx_word' id='word_1_162' title='bbox 734 2488 850 2572; x_wconf 88' lang='grc' dir='ltr'><strong><em>πολλύ,</em></strong></span> <span class='ocrx_word' id='word_1_163' title='bbox 862 2494 975 2555; x_wconf 77' lang='grc' dir='ltr'><strong><em>κυκῶν</em></strong></span> <span class='ocrx_word' id='word_1_164' title='bbox 985 2487 1048 2574; x_wconf 79' lang='grc' dir='ltr'><strong><em>τὴν</em></strong></span> <span class='ocrx_word' id='word_1_165' title='bbox 1057 2489 1187 2556; x_wconf 82' lang='grc' dir='ltr'><strong><em>θάλατ-</em></strong></span> 
     </span>
     <span class='ocr_line' id='line_1_26' title="bbox 188 2581 1186 2673; baseline 0.001 -23"><span class='ocrx_word' id='word_1_166' title='bbox 188 2610 250 2650; x_wconf 90' lang='grc' dir='ltr'><strong><em>ταν</em></strong></span> <span class='ocrx_word' id='word_1_167' title='bbox 264 2581 330 2651; x_wconf 83' lang='grc' dir='ltr'><strong><em>ύπδ</em></strong></span> <span class='ocrx_word' id='word_1_168' title='bbox 351 2593 419 2652; x_wconf 75' lang='grc' dir='ltr'><strong><em>τῶν</em></strong></span> <span class='ocrx_word' id='word_1_169' title='bbox 439 2587 544 2671; x_wconf 77' lang='grc' dir='ltr'><strong><em>ἐπῶν,</em></strong></span> <span class='ocrx_word' id='word_1_170' title='bbox 572 2583 696 2672; x_wconf 77' lang='grc' dir='ltr'><strong><em>χειμάν</em></strong></span> <span class='ocrx_word' id='word_1_171' title='bbox 710 2583 808 2671; x_wconf 84' lang='grc' dir='ltr'><strong><em>ἀφνω</em></strong></span> <span class='ocrx_word' id='word_1_172' title='bbox 825 2588 880 2653; x_wconf 80' lang='grc' dir='ltr'><strong><em>καί</em></strong></span> <span class='ocrx_word' id='word_1_173' title='bbox 895 2587 1021 2673; x_wconf 85' lang='grc' dir='ltr'><strong><em>γνόφος</em></strong></span> <span class='ocrx_word' id='word_1_174' title='bbox 1035 2584 1186 2672; x_wconf 80' lang='grc' dir='ltr'><strong><em>έμπεσάυ</em></strong></span> 
     </span>
     <span class='ocr_line' id='line_1_27' title="bbox 187 2681 1187 2772; baseline -0.001 -21"><span class='ocrx_word' id='word_1_175' title='bbox 187 2683 304 2768; x_wconf 85' lang='grc' dir='ltr'><strong><em>ὀλίγον</em></strong></span> <span class='ocrx_word' id='word_1_176' title='bbox 315 2686 386 2750; x_wconf 87' lang='grc' dir='ltr'><strong><em>δεῖν</em></strong></span> <span class='ocrx_word' id='word_1_177' title='bbox 397 2686 608 2772; x_wconf 75' lang='grc' dir='ltr'><strong><em>περιέτρεψεν</em></strong></span> <span class='ocrx_word' id='word_1_178' title='bbox 618 2681 697 2770; x_wconf 81' lang='grc' dir='ltr'><strong><em>ἡμῖν</em></strong></span> <span class='ocrx_word' id='word_1_179' title='bbox 708 2681 770 2771; x_wconf 83' lang='grc' dir='ltr'><strong><em>την</em></strong></span> <span class='ocrx_word' id='word_1_180' title='bbox 779 2691 881 2751; x_wconf 88' lang='grc' dir='ltr'><strong><em>ναύν·</em></strong></span> <span class='ocrx_word' id='word_1_181' title='bbox 897 2682 951 2752; x_wconf 85' lang='grc' dir='ltr'><strong><em>ὅτε</em></strong></span> <span class='ocrx_word' id='word_1_182' title='bbox 961 2707 1023 2767; x_wconf 88' lang='grc' dir='ltr'><strong><em>περ</em></strong></span> <span class='ocrx_word' id='word_1_183' title='bbox 1036 2687 1092 2752; x_wconf 81' lang='grc' dir='ltr'><strong><em>καὶ</em></strong></span> <span class='ocrx_word' id='word_1_184' title='bbox 1101 2709 1187 2750; x_wconf 85' lang='grc' dir='ltr'><strong><em>ναυ·</em></strong></span> 
     </span>
     <span class='ocr_line' id='line_1_28' title="bbox 187 2778 1188 2871; baseline 0.002 -25"><span class='ocrx_word' id='word_1_185' title='bbox 187 2781 302 2858; x_wconf 85' lang='grc' dir='ltr'><strong><em>τιάσας</em></strong></span> <span class='ocrx_word' id='word_1_186' title='bbox 314 2780 439 2858; x_wconf 76' lang='grc' dir='ltr'><strong><em>ἐκεῖνος</em></strong></span> <span class='ocrx_word' id='word_1_187' title='bbox 454 2778 600 2868; x_wconf 79' lang='grc' dir='ltr'><strong><em>ἀπήμεσε</em></strong></span> <span class='ocrx_word' id='word_1_188' title='bbox 614 2790 682 2849; x_wconf 77' lang='grc' dir='ltr'><strong><em>τῶν</em></strong></span> <span class='ocrx_word' id='word_1_189' title='bbox 696 2785 874 2871; x_wconf 73' lang='grc' dir='ltr'><strong><em>ῥαψῳδιῶν</em></strong></span> <span class='ocrx_word' id='word_1_190' title='bbox 890 2780 949 2861; x_wconf 84' lang='grc' dir='ltr'><strong><em>τάς</em></strong></span> <span class='ocrx_word' id='word_1_191' title='bbox 963 2780 1086 2861; x_wconf 88' lang='grc' dir='ltr'><strong><em>πολλάς</em></strong></span> <span class='ocrx_word' id='word_1_192' title='bbox 1102 2779 1188 2870; x_wconf 79' lang='grc' dir='ltr'><strong><em>αύτῇ</em></strong></span> 
     </span>
     <span class='ocr_line' id='line_1_29' title="bbox 188 2872 1188 2966; baseline -0.001 -20"><span class='ocrx_word' id='word_1_193' title='bbox 188 2875 326 2965; x_wconf 80' lang='grc' dir='ltr'><strong><em>Σκύλλη</em></strong></span> <span class='ocrx_word' id='word_1_194' title='bbox 340 2880 393 2944; x_wconf 84' lang='grc' dir='ltr'><strong><em>καὶ</em></strong></span> <span class='ocrx_word' id='word_1_195' title='bbox 409 2879 578 2966; x_wconf 83' lang='grc' dir='ltr'><strong><em>Χαρύβδει</em></strong></span> <span class='ocrx_word' id='word_1_196' title='bbox 592 2883 648 2948; x_wconf 80' lang='grc' dir='ltr'><strong><em>καὶ</em></strong></span> <span class='ocrx_word' id='word_1_197' title='bbox 661 2881 831 2948; x_wconf 87' lang='grc' dir='ltr'><strong><em>Κύκλωπι.</em></strong></span> <span class='ocrx_word' id='word_1_198' title='bbox 854 2878 896 2947; x_wconf 91' lang='grc' dir='ltr'><strong><em>ού</em></strong></span> <span class='ocrx_word' id='word_1_199' title='bbox 905 2879 1050 2966; x_wconf 83' lang='grc' dir='ltr'><strong><em>χαλεπόν</em></strong></span> <span class='ocrx_word' id='word_1_200' title='bbox 1064 2873 1129 2947; x_wconf 91' lang='grc' dir='ltr'><strong><em>ούν</em></strong></span> <span class='ocrx_word' id='word_1_201' title='bbox 1142 2872 1188 2964; x_wconf 79' lang='grc' dir='ltr'><strong><em>ἦν</em></strong></span> 
     </span>
     <span class='ocr_line' id='line_1_30' title="bbox 189 2974 1188 3064; baseline -0.002 -19"><span class='ocrx_word' id='word_1_202' title='bbox 189 2979 225 3045; x_wconf 90' lang='grc' dir='ltr'><strong><em>έκ</em></strong></span> <span class='ocrx_word' id='word_1_203' title='bbox 244 2974 407 3042; x_wconf 90' lang='grc' dir='ltr'><strong><em>τοσούτου</em></strong></span> <span class='ocrx_word' id='word_1_204' title='bbox 434 2977 549 3061; x_wconf 83' lang='grc' dir='ltr'><strong><em>ἐμέτου</em></strong></span> <span class='ocrx_word' id='word_1_205' title='bbox 568 2975 662 3064; x_wconf 87' lang='grc' dir='ltr'><strong><em>ὀλίγα</em></strong></span> <span class='ocrx_word' id='word_1_206' title='bbox 683 2984 769 3064; x_wconf 84' lang='grc' dir='ltr'><strong><em>γοῦν</em></strong></span> <span class='ocrx_word' id='word_1_207' title='bbox 790 2977 1033 3063; x_wconf 81' lang='grc' dir='ltr'><strong><em>διαφυλάττειν.</em></strong></span> <span class='ocrx_word' id='word_1_208' title='bbox 1066 2981 1096 3044; x_wconf 85' lang='grc'><strong><em>8.</em></strong></span> <span class='ocrx_word' id='word_1_209' title='bbox 1118 2977 1188 3044; x_wconf 80' lang='grc' dir='ltr'><strong><em>είπὲ</em></strong></span> 
     </span>
     <span class='ocr_line' id='line_1_31' title="bbox 188 3074 339 3162; baseline -0.013 0"><span class='ocrx_word' id='word_1_210' title='bbox 188 3074 253 3162; x_wconf 70' lang='grc' dir='ltr'><strong><em>νύν</em></strong></span> <span class='ocrx_word' id='word_1_211' title='bbox 267 3095 339 3160; x_wconf 77' lang='grc' dir='ltr'><strong><em>εν·</em></strong></span> 
     </span>
    </p>

    <p class='ocr_par' dir='ltr' id='par_1_12' title="bbox 315 3168 1130 3356">
     <span class='ocr_line' id='line_1_32' title="bbox 315 3168 1130 3259; baseline -0.002 -21"><span class='ocrx_word' id='word_1_212' title='bbox 315 3177 362 3249; x_wconf 92' lang='grc' dir='ltr'><strong><em>τίς</em></strong></span> <span class='ocrx_word' id='word_1_213' title='bbox 373 3168 437 3256; x_wconf 91' lang='grc' dir='ltr'><strong><em>γάρ</em></strong></span> <span class='ocrx_word' id='word_1_214' title='bbox 450 3169 501 3238; x_wconf 83' lang='grc' dir='ltr'><strong><em>ὅδ’</em></strong></span> <span class='ocrx_word' id='word_1_215' title='bbox 516 3173 582 3239; x_wconf 82' lang='grc' dir='ltr'><strong><em>ἐστὶ</em></strong></span> <span class='ocrx_word' id='word_1_216' title='bbox 595 3171 750 3258; x_wconf 81' lang='grc' dir='ltr'><strong><em>πάχιστος</em></strong></span> <span class='ocrx_word' id='word_1_217' title='bbox 761 3169 844 3258; x_wconf 80' lang='grc' dir='ltr'><strong><em>ἀνὴρ</em></strong></span> <span class='ocrx_word' id='word_1_218' title='bbox 855 3170 917 3259; x_wconf 76' lang='grc' dir='ltr'><strong><em>ἠύς</em></strong></span> <span class='ocrx_word' id='word_1_219' title='bbox 927 3199 962 3240; x_wconf 87' lang='grc' dir='ltr'><strong><em>τε</em></strong></span> <span class='ocrx_word' id='word_1_220' title='bbox 973 3175 1074 3258; x_wconf 87' lang='grc' dir='ltr'><strong><em>μέγας</em></strong></span> <span class='ocrx_word' id='word_1_221' title='bbox 1084 3195 1130 3254; x_wconf 90' lang='grc' dir='ltr'><strong><em>τε,</em></strong></span> 
     </span>
     <span class='ocr_line' id='line_1_33' title="bbox 318 3267 1126 3356; baseline -0.002 -20"><span class='ocrx_word' id='word_1_222' title='bbox 318 3273 424 3355; x_wconf 75' lang='grc' dir='ltr'><strong><em>ἔξοχος</em></strong></span> <span class='ocrx_word' id='word_1_223' title='bbox 437 3267 629 3355; x_wconf 75' lang='grc' dir='ltr'><strong><em>ἀνθρώπων</em></strong></span> <span class='ocrx_word' id='word_1_224' title='bbox 644 3268 794 3356; x_wconf 72' lang='grc' dir='ltr'><strong><em>κεφαλὴν</em></strong></span> <span class='ocrx_word' id='word_1_225' title='bbox 808 3271 861 3337; x_wconf 84' lang='grc' dir='ltr'><strong><em>καὶ</em></strong></span> <span class='ocrx_word' id='word_1_226' title='bbox 875 3267 990 3354; x_wconf 85' lang='grc' dir='ltr'><strong><em>εύρέας</em></strong></span> <span class='ocrx_word' id='word_1_227' title='bbox 1002 3268 1126 3355; x_wconf 72' lang='grc' dir='ltr'><strong><em>ὤμουςς</em></strong></span> 
     </span>
    </p>

    <p class='ocr_par' dir='ltr' id='par_1_13' title="bbox 275 3359 1189 3457">
     <span class='ocr_line' id='line_1_34' title="bbox 275 3359 1189 3457; baseline -0.005 -21"><span class='ocrx_word' id='word_1_228' title='bbox 275 3372 376 3436; x_wconf 76' lang='grc' dir='ltr'><strong>ΕΡΜ.</strong></span> <span class='ocrx_word' id='word_1_229' title='bbox 397 3373 517 3437; x_wconf 87' lang='grc' dir='ltr'><strong><em>Μίλων</em></strong></span> <span class='ocrx_word' id='word_1_230' title='bbox 533 3359 663 3446; x_wconf 84' lang='grc' dir='ltr'><strong><em>οὗτοςό</em></strong></span> <span class='ocrx_word' id='word_1_231' title='bbox 683 3373 717 3436; x_wconf 82' lang='grc' dir='ltr'><strong><em>ἐκ</em></strong></span> <span class='ocrx_word' id='word_1_232' title='bbox 734 3367 913 3457; x_wconf 87' lang='grc' dir='ltr'><strong><em>Κρότωνος</em></strong></span> <span class='ocrx_word' id='word_1_233' title='bbox 929 3364 1083 3453; x_wconf 80' lang='grc' dir='ltr'><strong><em>ἀθλητής.</em></strong></span> <span class='ocrx_word' id='word_1_234' title='bbox 1113 3384 1189 3432; x_wconf 88' lang='grc' dir='ltr'><strong><em>επι-</em></strong></span> 
     </span>
    </p>
   </div>
   <div class='ocr_carea' id='block_1_6' title="bbox 0 0 1293 3825">
    <p class='ocr_par' dir='ltr' id='par_1_14' title="bbox 0 0 1293 3825">
     <span class='ocr_line' id='line_1_35' title="bbox 0 0 1293 3825; baseline 0 0"><span class='ocrx_word' id='word_1_235' title='bbox 0 0 1293 3825; x_wconf 95' lang='lat' dir='ltr'><strong><em> </em></strong></span> 
     </span>
    </p>
   </div>
  </div>
 </body>
</html>
