2550 3825
180 179 241 239 142
536 180 827 238 ΛΟΥΚΙΑΝΟΥ

177 345 300 423 σαῦτα,
319 349 349 407 ελ
364 341 399 406 δὲ
414 334 536 407 οἷόντε
551 331 611 424 ἦν,
631 341 687 405 καὶ
701 344 748 406 ἔτι
764 347 881 425 πλείω,
898 369 976 422 τονς
992 348 1027 411 δὲ
1043 347 1184 424 κόλακας

178 433 283 502 αὐτοῦ
300 444 450 522 Χαρῖνον
470 435 530 504 τόν
552 439 631 503 νέον
653 438 707 503 καὶ
722 440 873 523 Δάμωνα
890 444 944 509 καὶ
967 440 1045 521 τοῦς
1061 440 1184 521 ἀλλους

177 533 391 602 κατάσπασον
406 540 522 621 ἐφεξῆς
537 534 694 611 ἅπαντας.

259 641 363 703 ΕΡΜ.
379 635 524 702 ’Ἄτοπον
539 631 582 701 άν
598 635 704 713 δόξειε
718 634 755 702 τό
771 644 933 704 τοιοῦτον.

261 739 421 801 ΠΛΟῬΤ.
448 730 500 801 ού
520 734 582 818 μὲν
606 726 688 817 οῦν,
712 729 796 800 ἀλλά
818 735 1044 802 δικαιότατον·
1072 741 1106 802 τί
1119 734 1183 819 γάρ

177 832 297 898 έκεῖνοι
308 832 476 910 παθόντες
488 828 642 916 εῦχονται
652 827 840 899 ἀποθανεῖν
851 836 981 900 ἐκεῖνον
990 829 1013 919 ἢ
1022 839 1091 900 τῶν
1101 859 1183 920 χρη-

107 945 158 1000 345
175 928 290 1014 μάτων
304 927 556 998 ἀντιποιοῦνται
573 926 674 996 οῦδὲν
695 929 936 1016 προσήκοντες;
960 930 980 998 ό
996 933 1032 1000 δὲ
1046 932 1183 998 πάντων

177 1030 243 1096 ε’στὶ
259 1029 485 1117 μιαρώτατον,
502 1028 553 1096 ὅτι
565 1033 619 1096 καλ
630 1027 818 1116 τὰτοιαῦτα
833 1028 1007 1116 εὐχόμενοι
1022 1028 1110 1115 ὅμως
1119 1040 1183 1097 θε-

176 1127 383 1209 ραπεύονσιν
395 1133 432 1194 έν
442 1153 481 1214 γε
496 1135 541 1217 τῷ
559 1134 713 1216 φανερῷ,
728 1129 783 1195 καὶ
793 1136 976 1206 νοσοῦντος
990 1125 1013 1194 ά
1025 1127 1088 1212 μὲν
1098 1135 1183 1213 βον-

176 1226 330 1293 λεύονται
346 1234 426 1295 πᾶσι
444 1227 611 1312 πρόδηλα,
632 1225 757 1292 θύσειν
773 1227 808 1293 δὲ
824 1225 913 1312 ὅμως
930 1225 1182 1312 ὑπισχνοῦνται,

175 1319 219 1409 ἢν
232 1326 347 1412 ῥαίσῃ,
367 1327 423 1394 καὶ
436 1323 521 1403 ὅλως
536 1331 669 1409 ποικίλη
682 1349 731 1402 τις
748 1322 767 1409 η
783 1331 938 1392 κολακεία
953 1332 1021 1392 τῶν
1035 1322 1182 1409 ἀνδρῶν.

176 1421 231 1488 διὰ
246 1429 349 1490 ταῦτα
367 1421 383 1490 ό
401 1427 463 1509 μὲν
480 1430 562 1492 ἔστω
574 1421 760 1507 ἀθάνατος,
776 1429 809 1490 οί
821 1424 857 1491 δὲ
869 1429 1104 1510 προαπίτωσαν
1118 1421 1176 1488 αύ-

174 1530 235 1589 τοῦ
249 1522 355 1609 μάτην
374 1524 592 1609 ἐπιχανόντες.

259 1627 288 1688 2.
305 1629 407 1689 ΕΡΜ.
424 1629 543 1690 Γελοῖα
554 1629 735 1705 πείσονται,
749 1627 936 1706 πανοῦργοι
947 1619 1056 1698 ὅντες·
1072 1616 1180 1685 πολλὰ

175 1715 327 1797 κάκεῖνος
350 1712 389 1786 εύ
406 1720 494 1804 μάλα
516 1724 730 1805 διαβουκολεῖ
747 1715 870 1796 αύτούς
891 1722 946 1785 καὶ
963 1720 1097 1798 ἐλπίζει,
1125 1719 1182 1782 καὶ

105 1833 157 1887 346
173 1814 259 1894 ὅλως
270 1815 321 1884 ἀεὶ
331 1819 475 1885 θανόντι
487 1816 602 1895 έοικύς
612 1822 754 1901 ἔρρωται
765 1813 852 1884 πολύ
863 1823 992 1902 μᾶλλον
1003 1823 1071 1882 τῶν
1080 1818 1178 1882 νέων.

175 1920 209 1984 οί
217 1919 252 1983 δὲ
262 1916 324 2003 ἤδη
336 1915 396 1984 τόν
408 1926 534 2003 κλῆρον
545 1921 582 1984 έν
592 1923 685 2004 σφίσι
698 1919 891 2004 διῃρημένοι
902 1916 1081 2002 βόσκονται
1093 1911 1181 1999 ζωὴν
1263 1966 1271 1977 .

174 2019 341 2101 μακαρίαν
355 2013 439 2099 πρός
454 2015 594 2096 εἀντοῦς
606 2017 764 2092 τιθέντες.

257 2121 419 2183 ΠΛΟῬΤ.
457 2115 594 2184 Οῦκοῦν
617 2113 634 2181 ὁ
656 2113 719 2201 μέν
739 2107 993 2197 ἀποδυσάμενος
1013 2111 1050 2179 τό
1076 2118 1181 2196 γήρας

175 2211 285 2297 ὥσπερ
299 2210 423 2292 Ἰόλεως
434 2212 649 2301 ἀνηβησάτω,
664 2216 698 2279 ολ
707 2215 743 2278 δὲ
756 2209 821 2280 ἀπό
833 2217 944 2297 μέσων
957 2219 1025 2278 τάν
1037 2214 1181 2279 ἐλπίδων

174 2310 233 2380 τόν
259 2310 564 2399 ὀνειροποληθέντα
589 2318 737 2399 πλοῦτον
764 2308 984 2389 ἀπολιπόντες
1008 2307 1182 2397 ἡκέτωσαν

173 2410 236 2497 ἤδη
251 2414 346 2480 κακοὶ
360 2419 469 2489 κακῶς
484 2408 723 2489 ἀποθανόντες.

257 2517 360 2576 ΕΡΜ.
390 2508 584 2596 Ἀμέλησον,
607 2501 827 2577 ῦΠλούτων·
856 2507 1092 2592 μετελεύσομαι
1111 2506 1180 2591 γάρ

174 2627 227 2673 σοι
241 2604 304 2693 ἤδη
320 2605 442 2686 αύτούς
456 2607 539 2677 καθ’
555 2610 615 2674 ἕνα
630 2610 719 2693 ἑξῆς·
743 2606 822 2673 ἑπτά
839 2609 891 2692 δέ,
907 2604 1013 2691 οἶμαι,
1030 2611 1101 2674 είσί.

258 2712 419 2774 ΠΛΟΤΤ.
445 2706 623 2788 Κατάσπα,
640 2702 657 2770 ὁ
676 2706 712 2771 δὲ
726 2708 937 2791 παραπέμψει
952 2707 1091 2772 ἕκαστον
1105 2702 1182 2771 ἀντὶ

172 2810 328 2893 γέροντος
344 2798 446 2883 αῦθις
459 2806 643 2891 πρωθήβης
655 2803 847 2889 γενόμενος.

660 3010 689 3069 6.

301 3120 599 3173 ΤΕΡΨΙΩΝΟΣ
623 3124 704 3173 ΚΑΙ
734 3119 1047 3175 ΠΑΟῬΤΩΝΟΣ.

258 3223 285 3284 1.
306 3223 432 3284 ΤΕΡΨ.
459 3222 583 3299 Τοῦτο,
598 3209 624 3282 ύ
635 3216 816 3298 Πλούτων,
828 3218 974 3298 δίκαιον,
986 3215 1040 3299 εμὲ
1052 3215 1113 3297 μὲν
1123 3238 1183 3280 τε·

171 3313 298 3386 δνάναι
315 3315 492 3399 τριάκοντα
509 3320 564 3401 ἐτη
582 3315 760 3401 γεγονότα,
780 3311 840 3381 τόν
855 3316 891 3379 δὲ
907 3312 991 3397 ὑπὲρ
1006 3309 1046 3378 τῦ
1063 3313 1180 3397 ἐνενή-

102 3430 153 3489 347
171 3442 272 3485 κοντα
288 3416 428 3499 γέροντα
446 3415 634 3497 Θούκριτον
651 3420 708 3500 ζῆν
726 3420 787 3490 ἕης
