2550 3825
165 161 228 225 368
518 165 825 224 AOYKIANOY

1247 268 1250 301 λ

164 349 242 411 μεν·
270 323 375 391 πολλά
393 323 458 410 γάρ
479 327 568 392 ἐστιν
590 321 689 409 ὅμοια
710 323 839 408 αύτολς,
868 330 1005 409 λε’γοντα
1026 326 1165 390 ἕκαστον

166 419 246 490 αύτδ
263 419 346 490 εἶναι
363 419 616 508 τάληθέστατον.

250 525 300 588 50.
323 527 426 588 ΕΡΜ.
446 512 484 586 Ὦ
497 528 637 604 Λυκῖνε,
657 518 718 586 ούκ
730 516 792 588 οἷδ’
804 517 895 598 ὅπως
905 517 1024 605 εὔλογα
1035 521 1097 605 μὲν
1109 522 1167 585 δο-

166 633 234 696 κεῖς
254 644 310 705 μοι
334 621 461 704 λέγειν,
484 613 566 700 ἀτάρ
581 655 624 668 —-
642 616 806 703 εἰρήσεται
823 614 887 701 γὰρ
906 614 1047 703 τάληθές
1063 658 1106 669 -
1126 612 1167 683 ού

167 723 305 804 μετρίως
328 714 424 804 ἀνιᾷς
445 741 485 800 με
508 711 639 793 διεξιόν
661 712 743 781 αύτά
769 717 823 783 καὶ
847 712 1166 800 ἀκριβολογούμενος

168 811 267 882 οὐδὲν
283 816 369 880 δέου.
403 822 480 889 ίσως
495 813 530 878 δὲ
552 813 605 880 καὶ
625 818 717 880 ἔοικα
733 809 795 880 ούκ
812 810 863 880 ἐπ’
880 810 998 901 ἀγαθῷ
1016 815 1167 896 ἐξεληλυ-

168 913 268 979 θέναι
289 911 432 997 τήμερον
447 913 483 978 ἐκ
499 917 556 996 τῆς
570 916 675 988 οἰκίας
689 913 743 978 καὶ
760 909 905 991 ἐξελθών
919 912 1167 997 ἐντετυχηκέναι

169 1031 237 1095 σοι,
254 1009 290 1086 ὅς
307 1035 347 1094 με
360 1014 500 1094 πλησίον
513 1007 576 1095 ἤδη
591 1016 649 1095 τῆς
663 1012 793 1087 ἐλπίδος
804 1006 884 1076 ὄντα
900 1016 945 1089 είς
956 1006 1094 1093 ἀπορίας
1108 1010 1168 1093 φί-

169 1132 239 1187 ρων
253 1109 454 1193 ἐμβέβληκας
469 1104 637 1173 ἀδύνατον
648 1103 847 1192 ἀποφαίνων
861 1113 918 1193 τῆς
933 1103 1092 1192 ἀληθείας
1106 1103 1168 1190 τὴν

170 1201 302 1288 εὕρεσιν
320 1206 402 1270 ἐτῶν
415 1231 452 1288 γε
468 1205 639 1272 τοσούτων
654 1207 823 1290 δεομένην.

251 1309 349 1369 AYK.
371 1300 524 1386 Ούκοῦν,
537 1296 696 1390 ύὲταῖρε,
709 1301 795 1372 πολύ
807 1303 1015 1387 δικαιότερον
1025 1307 1168 1388 μέμφοιο

169 1394 213 1467 ἀν
226 1406 270 1490 τῷ
290 1407 391 1486 πατρί
408 1420 471 1469 σου
485 1403 692 1488 Μενεκράτει
714 1405 769 1472 καὶ
783 1410 822 1491 τῇ
836 1403 932 1490 μητρί
951 1443 987 1452 -
1005 1399 1076 1488 ἥτις
1089 1400 1170 1467 ποτὲ

169 1501 222 1566 καὶ
246 1501 406 1583 ἐκαλεῖτο,
428 1497 469 1567 ού
488 1497 552 1586 γάρ
573 1499 646 1567 οἶδα
663 1541 706 1554 -
725 1498 746 1586 ἢ
763 1504 818 1570 καὶ
838 1496 924 1569 πολύ
945 1499 1110 1585 πρότερον
1129 1504 1171 1586 τῇ

98 1619 149 1673 792
171 1595 270 1683 φύσει
283 1594 395 1683 ἡμῶν,
418 1595 469 1665 ὅτι
483 1620 520 1666 σε
540 1597 584 1685 μὴ
604 1596 687 1666 κατά
708 1596 768 1665 τόν
785 1594 941 1666 Τιθωνόν
954 1602 1098 1681 πολυετῆ
1115 1596 1172 1663 καὶ

170 1694 354 1781 μακρόβιον
370 1701 508 1782 ἔθεσαν,
535 1693 618 1764 ἀλλά
635 1700 861 1782 περιέγραψαν
875 1690 919 1781 μὴ
934 1700 1035 1763 πλείω
1049 1699 1171 1779 βιῶναι

170 1790 206 1858 τό
222 1792 382 1878 μήκιστον
399 1795 481 1859 ἐτῶν
503 1791 619 1860 ἑκατόν
636 1792 820 1875 ἄνθρωπον
839 1790 927 1860 όντα.
957 1788 1020 1878 ἐγω
1035 1791 1071 1858 δὲ
1087 1789 1170 1876 μετὰ

171 1896 233 1957 σού
249 1891 469 1976 σκεπτόμενος
487 1883 588 1977 εὖρον
601 1889 637 1959 τό
655 1894 690 1960 ἐκ
707 1900 768 1961 τοῦ
783 1894 886 1981 λόγου
901 1891 1040 1980 ἀποβάυ.

255 1993 304 2057 51.
326 1995 429 2056 ΕΡΜ.
453 1987 542 2075 Ούκ,
557 1988 629 2058 ἀλλ’
646 1988 802 2078 ὑβριστὴς
817 1991 868 2060 ἀεὶ
881 1993 941 2076 σύ,
957 1994 1012 2060 καὶ
1026 1988 1088 2058 ούκ
1103 1988 1172 2057 οἶδ’

170 2085 189 2154 ό
203 2113 234 2154 τι
248 2083 370 2153 παθόν
389 2101 493 2172 μισείς
509 2096 710 2176 φιλοσοφίαν
726 2093 781 2158 καί
800 2093 833 2169 ἐς
848 2088 927 2170 τούς
941 2098 1174 2176 φιλοσοφοῦν·
1250 2087 1251 2090 “

168 2216 227 2267 τας
240 2186 474 2267 ἀποσκώπτεις.

252 2292 352 2354 AYK.
371 2277 409 2353 Ὦ
421 2283 607 2372 Ἑρμότιμε,
623 2286 693 2371 ἥτις
707 2288 768 2371 μὲν
784 2285 804 2373 ἡ
817 2284 958 2373 ἀλήθειά
973 2290 1062 2355 ἐστιν
1076 2285 1175 2372 ὑμεῖς

170 2379 214 2451 ἀν
225 2384 362 2470 ἄμεινον
374 2393 495 2450 εἴποιτε
506 2388 540 2450 οί
548 2391 664 2469 σοφοί,
680 2385 723 2450 σύ
734 2410 768 2451 τε
779 2386 833 2452 καί
846 2382 863 2453 ὁ
876 2387 1087 2463 διδάσκαλος·
1104 2381 1173 2470 ἐγω

171 2486 207 2550 δὲ
218 2484 256 2551 τό
267 2510 302 2569 γε
315 2490 475 2550 τοσοῦτον
486 2482 574 2564 οἶδα,
589 2478 633 2559 ὡς
648 2480 688 2549 ού
700 2484 791 2549 πάνυ
803 2480 896 2570 ἡδείά
907 2486 996 2551 ἐστιν
1007 2479 1089 2569 αύτῆ
1102 2497 1175 2562 τοῖς

171 2580 365 2663 ἀκούουσιν,
378 2577 460 2649 ἀλλά
473 2584 760 2665 παρευδοκιμεῖται
771 2577 836 2648 ὑπό
850 2588 910 2648 τού
922 2582 1068 2661 ψεύδους
1079 2577 1174 2666 παρὰ

170 2679 274 2746 πολύ·
297 2674 593 2762 εὐπροσωπότερον
606 2676 671 2763 γάρ
686 2681 792 2746 έκεῖνο
803 2682 858 2747 καὶ
875 2677 930 2746 διδ
944 2685 1042 2746 τοῦτο
1056 2677 1175 2764 ἥδιον·

170 2773 191 2862 ἡ
203 2777 238 2842 δὲ
250 2774 306 2842 ἀτε
318 2778 420 2861 μηδὲν
435 2780 592 2862 κίβδηλον
603 2777 702 2865 ἑαυτῇ
713 2782 884 2845 συνειδυῖα
895 2776 976 2864 μετὰ
987 2783 1176 2863 παρρησίας

170 2876 352 2959 διαλέγεται
364 2886 430 2950 τοῖς
442 2869 652 2961 ἀνθρώποις,
665 2879 718 2944 καὶ
730 2874 785 2943 διά
796 2886 893 2944 τοῦτο
904 2875 1064 2962 ἄχθονται
1076 2873 1175 2965 αύτῇ.

169 2970 245 3039 ίδού
257 2974 298 3056 γέ
308 2996 370 3054 τοι,
387 2971 439 3038 καὶ
457 2968 499 3039 σύ
515 2980 579 3039 νύν
593 2972 682 3063 ἀχθη
692 3001 749 3065 μοι
759 2972 900 3062 τάληθὲς
912 2975 1078 3062 ἐξευρόντι
1095 2979 1178 3059 περὶ

168 3068 298 3137 τούτων
312 3065 393 3155 μετά
409 3077 472 3138 σοῦ
487 3073 541 3139 καὶ
555 3074 739 3159 δηλώσαντι
754 3079 836 3143 οἵων
850 3080 977 3163 ἐρῶμεν
988 3077 1053 3163 ἐγώ
1065 3103 1101 3144 τε
1115 3077 1177 3144 καὶ

171 3166 230 3252 σύ,
262 3162 307 3244 ιδς
328 3164 370 3233 ού
397 3165 489 3236 πάνυ
511 3172 651 3257 ῥᾳδίων·
686 3171 796 3258 ὥσπερ
817 3180 847 3241 εί
865 3171 1063 3258 ἀνδριάντος
1083 3176 1178 3257 ἐρῶν

170 3264 344 3351 ἐτύγχανες
363 3268 418 3335 καὶ
435 3264 504 3356 βου
524 3270 699 3349 τεύξεσθαι
719 3268 967 3359 ύπολαμβάνων
986 3270 1179 3354 ἄνθρωπον

170 3359 270 3447 εἶναι,
291 3360 354 3450 έγιδ
372 3364 408 3431 δὲ
428 3363 573 3431 κατιδών
594 3364 637 3445 ὡς
654 3373 751 3446 λίθος
770 3364 927 3455 ἢχαλκός
949 3379 999 3456 είη
1022 3370 1180 3457 ἐμήνυσα
