2550 3825
438 195 752 255 ΕΡΜΟΤΙΜΟΣ
777 205 781 209 ’
1033 192 1097 259 359

95 356 130 421 δὲ
140 359 254 443 νομίζῃ
266 357 320 422 καλ
334 350 509 438 ἀσώματόν
519 378 549 420 τι
563 355 678 431 ἐντοῖς
693 345 791 422 οὖσιν
803 352 904 438 εἷναις
924 353 997 425 ἀλλ’
1010 353 1094 444 ὕπερ

95 459 194 539 ἔφην,
216 454 455 529 πλεονεκτικῶς
472 449 563 517 πάνυ
580 447 616 516 τδ
632 448 947 538 ἀμφισβητούμενον
970 461 1094 522 συλλα-

95 548 164 619 δάν
184 548 228 629 ὡς
244 548 480 636 ἀναμφιλόγως
498 552 586 616 ἴδιον
598 554 665 614 των
679 555 840 617 Στωικῶν
861 553 959 628 δίδως
981 547 1093 629 αὐτοῖς

94 655 194 734 ἔχειν,
218 654 324 715 καίτοι
341 645 678 732 ἀντιλαμβανομένων
693 653 762 713 τολν
778 645 890 715 ἀλλων
905 650 960 716 καὶ
975 646 1075 733 λεγόν

92 771 158 812 των
170 743 282 812 αὐτῶν
293 751 390 811 τοῦτο
403 741 502 828 εἶναι,
519 749 603 810 ἔνθα
615 742 655 829 δὴ
669 750 806 828 κρίσεως
817 745 975 831 μάλιστα,
992 744 1092 830 οἶμαι,

92 845 149 910 δεῖ.
176 838 221 909 ἀν
241 841 303 928 μὲν
318 835 383 909 οὖν
402 840 571 926 πρόδηλον
583 844 719 927 γένηται
738 849 853 927 τοῦτο,
873 840 918 922 ὡς
931 851 1092 911 Στωικῶν

92 943 159 1008 ἐστι
183 939 298 1025 μόνων
318 935 357 1005 τά
377 941 426 1016 δλς
440 938 659 1025 δάοτέτταρα
673 937 846 1028 ἡγεῖσθαι,
872 940 942 1027 ἀρα
960 949 1092 1009 σιωπᾶν

90 1053 157 1117 τοῖς
171 1037 297 1115 ἀλλοις·
321 1036 395 1123 άχρι
410 1035 442 1103 δ’
456 1032 499 1103 ἀν
511 1034 617 1104 αὐτοῦ
629 1037 753 1105 τούτου
766 1041 840 1123 πέρι
854 1039 1090 1125 διαμάχωνται,

91 1136 226 1203 πάντων
240 1132 361 1221 ὁμοίως
371 1133 554 1202 ἀκουστέον
564 1131 585 1220 ἢ
597 1137 719 1204 εἰδέναι
731 1134 781 1204 ὕτι
793 1134 877 1220 αρδς
886 1137 985 1223 χάριν
995 1137 1091 1205 δικά·

90 1239 156 1313 ζειν
172 1232 319 1318 δόξομεν.

171 1347 222 1414 37.
246 1352 349 1412 ΕΡΜ.
373 1342 426 1413 Οὕ
440 1369 496 1430 μοι
512 1348 633 1429 δοκεῖς,
650 1333 832 1430 ἀΛυκλνε,
858 1349 1005 1425 ξυνιέναι
1019 1353 1088 1426 πῶς
1107 1358 1158 1413 ⁷8⁰

87 1441 252 1530 βούλομαι
265 1448 376 1510 εἰπεῖν.
807 1521 811 1529 ,

77 1583 79 1588 ·
172 1560 270 1622 AYK.
302 1550 438 1621 Οὐκοῦν
460 1555 665 1639 σαφέστερον
686 1550 747 1639 χρὴ
771 1556 877 1639 λέγειν
896 1560 926 1622 εἰ
942 1556 1088 1640 ἑτεροῖόν
1143 1550 1145 1557 ’

87 1679 135 1738 τι,
150 1650 232 1720 ἀλλά
247 1649 291 1740 μὴ
307 1659 459 1720 τοιοῦτον
474 1651 599 1738 φήσεις.
921 1738 923 1741 ¹

170 1773 273 1834 ΕΡΜ.
295 1774 380 1853 Εἴσῃ
395 1761 512 1832 αὐτίκα
527 1759 601 1832 οἷόν
619 1791 651 1830 τι
665 1768 760 1850 λέγω.
779 1770 896 1849 δάμεν
915 1763 980 1850 γάρ
995 1791 1088 1843 τινας

88 1864 150 1931 δάο
164 1867 402 1953 ἐσεληλυθέναι
419 1869 451 1947 ἐς
466 1863 503 1935 τὸ
515 1862 742 1953 Ἀσκληπιεῖον
757 1860 779 1954 ἢ
793 1869 830 1946 ε’ς·
838 1872 899 1935 τοῦ
912 1867 1087 1936 Διονύσου

86 1960 123 2029 τδ
136 1964 239 2049 ἱερόν,
258 1964 324 2032 εἶτα
334 1969 446 2048 μέντοι
458 1966 583 2051 φιάλην
593 1962 668 2033 τινὰ
680 1972 746 2033 τῶν
757 1970 858 2052 ἱερῶν
870 1961 1084 2034 ἀπολωλέναι.

86 2060 195 2145 δεήσει
213 2062 254 2147 δή
269 2086 335 2129 που
350 2060 558 2149 ἀμφοτέρους
574 2064 798 2148 ἐρευνηθῆναι
814 2060 952 2149 αὐτούς,
969 2061 1086 2130 ὁπότε-

85 2186 143 2245 ρος
159 2157 224 2226 ὕπό
241 2160 369 2229 κόλπου
385 2168 448 2246 ἔχει
464 2158 525 2246 τὴν
541 2162 675 2247 φιάλην.

169 2279 268 2343 AYK.
291 2275 355 2341 Καὶ
372 2273 470 2359 μάλα.

168 2377 271 2438 ΕΡΜ.
285 2368 371 2456 Ἔχει
387 2374 424 2439 δὲ
437 2371 569 2449 πάντως
586 2368 604 2439 ὁ
621 2373 739 2459 ἕτερος.

168 2477 268 2536 AYK.
290 2476 368 2549 Παῖς
381 2466 444 2555 γάρ
464 2466 523 2553 οὕ,
540 2478 574 2537 ελ
583 2496 621 2555 γε
637 2467 827 2551 ἀπόλωλενς

169 2574 271 2635 ΕΡΜ.
298 2565 434 2635 Οὐκοῦν
455 2564 499 2635 άν
515 2566 604 2653 παρά
620 2575 666 2660 τῷ
683 2571 831 2660 προτέρω
851 2566 951 2657 εὕρῃς
967 2565 1083 2654 αὐτήν,

84 2662 195 2735 οὐκέτι
205 2664 265 2735 τδν
279 2668 393 2754 ἕτερον
404 2664 597 2747 ἀποδύσεις·
620 2668 790 2754 πρόδηλον
803 2665 867 2754 γάρ
879 2665 923 2746 ὦς
937 2663 998 2734 οὐκ
1008 2673 1081 2752 ἔχει.

166 2774 266 2835 AYK.
277 2762 465 2855 v110615711022
479 2766 554 2852 γάρ.

166 2873 269 2937 ΕΡΜ.
293 2869 358 2935 Καὶ
374 2875 407 2934 ελ
420 2892 458 2952 με
477 2862 521 2951 μὴ
545 2861 702 2951 εὕροιμεν
717 2866 754 2933 έν
769 2872 814 2955 τῷ
835 2872 895 2933 τοῦ
918 2868 1083 2952 προτέρου

81 2966 211 3057 κόλπφ,
231 2962 377 3052 ὁὲτερος
398 2965 531 3043 πάντως
547 2969 629 3049 ἔχει,
651 2964 705 3032 καὶ
724 2961 825 3031 οὐδὲν
844 2964 981 3052 ἐρεύνης
1003 2961 1082 3031 οὐδὲ

81 3062 187 3143 οὕτως
199 3069 256 3133 δεῖ.

164 3183 263 3245 AYK.
278 3151 363 3261 Ἔχει
377 3173 452 3263 γαρ.

163 3296 266 3357 ΕΡΜ.
290 3291 354 3359 Καὶ
372 3287 464 3375 ἡμεῖς
484 3294 600 3356 τοίνυν
615 3295 646 3383 εἰ
661 3287 816 3375 εὕροιμεν
830 3284 895 3375 ἤδη
909 3282 999 3370 παρά
1014 3298 1082 3364 τοῖς

78 3394 240 3468 Στωϊκοῖς
255 3387 315 3475 τὴν
326 3389 468 3476 φιάλην,
484 3385 594 3456 οὐκέτι
606 3388 748 3473 ἐρευνᾶν
759 3384 838 3465 τούς
849 3383 971 3463 ἄλλους
981 3381 1083 3465 άξιά-
