2550 3825
394 212 531 273 ΘΕΩΝ
555 213 812 272 ΔΙΑΛΟΓΟΙ.
1040 211 1099 274 101

184 376 213 439 3.
242 380 346 442 ΕΡΜ.
377 379 552 458 Προΐωμεν
577 369 664 440 εὐθὺ
689 378 745 457 τῆς
767 379 930 459 Φρυγίας,
953 371 1017 460 ἐγώ
1038 375 1101 459 μὲν

104 467 302 556 ἡχοάμενυς,
325 468 418 557 ὑμεῖς
441 471 477 538 δὲ
493 467 536 556 μή
554 473 701 556 βραδέως
716 466 934 538 ἀκολουθεῖτέ
946 497 1019 556 μοι,
1045 473 1099 538 καλ

9 633 14 648 ,
102 577 272 651 θαρρεῖτε·
301 568 374 636 οἶδα
395 567 458 656 ἐμοὶ
475 566 535 636 τὸν
551 569 679 654 Πάριν,
699 575 832 646 νεανίας
848 571 914 636 ἐστὶ
930 566 1029 646 καλός
1045 572 1098 636 καί

103 663 141 731 τά
152 663 235 733 ἄλλα
245 663 399 749 ἐρωτικὸς
409 669 463 734 καλ
473 663 513 733 τά
526 673 662 735 τοιαῦτα
671 674 800 752 κρίνειν
807 664 1021 743 λκανιότατος·
1037 663 1099 732 οὐκ
1117 689 1165 744 255

102 758 145 830 άν
159 767 283 844 ἐκεῖνος
297 767 442 833 δικάσειε
457 773 572 844 κακῶς,

184 869 282 930 ΛΦΡ.
308 870 413 931 Τοῦτο
437 863 498 949 μὲν
511 861 602 930 άπαν
623 860 756 948 άχαθὸν
772 865 827 931 καὶ
846 860 929 946 πρὸς
948 864 1029 947 ἐμοῦ
1044 862 1099 928 λέ-

101 984 169 1044 χεις
185 957 222 1026 τὸ
236 964 366 1028 δίκαιον
376 959 456 1047 ἡμῖν
470 959 554 1029 εἶναι
566 958 626 1027 τὸν
639 960 813 1048 δικαστήν·
835 966 957 1043 πότερα
969 961 1004 1025 δὲ
1015 955 1085 1044 άγα-

101 1056 162 1142 μός
176 1063 224 1135 τίς
240 1059 328 1124 ἐστιν
344 1051 442 1138 οὗτος
456 1055 478 1146 ἢ
491 1062 546 1127 καὶ
560 1060 647 1146 γυνή
664 1086 712 1139 τις
726 1058 815 1150 αὐτῷ
830 1060 1002 1137 σάνεστιν;

183 1161 286 1222 ΕΡΜ.
312 1154 363 1224 Οὐ
375 1163 542 1235 παντελῶς
556 1156 699 1244 άμαμος,
717 1150 936 1243 άἈφροὸίτη.

183 1258 281 1320 ΛΦΡ.
303 1261 381 1332 Πως
394 1257 512 1342 λέχεις;

188 1357 288 1418 ΕΡΜ.
311 1361 418 1419 Δοκεῖ
424 1378 472 1428 τις
484 1349 572 1442 αὐτῷ
588 1365 757 1419 συνοικεῖν
771 1348 867 1418 Ἰδαία
880 1349 984 1436 γυνή,
999 1346 1095 1434 ἱκανὴ

100 1447 177 1528 μέν,
203 1443 356 1533 άχροῖκος
379 1449 414 1517 δὲ
434 1453 488 1518 καλ
511 1454 627 1528 δεινῶς
653 1447 774 1534 ὄρειος,
801 1446 873 1517 ἀλλ’
899 1447 940 1515 οὐ
967 1447 1097 1534 σφόδρα

101 1547 273 1630 προσέχειν
287 1544 371 1635 αὐτῇ
385 1553 490 1618 ἔοικε..
511 1556 599 1626 τίνος
614 1545 644 1615 δ’
662 1540 726 1615 οὖν
737 1550 833 1614 ἕνεκα
847 1554 950 1614 ταῦτα
961 1550 1097 1634 ἐρωτᾷς,

183 1650 280 1710 ΛΦΡ.
297 1642 421 1723 ’Ἀλλως
436 1642 574 1732 ἠρόμην.

184 1745 213 1807 4.
237 1749 306 1809 ΑΘ.
327 1744 634 1830 Παραπρεσβεύεις,
656 1736 683 1811 ά
698 1736 810 1827 οὗτος,
826 1748 892 1834 ἰδίᾳ
907 1744 1010 1831 ταύτῃ
1023 1769 1095 1811 κοι-

100 1839 352 1925 νολοχοάμευος.
459 1887 461 1892 ,

186 1943 289 2004 ΕΡΜ.
312 1936 439 2024 Ου’δέν,
461 1932 644 2025 mma,
669 1940 782 2009 δεινὸν
799 1938 877 2010 οὐδὲ
892 1937 973 2008 καθ’
989 1938 1095 2025 ὑμῶν,

101 2030 175 2102 ἀλλ’
193 2032 291 2120 ἤρετό
306 2062 345 2121 με
360 2042 392 2103 εί
405 2034 529 2123 άχαμος
545 2036 562 2104 ὁ
577 2038 685 2124 Πάρις
699 2041 796 2106 ἐστίν.

183 2139 253 2199 ΑΘ.
271 2130 328 2211 Ὡς
343 2133 382 2219 δὴ
400 2140 435 2202 τί
446 2141 543 2201 τοῦτο
559 2142 902 2221 πολυπραγμονοῦσα;

182 2238 286 2299 ΕΡΜ.
311 2231 383 2301 Οὐκ
406 2232 493 2301 οἶδα·
516 2237 595 2320 φησὶ
613 2232 644 2301 δ’
664 2228 727 2301 οὖν
742 2233 792 2301 ὅτι
813 2231 919 2311 άλλως
939 2230 1094 2315 ἐπελθόν,

98 2326 161 2397 οὐκ
176 2332 358 2416 ἐξεπίτηδες
371 2330 477 2418 ἤρετο.
850 2381 853 2386 <

182 2437 251 2497 ΑΘ.
278 2436 319 2495 Τί
334 2422 416 2509 οὖας
438 2427 563 2516 άγαμός
578 2431 680 2506 ίστινς

182 2532 286 2593 ΕΡΜ.
312 2522 363 2593 Οὐ
379 2530 478 2593 δοκεῖ.

183 2630 253 2691 ΛΘ.
280 2630 322 2690 Τί
340 2628 409 2703 δαίς
429 2630 497 2691 τῶν
516 2630 704 2709 πολεμικῶν
720 2626 810 2691 ἐστιν
823 2620 913 2713 αὐτῷ
934 2625 1094 2706 ἐπιθυμία

96 2722 152 2788 καὶ
168 2719 344 2806 φιλόδοξός
358 2748 406 2799 τις
420 2717 442 2806 ἢ
458 2718 494 2788 τό
510 2730 577 2788 πάν
594 2722 773 2808 βουκόλος;

183 2825 287 2886 ΕΡΜ.
321 2817 365 2886 Τὸ
381 2822 442 2905 μὲν
456 2817 578 2905 ἀληθὲς
599 2818 662 2887 οὐκ
680 2826 741 2905 ἔχω
759 2825 877 2901 εἰπεῖν,
899 2818 1038 2898 εἰκάζειν
1059 2815 1094 2883 δὲ

97 2913 158 3002 χρὴ
176 2920 254 2984 νέον
271 2915 351 2985 ὄντα
367 2920 422 2987 καλ
441 2920 569 2986 τούτων
586 2915 762 3003 ὀρέγεσθαι
777 2932 888 3004 τυχεῖν
904 2918 959 2985 καὶ
974 2915 1096 3002 βούλε-

97 3022 179 3081 σθαι
193 3010 237 3081 άν
251 3010 384 3099 πρῶτον
397 3014 501 3084 αὐτὸν
515 3016 599 3083 εἶναι
613 3016 696 3083 κατά
710 3015 767 3095 τάς
782 3017 893 3102 μάχας.

181 3120 278 3181 ΛΦΡ.
297 3111 410 3204 Ὁρᾷςς
430 3111 529 3181 οὐδὲν
544 3112 607 3199 ἐγώ
623 3119 792 3201 μέμφομαι
807 3112 885 3181 οὐδὲ
901 3115 1027 3199 ἐγκαλῶ
1043 3130 1094 3176 σοι

95 3232 133 3274 το
154 3206 239 3292 πρὸς
257 3210 382 3296 ταύτην
402 3214 469 3299 ίδία
483 3218 609 3278 λαλεῖν·
631 3218 861 3297 μεμψιμοίρων
876 3207 941 3295 γάρ
961 3210 1016 3276 καί
1032 3205 1093 3274 οὐκ

93 3298 287 3392 Ἀφροδίτης
301 3304 341 3374 τά
357 3316 500 3375 τοιαῦτα.

182 3410 285 3473 ΕΡΜ.
308 3409 373 3473 Καὶ
386 3405 469 3492 αὕτη
481 3403 598 3492 σχεδὸν
612 3405 714 3475 ταύτά
729 3434 768 3493 με
780 3406 891 3494 ἤρετο·
914 3404 964 3475 διὸ
977 3405 1020 3494 μὴ
1032 3433 1092 3491 χα-
1110 3420 1162 3474 λόθ
