2550 3825
169 164 229 230 146
518 169 824 230 ΛΟΤΚΙΛΝΟΤ

251 334 355 396 ΖΗΝ.
382 326 506 396 Ἀστεῑα
528 329 608 415 γάρ,
632 321 918 416 άΚαλλιδημίδη,
941 333 1121 408 πέπονθας.
1151 329 1169 398 δ

168 427 276 511 γέρων
293 425 329 493 δέ
345 433 379 494 τί
390 425 474 510 πρός
488 435 606 509 ταῦτα;

251 545 352 606 ΚΑΛ.
375 546 517 622 Πρῶτον
531 542 591 626 μέν
607 537 821 626 ὑπεταράχθη
836 538 920 626 πρὸς
934 540 971 611 τδ
989 548 1169 630 αἰφνίδιον,

169 635 236 705 εἶτα
253 643 381 721 συνείς,
398 635 503 724 οἶμαι,
518 636 555 705 τό
568 639 792 724 γεγενημένον
806 640 901 724 ἐγέλα
914 642 970 709 καὶ
983 640 1099 728 αότός,
1115 639 1169 711 οἷό

168 762 206 822 γε
221 734 239 803 ὁ
257 737 407 823 οἰνοχόος
422 747 599 823 εἴργασται.

252 853 357 918 ΖΗΝ.
379 847 476 935 Πλὴν
492 847 566 918 ἀλλ’
584 846 662 916 οὐδὲ
678 849 714 915 σὲ
729 845 792 934 τὴν
807 851 963 937 έπίτομον
978 856 1076 939 ἐχρῆν
1091 879 1168 943 τρα·

169 951 306 1016 πέσθαι·
321 940 382 1035 ἧκε
394 947 459 1034 γάρ
471 947 514 1014 άν
526 969 579 1016 σοι
593 946 647 1015 διά
658 955 716 1033 τῆς
725 947 902 1034 λεωφόρου
912 948 1170 1036 ἀσφαλέστερον,

170 1052 200 1114 εἰ
213 1051 267 1114 καὶ
284 1044 384 1137 ὀλίγῳ
400 1048 616 1134 βραδύτερον.

654 1326 684 1388 8.

98 1441 152 1496 ³58
307 1438 593 1494 ΚΝΗΜοΝοΣ
617 1440 700 1490 Im
725 1439 1037 1492 ΔιΜΝιιῖΠον.

253 1594 401 1655 ΚΝΗΜ.
429 1593 535 1654 Τοῦτο
552 1589 658 1654 έκεῖνο
674 1583 711 1653 τό
727 1593 784 1672 τῆς
798 1594 992 1673 παροιμίας·
1014 1585 1033 1655 ὁ
1050 1583 1172 1674 νεβρὸς

169 1684 228 1755 τόν
243 1692 369 1755 λέοντα.

251 1793 365 1854 ΛΑΜ.
391 1792 433 1854 Τί
448 1784 659 1871 άγανακτεῑς,
678 1776 705 1850 οδ
721 1785 881 1871 Κνήμωνς

253 1891 401 1953 ΚΝΗΜ.
434 1883 603 1971 Πυνθάνῃ
631 1881 651 1950 ὅ
678 1910 709 1951 τι
735 1880 926 1969 άγαναιιτῶς
960 1882 1174 1971 κληρονόμον

170 1983 330 2051 άκοόσιον
345 1985 564 2052 καταλέλοιπα
578 1987 838 2068 κατασοφισθεὶς
851 1983 984 2069 ἅθλιος,
1001 1980 1060 2061 οὓς
1072 1984 1172 2069 έβου-
1271 2005 1272 2010 ’

169 2083 277 2169 λόμην
291 2077 334 2150 άν
347 2080 487 2169 μάλιστα
502 2094 592 2167 σχεῖν
606 2077 693 2167 τάμά
708 2083 915 2166 παραλιπών.

254 2189 366 2251 ΔΑΜ.
389 2188 467 2259 Παῖς
481 2187 579 2247 τοῦτο
593 2182 741 2265 ἐγένετος

253 2287 401 2349 ΚΝΗΜ.
419 2278 602 2366 Ἑρμόλαον
613 2274 674 2345 τόν
685 2277 775 2345 πάνυ
787 2279 949 2347 πλοόσιον
959 2279 1098 2347 ἄτεκνον
1110 2278 1172 2347 ὅν·

169 2407 209 2447 τα
223 2381 431 2463 ἐθεράπευον
442 2381 494 2447 έπδ
508 2375 662 2467 θανάτῳ,
678 2374 829 2455 κάκεῖνος
839 2375 901 2444 οόκ
917 2374 1026 2464 άηδῶς
1036 2378 1097 2465 τὴν
1108 2388 1173 2446 θε-

170 2484 309 2561 ραπείαν
325 2484 486 2565 προσίετο.
517 2480 608 2556 έδοξε
629 2474 671 2563 δή
689 2502 745 2562 μοι
767 2479 822 2545 καὶ
836 2474 945 2562 σοφόν
960 2484 1058 2545 τοῦτο
1075 2476 1169 2561 εἶναι,

172 2580 293 2644 θέσθαι
307 2574 471 2661 διαθήκας
490 2576 523 2652 ές
536 2571 573 2642 τό
589 2574 758 2661 φανερόν,
782 2578 819 2643 έν
836 2571 887 2655 αἷς
901 2579 1016 2666 ἐκείνῳ
1032 2579 1171 2645 καταλέ-

169 2681 268 2741 λοιπα
288 2669 373 2759 τάμά
394 2672 519 2757 πάντα,
545 2670 587 2750 ὡς
603 2670 755 2753 κάκεῐνος
776 2674 930 2759 ζηλώσειε
949 2677 1003 2742 καλ
1024 2671 1064 2742 τά
1086 2672 1170 2743 αάτά

169 2772 313 2856 πράξειε.

49 2856 62 2881 ⁰
99 2888 151 2943 ³59
251 2874 366 2938 AAM.
393 2874 435 2936 Τί
448 2860 512 2935 οὖν
527 2868 566 2954 δὴ
583 2872 725 2951 ἐνεῖνοςς

251 2974 399 3035 ΚΝΗΜ.
429 2964 467 3035 “0
491 2993 523 3033 τι
547 2970 609 3053 μέν
636 2967 738 3048 αότδς
764 2972 925 3057 ἐνέγραψε
949 2984 1019 3050 ταῖς
1049 2974 1175 3039 ἑαυτοῦ

169 3065 345 3153 διαθήκαις
360 3062 422 3133 οόκ
438 3062 512 3132 οἶδα
555 3063 620 3151 ἐγώ
633 3075 720 3153 γοῦν
737 3068 836 3155 άφνω
850 3066 1024 3137 ἀπέθανον
1042 3075 1104 3137 τοῦ
1116 3071 1173 3136 τέ·

167 3193 248 3246 γους
262 3190 318 3253 μοι
333 3162 562 3249 ἐπιπεσόντος,
581 3168 635 3234 aaz
650 3173 716 3233 νῦν
731 3164 908 3253 Ἑρμόλαος
922 3172 986 3253 ἔχει
999 3164 1085 3253 τάμά
1102 3164 1174 3233 ὥσ·
1271 3219 1272 3225 1

168 3289 229 3348 περ
249 3290 306 3343 τις..
314 3269 439 3351 λαβραξ
460 3265 514 3331 καὶ
534 3258 570 3330 τό
586 3262 766 3350 άγκιστρον
786 3272 831 3351 τῷ
854 3268 979 3334 δελέατι
1000 3286 1172 3354 σνγκατα·

168 3383 305 3441 σπάσας
