2550 3825
165 131 226 192 194
520 135 813 193 AOPKIANOT

164 291 321 374 εὕρισκον
336 296 500 379 ἐπιτηρῶν
517 293 737 359 ἐναντιώτατα
757 307 825 372 τοῖς
839 290 951 360 αὑτῶν
967 293 1077 379 λόγοις
1094 293 1157 359 ἐπι·

163 389 376 474 τηδεύοντας·
398 388 476 468 τούς
489 396 574 475 γοῦν
587 404 811 472 καταφρονεῖν
827 398 1071 476 παραινοῦντας
1085 414 1162 474 χρη-

162 487 276 572 μάτων
297 488 412 571 έῶρων
437 485 534 573 ἀπρὶξ
556 489 732 572 ἐχομένους
753 484 864 554 αὐτῶν
886 491 941 554 καλ
965 489 1039 572 περὶ
1057 486 1163 552 τόκων

163 588 426 671 διαφερομένους
436 588 489 653 καλ
499 587 551 653 ἐπὶ
559 591 671 670 μισθῷ
680 584 899 663 παιδεύοντας
907 589 961 652 καὶ
973 585 1081 651 πάντα
1092 585 1164 650 ἕνε-

95 703 146 758 463
164 709 207 750 κα
224 682 352 749 τούτων
371 681 614 768 ὑπομένοντας,
634 680 714 759 τούς
729 706 765 748 τε
779 679 841 767 τήν
856 683 957 761 δόξαν
977 679 1163 767 ἀποβαλλο-

163 783 285 865 μένους
300 778 401 867 αύτής
415 780 535 865 ταύτης
546 779 643 865 χάριν
653 776 693 845 τὰ
709 779 816 845 πάντα
829 782 883 847 καλ
894 778 1096 862 πράττοντας
1110 778 1164 843 καὶ

163 879 335 964 λέγοντας,
350 876 474 965 ἡδονῆς
487 904 522 945 τε
536 871 581 943 αὖ
592 874 711 962 σχεδόν
725 876 873 955 ἅπαντας
886 881 1162 962 κατηγοροῦντας,

163 979 230 1063 ίδίᾳ
248 975 283 1043 δὲ
300 976 387 1063 μόνη
400 976 504 1064 ταύτη
517 976 818 1061 προσηρτημένους.
840 982 868 1042 6.
885 976 1022 1059 σφαλεὶς
1036 964 1099 1038 ούυ
1110 972 1163 1038 καὶ

163 1077 260 1158 τῆσδε
274 1081 331 1159 τῆς
341 1077 471 1151 ἐλπίδος
487 1079 534 1141 ἐτι
548 1080 676 1158 μᾶλλον
690 1076 925 1158 ἐδυσχέραινον
937 1068 1041 1157 ήρέμα
1056 1094 1164 1151 παρα-

163 1169 377 1256 μυθούμενος
398 1170 558 1257 ἐμαυτόν,
585 1168 635 1237 ὅτι
653 1168 734 1256 μετὰ
754 1178 887 1239 πολλῶν
903 1173 957 1238 καὶ
972 1174 1088 1253 σοφῶν
1110 1166 1164 1232 καλ

163 1267 294 1353 σφόδρα
309 1270 362 1335 ἐπὶ
377 1270 509 1336 συνέσει
530 1271 800 1356 διαβεβοημένων
815 1265 957 1353 ἀνόητός
978 1270 1016 1334 τέ
1028 1272 1092 1351 είμι
1109 1264 1162 1331 καὶ

162 1362 198 1431 τό
221 1361 344 1450 ἀληθές
363 1372 410 1436 ἐτι
431 1364 565 1452 ἀγνοῶν
586 1368 813 1452 περιέρχομαι·
845 1375 902 1434 καί
915 1372 973 1452 μοί
991 1390 1070 1432 ποτε
1090 1368 1164 1430 δια-

162 1470 371 1548 γρυπνοῦντι
384 1464 514 1532 τούτων
529 1468 626 1532 ἕνεκα
642 1469 754 1544 ἔδοξεν
769 1467 801 1543 ἐς
816 1471 1002 1552 Βαβυλῶνα
1020 1462 1163 1532 ἐλθόντα

164 1566 329 1647 δεηθῆναί
345 1588 435 1641 τινος
457 1571 524 1631 τῶν
545 1564 664 1649 μάγων
681 1571 748 1630 τῶν
762 1562 983 1649 Ζωροάστρου
1003 1566 1163 1648 μαθητῶν

162 1662 217 1728 καί
235 1659 415 1746 διαδόχων,
429 1659 556 1746 ἤκουον
570 1663 607 1728 δέ
618 1659 741 1740 αὐτούς
754 1664 894 1751 ἐπῳδαῖς
907 1688 943 1730 τε
957 1664 1010 1728 καὶ
1021 1669 1163 1736 τελεταῖς

95 1768 146 1823 464
163 1778 249 1825 τισιν
264 1755 412 1842 ἀνοίγειν
429 1785 464 1826 τε
477 1766 538 1827 τοῦ
549 1759 666 1827 ’Ἅιδου
679 1757 737 1836 τάς
757 1760 864 1837 πύλας
884 1762 939 1827 καὶ
952 1758 1108 1844 κατάγειν
1122 1755 1163 1823 ὃν

163 1852 207 1924 ἀν
225 1856 413 1945 βούλωνται
438 1854 595 1944 ἀσφαλῶς
617 1858 671 1925 καὶ
696 1854 801 1925 ὀπίσω
825 1849 926 1936 αὖθις
947 1854 1162 1943 ἀναπέμπειν.

162 1954 300 2039 άριστου
320 1948 383 2021 οὖν
396 1954 550 2043 ἡγούμην
565 1956 651 2024 εἶναι
665 1955 754 2040 παρά
770 1982 859 2035 τινος
874 1958 1005 2024 τούτων
1019 1962 1162 2042 διαπρα-

163 2053 306 2140 ξάμενον
328 2051 390 2139 τήν
414 2057 597 2143 κατάβασιν
618 2057 763 2126 ἐλθόντα
789 2056 879 2140 παρά
906 2065 1077 2143 Τειρεσίαν
1101 2055 1162 2125 τόν

161 2152 324 2221 Βοιῶτιον
337 2164 460 2239 μαθεῖν
477 2157 557 2241 παρ’
570 2153 675 2223 αὐτοῦ
686 2155 743 2223 ἀτε
754 2157 902 2242 μάντεως
912 2159 965 2225 καὶ
977 2164 1097 2243 σοφοῦ,
1114 2160 1163 2233 τίς

163 2250 281 2320 ἐστινὸ
297 2250 430 2337 ἀριστος
440 2261 511 2341 βίος
526 2256 581 2322 καὶ
594 2253 635 2320 δν
649 2254 693 2322 άν
704 2283 751 2334 τις
762 2258 867 2324 ἕλοιτο
880 2249 919 2323 εύ
931 2264 1083 2339 φρονῶν·
1106 2257 1161 2322 καὶ

162 2351 203 2438 δή
220 2348 435 2438 ἀναπηδήσας
456 2353 499 2431 ῶς
516 2351 604 2439 είχον
617 2353 737 2440 τάχους
756 2359 883 2420 ἔτεινον
897 2350 984 2421 εύθύ
1002 2360 1160 2440 Βαβυλῶ·

162 2478 229 2528 νος.
264 2449 376 2519 ἐλθῶν
399 2453 435 2519 δὲ
456 2457 679 2538 συγγίγνομαί
695 2475 762 2518 τινι
781 2457 848 2517 τῶν
867 2454 1046 2519 Χαλδαίων
1066 2455 1163 2539 σοφῷ

162 2547 259 2634 ἀνδρὶ
274 2553 328 2616 καί
347 2556 515 2639 θεσπεσίῳ
532 2549 593 2636 τήν
612 2552 748 2634 τέχνην,
773 2555 878 2636 πολιῷ
891 2547 953 2633 μὲν
967 2547 1029 2635 τήν
1042 2551 1163 2636 κόμην,

161 2649 292 2732 γένειον
307 2647 342 2713 δὲ
354 2646 442 2731 μάλα
452 2644 578 2731 σεμνόν
588 2649 793 2738 καθειμένῳ,
806 2645 955 2734 τούνομα
969 2650 1005 2715 δὲ
1015 2642 1059 2734 ἦν
1071 2646 1162 2739 αύτῷ

162 2745 463 2831 Μιθροβαρζάνης·
477 2748 607 2831 δεηθείς
617 2746 653 2812 δὲ
664 2745 719 2812 καί
730 2745 967 2823 καθικετεύσας
978 2745 1074 2832 μόγις
1086 2747 1163 2813 ἐπέ-

162 2868 263 2928 τυχον
277 2840 355 2927 παρ’
374 2839 496 2928 αὐτοῦ,
511 2841 566 2929 ἐφ’
579 2842 645 2935 ότφ
655 2845 809 2931 βούλοιτο
820 2851 949 2932 μισθῷ,
965 2845 1163 2931 καθηγήσα-

95 2962 144 3016 ⁴65
161 2946 245 3009 σθαί
256 2965 313 3026 μοι
334 2947 391 3025 τής
407 2937 498 3009 ὀδοῦ.
533 2947 561 3010 7.
583 2940 786 3029 παραλαβών
808 2944 846 3008 δέ
857 2967 897 3027 με
911 2939 928 3008 ὁ
946 2940 1031 3029 ἀνήρ
1047 2950 1163 3028 πρῶτα

161 3038 223 3126 μέν
237 3036 358 3125 ἡμέρας
373 3041 470 3106 ἐννέα
484 3043 539 3108 καὶ
559 3051 684 3108 είκοσιν
698 3039 766 3126 άμα
780 3047 819 3128 τῇ
840 3042 961 3129 σελήνη
979 3040 1163 3128 ἀρξάμενος

161 3145 256 3208 έλουε
266 3139 420 3224 κατάγων
431 3140 539 3207 ἕωθεν
550 3141 602 3206 ἐπὶ
613 3138 672 3205 τὸν
681 3137 876 3225 Εύφράτην,
891 3138 974 3224 πρός
985 3140 1163 3226 ἀνίσχοντα

161 3239 220 3306 τόν
234 3237 330 3324 ἥλιον
350 3241 448 3326 ῥῆσίν
462 3263 536 3304 τινα
556 3236 689 3324 μακράν
710 3241 885 3324 ἐπιλέγων,
907 3231 947 3325 ής
967 3236 1008 3306 ού
1029 3240 1163 3324 σφόδρα

161 3335 363 3421 κατήκουον·
387 3334 497 3422 ῶσπερ
512 3333 576 3421 γάρ
588 3341 622 3404 οί
631 3343 754 3421 φαῦλοι
768 3345 835 3404 τῶν
851 3339 888 3404 ἐν
901 3351 970 3415 τοῖς
985 3335 1088 3422 ἀγῶσι
1099 3363 1164 3422 κη-
