2550 3825
172 169 235 230 222
521 172 825 231 ΛΟΥΚΙΑΝΟΤ

254 340 350 399 ΧΑΡ.
371 340 488 399 Παπαῖ
495 339 563 398 τῶν
577 334 738 416 ἐπαίνων,
747 327 886 415 Ὅμηρε,
902 331 956 396 καὶ
968 336 1034 395 τῶν
1045 325 1167 413 ὀνομά-

172 453 255 513 των,
268 426 365 507 Ἴλιος
379 428 434 515 ἱρή
453 434 507 497 καὶ
528 427 714 514 εὐρυάγυια
730 431 785 496 καὶ
805 430 993 512 ἐϋκτίμεναι
1009 430 1169 493 Κλεωναί.

171 528 221 592 24.
241 522 324 593 ἀλλά
341 525 462 611 μεταξὺ
480 528 589 611 λόγων
606 532 692 604 τίνες
707 527 830 593 ἐκεῖνοί
841 531 925 593 εἰσιν
935 528 970 591 οί
983 529 1170 607 πολεμοῦν-

171 618 259 707 τεςή
274 620 359 708 ὑπὲρ
376 632 465 701 τίνος
480 622 645 709 ἀλλήλους
659 624 881 708 φονεύουσινς

256 727 359 788 ΕΡΜ.
380 718 546 807 Ἀργείους
566 718 663 810 ὁρᾷς,
685 712 712 787 ἀ
732 722 871 806 Χάρων,
894 720 949 786 καὶ
962 720 1166 799 Λακεδαιμο-

171 822 265 897 νίους
285 822 340 886 καλ
359 816 421 886 τόν
440 816 608 904 ήμιδυήτα
629 820 758 885 ἐκείνου
777 814 961 902 στρατηγόν
979 813 1168 897 Ὀθρυάδαν

171 912 231 982 τόν
247 917 473 1002 ἐπιγράφοντα
489 915 526 984 τό
541 918 704 1003 τρόπαιον
717 924 762 1007 τῷ
778 914 881 983 αὐτοῦ
897 918 1016 1001 αἵματι.

103 1033 153 1086 524
255 1020 350 1080 XAP.
374 1012 471 1099 ’Υπὲρ
491 1020 580 1093 τίνος
594 1013 626 1081 δ’
643 1012 769 1099 αὐτοῖς,
791 1006 953 1099 ἀἙρμή,
978 1010 1167 1095 ὁπόλεμοςς

253 1118 358 1178 ΕΡΜ.
375 1110 472 1195 Ὑπὲρ
486 1118 547 1180 τοῦ
562 1115 679 1180 πεδίου
693 1109 813 1195 αὐτοῦ,
830 1114 867 1178 ἐν
882 1102 908 1201 ᾦ
922 1111 1090 1196 μάχονται.

253 1214 350 1274 ΧΑΡ.
367 1202 409 1275 Ὦ
419 1216 477 1293 τής
491 1207 622 1293 ἀνοίας,
641 1210 725 1293 οἵγε
736 1204 797 1274 οάκ
809 1217 919 1275 ίσασιν
931 1205 996 1289 ὅτι,
1011 1202 1076 1272 κάν
1086 1200 1168 1287 όλην

169 1301 231 1389 τήν
247 1306 508 1391 Πελοπόννησον
522 1309 658 1383 ἕκαστος
670 1302 781 1372 αὐτῶν
795 1306 995 1389 κτήσωνται,
1016 1303 1111 1389 μόγις
1125 1296 1169 1365 ἀν

170 1406 323 1470 ποδιαῖον
336 1404 473 1491 λάβοιεν
486 1406 589 1473 τόπον
605 1402 695 1491 παρά
706 1411 767 1471 τοῦ
784 1410 913 1471 Αίακοῦ
922 1428 928 1441 ·
950 1400 986 1470 τό
1002 1404 1038 1468 δὲ
1053 1403 1166 1467 πεδίον

170 1508 267 1567 τοῦτο
290 1498 407 1569 ἀλλοτε
427 1502 520 1571 ἀλλοι
540 1503 769 1588 γεωργήσουσι
787 1502 946 1577 πολλάκις
971 1502 1007 1567 ἐκ
1026 1497 1167 1585 βάθρων

170 1600 207 1665 τὸ
225 1597 386 1685 τρόπαιον
401 1598 654 1678 ἀνασπάσαντες
669 1606 715 1686 τῷ
734 1596 872 1688 ἀρότρῳ.

253 1703 356 1763 ΕΡΜ.
380 1696 478 1765 Οὕτω
493 1699 554 1783 μὲν
567 1705 670 1766 ταῦτα
685 1703 790 1766 ἔσται·
811 1693 903 1783 ἡμεῖς
919 1695 954 1761 δὲ
968 1691 1166 1779 καταβάντες

169 1792 233 1879 ἤδη
253 1798 308 1861 καὶ
322 1793 404 1861 κατά
423 1797 535 1881 χάραν
550 1797 788 1883 εὐθετήσαντες
803 1788 904 1871 αὖθις
923 1789 962 1858 τά
982 1790 1044 1876 ὅρη
1061 1788 1167 1857 ἀπαλ-

171 1890 375 1978 λαττόμεθα,
390 1891 454 1977 ἐγώ
466 1895 528 1979 μὲν
541 1892 622 1962 καθ’
635 1891 658 1961 δι’
671 1895 821 1978 ἐστάλην,
839 1888 881 1959 σύ
896 1894 931 1958 δὲ
943 1892 995 1958 ἐπὶ
1008 1888 1045 1957 τό
1056 1896 1157 1971 πορδ

169 2003 280 2073 μείου·
302 1987 370 2074 ήξω
384 1993 422 2057 δέ
436 2010 487 2058 σοι
501 1996 556 2059 καλ
570 1990 670 2070 αὐτὸς
686 1990 757 2078 μετ’
774 1989 887 2077 ὀλίγον
901 1992 1139 2075 νεκροστολῶν.

251 2094 349 2154 ΧΑΡ.
372 2081 424 2155 Εά
443 2114 482 2173 γε
495 2090 666 2175 ἐποίησας,
690 2081 850 2174 εἷἙρμή·
881 2083 1050 2172 εὐεργέτης
1070 2085 1102 2162 ἐς
1116 2079 1167 2148 ἀεὶ
1190 2115 1204 2141 ι

169 2181 393 2274 ἀναγεγράψῃ.
417 2182 555 2273 ὠνάμην
571 2188 609 2253 δέ
620 2212 652 2253 τι
667 2185 721 2253 διά
732 2187 768 2254 σὲ
782 2193 840 2270 τής
852 2182 1043 2268 ἀποδημίας.
1057 2221 1099 2232 -
1113 2176 1166 2247 οἷά

169 2287 236 2351 ἐστι
250 2283 290 2351 τά
301 2290 369 2351 τῶν
379 2285 633 2370 κακοδαιμόνων
645 2281 837 2368 ἀνθρώπων
853 2283 1035 2369 πράγματα.
1059 2287 1167 2366 [βασι-

168 2390 252 2467 λεῑς,
268 2387 404 2557 πῖἐίνθοι
422 2398 557 2469 χρυσαῖ,
582 2382 776 2469 ἑκατόμβαι,
797 2381 920 2469 μάχαι]
948 2380 1109 2464 Χάρωνος
1130 2376 1166 2444 δὲ

169 2479 247 2546 οὐδὲ
262 2506 277 2546 ε
322 2478 429 2565 λόγος.

415 2824 589 2890 ΠΕΡΙ
636 2822 921 2893 ΘΤΣΙΩΝ.

252 2988 279 3049 1.
295 2979 334 3049 “A
348 2983 409 3069 μὲν
429 2984 466 3049 ἐν
486 2998 555 3062 ταῖς
571 2990 706 3061 θυσίαις
724 2988 758 3050 οί
768 2982 900 3068 μάταιοι
916 2983 1097 3068 πράττουσι
1112 2981 1167 3046 κοιλ

166 3096 236 3160 ταῖς
251 3083 377 3166 ἑορταῖς
397 3083 451 3148 καὶ
471 3081 648 3166 προσόδοις
662 3089 729 3148 τῶν
743 3088 835 3148 θεῶν
855 3083 909 3146 καὶ
929 3077 951 3145 ἀ
966 3085 1094 3147 αἰτοῦσι
1110 3077 1166 3144 καλ

167 3181 189 3248 ἀ
203 3182 352 3269 εὔχονται
364 3183 419 3250 καὶ
430 3178 452 3248 ἀ
462 3182 686 3267 γιγνώσκουσι
701 3181 774 3267 περὶ
786 3178 913 3264 αὐτῶν,
929 3177 991 3245 οὐκ
1002 3174 1064 3244 οἷδ’
1078 3185 1111 3242 ελ
1116 3200 1166 3252 τις

168 3280 255 3348 οὕτω
269 3277 417 3366 κατηφής
436 3281 503 3346 ἐστι
523 3283 577 3346 καὶ
597 3283 821 3366 λελυπημένος
836 3276 924 3356 ὅστις
937 3275 980 3346 οά
993 3276 1166 3363 γελάσεται

166 3378 228 3467 τήν
242 3378 434 3467 ἀβελτερίαν
449 3379 626 3464 ἐπιβλέψας
640 3385 707 3444 τῶν
723 3379 917 3463 δρωμένων·
948 3383 1002 3447 καὶ
1015 3378 1100 3447 πολύ
1114 3403 1164 3463 γε,
