2550 3825
149 181 190 248 ιο
293 152 294 155 ¹
367 275 370 282 Ι
501 187 805 247 Λουκικωον

147 349 246 432 ἐχρῆν
255 347 333 431 μέν,
347 353 426 423 λσως
436 345 564 430 φήσεις,
575 342 833 414 ἀναπεπλάσθαι
843 344 923 427 τούς
934 345 1149 436 ἀνθρώπους,

147 447 250 516 ἀλλον
266 449 305 516 δέ
316 473 391 514 τινα
401 447 544 532 τρόπον,
562 444 646 516 ἀλλά
658 444 702 533 μὴ
717 444 798 533 ἡμῖν
813 447 977 527 ἐοικότας·
998 450 1053 516 καί
1063 454 1097 516 τί
1105 444 1150 516 ἀν

146 543 226 613 ἀλλο
242 545 450 630 παράδειγμα
464 544 586 612 τούτου
597 543 736 630 ἀμεινον
746 546 1018 632 προεστησάμην,
1034 543 1149 614 δπάν-

145 670 209 722 τως
219 641 323 712 καλὸν
337 641 542 731 ἡπιστάμηνς
564 638 587 730 ἢ
601 640 764 711 ἀσύνετον
775 646 830 711 καὶ
840 649 1007 730 θηριῶδες
1017 648 1083 712 ἔδει
1094 645 1147 712 καὶ

145 740 265 828 ἀγριον
280 739 534 826 ἀπεργάσασθαι
548 738 585 808 τό
599 747 699 829 ζῷους
720 744 774 809 καλ
785 748 856 820 πῶς
867 738 945 827 άνῆ
960 752 1053 820 θεοῖς
1064 747 1148 809 ἐθυ-

145 859 209 906 σαν
224 834 246 926 ἦ
261 836 320 917 τάς
333 835 435 918 ἀλλοις
445 836 526 925 ύμῖν
539 836 635 923 τιμάς
649 837 832 925 ἀπένειμαν
848 837 922 926 ούχὶ
931 847 1076 908 τοιοῦτοι
1090 864 1148 925 γε-

143 937 297 1022 νόμενοι;
316 933 400 1004 ἀλλά
411 933 514 1023 ὑμεῖς,
527 934 609 1004 ὅταν
618 939 680 1022 μὲν
689 935 772 1024 ύμῖν
781 936 842 1016 τάς
850 938 1033 1024 ἑκατόμβας
1041 956 1148 1021 προσ-

76 1051 125 1104 λθ]
146 1035 289 1120 άγωσιν,
316 1032 378 1102 ούκ
395 1031 539 1117 όκνεῖτε,
559 1029 625 1101 κάν
642 1038 694 1102 ἐπὶ
709 1031 769 1101 τόν
781 1032 944 1103 Ὠκεανόν
960 1039 1074 1103 ἐλθεῖν
1089 1037 1147 1120 δέη

143 1129 238 1221 ,μετ’
260 1130 434 1219 ἀμύμονας
449 1138 641 1218 Αἰθιοπῆας
649 1139 680 1174 ·“
706 1129 766 1199 τόν
789 1132 825 1200 δὲ
849 1140 919 1201 τῶν
940 1140 1046 1219 τιμάν
1065 1130 1147 1218 ύμῖν

143 1230 198 1298 καὶ
208 1236 275 1296 τῶν
285 1236 419 1297 θυσιῶν
430 1240 537 1298 αίτιον
548 1227 830 1315 ἀνεσταυρώκατε.
845 1229 993 1318 περίμὲν
1003 1224 1068 1298 ούν
1078 1236 1146 1297 τῶν

30 1413 31 1416 ¹
143 1325 337 1409 ἀνθρώπων
351 1329 405 1396 καὶ
419 1335 522 1396 ταῦτα
538 1327 649 1397 ίκανά.
672 1333 721 1396 18.
738 1326 802 1415 ἤδη
817 1328 854 1396 δὲ
871 1333 927 1398 καὶ
942 1331 993 1397 ἐπὶ
1009 1325 1046 1396 τό
1064 1332 1144 1412 πύρ,

143 1434 173 1496 εί
183 1433 288 1510 δοκεῖ,
305 1427 542 1514 μετελεύσομαι
553 1428 608 1495 καὶ
617 1423 680 1513 τὴν
693 1430 918 1495 ἐπονείδιστον
928 1427 1054 1513 ταύτην
1064 1434 1145 1493 κλο-

98 1521 101 1528 ’
142 1527 220 1613 τήν.
240 1527 295 1594 καὶ
306 1524 389 1611 πρός
400 1533 492 1593 θεῶν
501 1525 601 1594 τοῦτό
612 1552 669 1612 μοι
680 1525 859 1612 ἀπόκριναι
868 1531 973 1613 μηδὲν
983 1524 1143 1612 ὀκνήσας·

142 1622 218 1693 ἐσθ’
233 1623 294 1691 ότι
309 1621 400 1710 ἡμεῖς
413 1631 474 1690 τοῦ
485 1620 592 1706 πυρός
605 1620 878 1711 ἀπολωλέκαμεν,
894 1627 928 1704 ἐξ
941 1616 985 1692 ού
995 1627 1049 1692 καί
1061 1621 1143 1705 παρ’

141 1722 337 1805 ἀνθρώποις
351 1725 455 1802 ἐστίυς
476 1720 540 1790 οὐκ
556 1718 600 1789 ἀν
618 1731 730 1802 εῖποις.
753 1721 838 1809 αὕτη
855 1723 935 1808 γάρ,
953 1721 1059 1808 οἶμαι,
1075 1719 1145 1808 φύ-

141 1840 192 1898 σις
206 1822 341 1887 τουτουὶ
356 1827 417 1886 τοῦ
428 1818 606 1904 κτήματος,
624 1815 726 1886 οὐδέν
739 1846 771 1887 τι
788 1825 924 1888 ἔλαττον
934 1825 1099 1905 γίγνεται,
1115 1827 1149 1886 εί

140 1945 189 1997 τις
204 1919 259 1985 καὶ
282 1915 381 1995 ἀλλος
398 1912 503 1983 αὐτοῦ
524 1917 718 2003 μεταλάβοι·
751 1916 793 1985 ού
811 1916 876 2003 γάρ
897 1914 1139 2006 ἀποσβέννυται

141 2020 371 2101 ἐναυσαμένου
386 2014 493 2092 τινός·
522 2015 654 2101 φθόνος
669 2016 705 2083 δὲ
721 2014 761 2102 δὴ
776 2014 934 2102 ἀντικρυς
950 2014 987 2085 τό
1000 2024 1141 2099 τοιοῦτο,

140 2110 201 2198 ἀφ’
222 2104 271 2179 ὦν
285 2111 389 2197 μηδὲν
403 2107 497 2197 ὑμεῖς
511 2108 689 2197 ἠδίκησθε,
705 2115 835 2180 τούτων
847 2113 993 2181 κωλύειν
1008 2116 1142 2200 μεταδι-

141 2211 238 2279 δόναι
249 2224 317 2287 τοῖς
328 2211 505 2294 δεομένοις.
528 2216 634 2277 καίτοι
644 2211 749 2289 θεούς
759 2236 798 2296 γε
811 2208 909 2290 ὄντας
918 2208 1070 2297 ἀγαθούς
1080 2206 1142 2296 χρὴ

142 2306 226 2377 εἶναι
240 2309 295 2375 καὶ
309 2310 482 2393 ,δωτῆρας
496 2306 607 2374 ἐάων“
619 2310 675 2375 καὶ
688 2312 749 2387 ἔξω
765 2308 902 2394 φθόνου
912 2304 1036 2387 παντός
1045 2305 1140 2375 ἐστά-

71 2418 123 2471 202
142 2432 212 2473 ναι·
235 2402 323 2473 ὅπου
338 2430 376 2490 γε
392 2407 446 2472 καὶ
462 2410 492 2471 εί
504 2401 541 2471 τό
553 2411 621 2471 πᾶν
635 2412 734 2472 τοῦτο
745 2414 813 2490 πῦρ
824 2402 1031 2490 ὑφελόμενος
1045 2428 1143 2472 κατε-

139 2504 260 2589 κόμισα
271 2506 303 2581 ἐς
314 2499 376 2588 τὴν
387 2510 450 2587 γῆν
461 2499 538 2587 μηδ’
555 2500 641 2581 όλως
650 2530 682 2569 τι
694 2499 800 2570 αὐτοῦ
809 2503 1015 2589 καταλιπόν,
1027 2500 1070 2571 ού
1081 2528 1141 2588 με·

139 2603 226 2687 γάλα
241 2599 328 2687 ὑμᾶς
337 2597 492 2686 ἠδίκουν·
515 2599 615 2668 οὐδὲν
630 2599 694 2687 γάρ
706 2599 799 2686 ὑμεῖς
815 2605 929 2669 δεῖσθε
942 2600 1048 2670 αὐτοῦ
1059 2601 1141 2688 μήτε

139 2702 311 2783 ῥιγοῦντες
326 2696 408 2783 μήτε
425 2700 561 2777 ἕψοντες
575 2695 637 2785 τὴν
651 2697 837 2785 ἀμβροσίαν
846 2699 929 2785 μήτε
944 2696 1054 2786 φωτός
1069 2700 1140 2766 ἐπι-

139 2802 297 2881 τεχνητοῦ
314 2794 475 2880 δεόμενοι.
510 2801 559 2864 19.
581 2801 615 2865 οί
628 2797 664 2864 δὲ
684 2796 861 2884 ἀνθρωττοι
879 2802 934 2866 καὶ
949 2801 983 2879 ἐς
997 2794 1038 2866 τά
1057 2796 1141 2867 ἀλλα

139 2894 201 2979 μὲν
216 2890 384 2982 ἀναγκαίῳ
399 2901 543 2978 χρῶνται
554 2902 600 2985 τῷ
616 2903 714 2980 πυρί,
737 2897 879 2982 μάλιστα
894 2899 931 2965 δὲ
946 2898 979 2976 ἐς
998 2894 1057 2975 τάς
1072 2907 1142 2965 θυ-

138 2996 226 3075 σίας,
243 2987 332 3069 όπως
348 2995 455 3076 ἐχοιεν
469 2999 590 3059 κνισᾶν
604 2989 662 3071 τάς
676 2990 796 3078 ἀγυιάς
809 2996 863 3061 καὶ
877 3002 939 3062 τού
953 3000 1141 3080 λιβανωτοῦ

136 3094 266 3174 θυμιᾶν
287 3089 341 3156 καὶ
356 3085 396 3155 τά
411 3095 512 3175 μηρία
529 3096 637 3158 καίειν
653 3092 789 3158 ἐπὶτῶν
804 3099 937 3178 βωμῶν.
964 3090 1033 3178 ὁρῶ
1049 3094 1088 3160 δέ
1101 3118 1141 3177 γε

136 3182 223 3271 ὑμᾶς
236 3185 376 3271 μάλιστα
387 3194 561 3271 χαίροντας
575 3194 621 3276 τῷ
635 3195 752 3279 καπνῷ
766 3190 821 3258 καὶ
831 3188 894 3278 την
904 3187 1046 3275 εύωχίαν
1056 3189 1141 3257 ταύ-

135 3310 196 3371 την
208 3281 347 3371 ἡδίστην
364 3289 553 3372 οἰομένους,
576 3284 702 3355 ὁπόταν
719 3290 752 3367 ἐς
768 3286 829 3357 τόν
843 3286 991 3372 οὐρανόν
1004 3286 1025 3376 ἡ
1040 3302 1140 3358 κνῖσα

135 3390 355 3471 παραγίνητοιι
365 3386 581 3472 ,ἑλισσομένη
592 3388 668 3472 περὶ
676 3396 802 3477 καπνῷ.
814 3387 1058 3473 ((ἐναντιωτάτη
1069 3394 1136 3456 τοί·
