<?xml version="1.0" encoding="UTF-8"?>
<!DOCTYPE html PUBLIC "-//W3C//DTD XHTML 1.0 Transitional//EN"
    "http://www.w3.org/TR/xhtml1/DTD/xhtml1-transitional.dtd">
<html xmlns="http://www.w3.org/1999/xhtml" xml:lang="en" lang="en">
 <head>
  <title>
</title>
<meta http-equiv="Content-Type" content="text/html;charset=utf-8" />
  <meta name='ocr-system' content='tesseract 3.04.00' />
  <meta name='ocr-capabilities' content='ocr_page ocr_carea ocr_par ocr_line ocrx_word'/>
</head>
<body>
  <div class='ocr_page' id='page_1' title='image "./lucianisamosate03jacogoog/lucianisamosate03jacogoog_0354.png"; bbox 0 0 2550 3825; ppageno 0'>
   <div class='ocr_carea' id='block_1_1' title="bbox 468 168 1105 234">
    <p class='ocr_par' dir='ltr' id='par_1_1' title="bbox 468 168 1105 234">
     <span class='ocr_line' id='line_1_1' title="bbox 468 168 1105 234; baseline -0.002 -2"><span class='ocrx_word' id='word_1_1' title='bbox 468 172 741 232; x_wconf 82' lang='grc' dir='ltr'><em>ΑΠΟΛΟΓΙΑ.</em></span> <span class='ocrx_word' id='word_1_2' title='bbox 1041 168 1105 234; x_wconf 68' lang='lat'><strong><em>323</em></strong></span> 
     </span>
    </p>
   </div>
   <div class='ocr_carea' id='block_1_2' title="bbox 8 329 1196 3373">
    <p class='ocr_par' dir='ltr' id='par_1_2' title="bbox 8 329 1196 3373">
     <span class='ocr_line' id='line_1_2' title="bbox 101 329 1105 417; baseline 0.004 -22"><span class='ocrx_word' id='word_1_3' title='bbox 101 332 196 415; x_wconf 81' lang='grc' dir='ltr'><strong><em>ἕτερα</em></strong></span> <span class='ocrx_word' id='word_1_4' title='bbox 213 333 274 417; x_wconf 72' lang='grc' dir='ltr'><strong><em>μὲν</em></strong></span> <span class='ocrx_word' id='word_1_5' title='bbox 289 334 427 402; x_wconf 77' lang='grc' dir='ltr'><strong><em>κεύθων</em></strong></span> <span class='ocrx_word' id='word_1_6' title='bbox 444 334 496 400; x_wconf 79' lang='grc' dir='ltr'><strong><em>ἐνὶ</em></strong></span> <span class='ocrx_word' id='word_1_7' title='bbox 508 338 646 417; x_wconf 82' lang='grc' dir='ltr'><strong><em>φρεσίν,</em></strong></span> <span class='ocrx_word' id='word_1_8' title='bbox 669 329 753 399; x_wconf 83' lang='grc' dir='ltr'><strong><em>άλλα</em></strong></span> <span class='ocrx_word' id='word_1_9' title='bbox 767 333 804 398; x_wconf 72' lang='grc' dir='ltr'><strong><em>δὲ</em></strong></span> <span class='ocrx_word' id='word_1_10' title='bbox 817 334 939 417; x_wconf 81' lang='grc' dir='ltr'><strong><em>λέγων,</em></strong></span> <span class='ocrx_word' id='word_1_11' title='bbox 956 329 1000 410; x_wconf 82' lang='grc' dir='ltr'><strong><em>ῶς</em></strong></span> <span class='ocrx_word' id='word_1_12' title='bbox 1016 332 1105 400; x_wconf 82' lang='grc' dir='ltr'><strong><em>εἰκό-</em></strong></span> 
     </span>
     <span class='ocr_line' id='line_1_3' title="bbox 8 425 1173 514; baseline 0.004 -18"><span class='ocrx_word' id='word_1_13' title='bbox 8 425 11 430; x_wconf 55' lang='grc'>’</span> <span class='ocrx_word' id='word_1_14' title='bbox 100 455 164 508; x_wconf 76' lang='grc' dir='ltr'><strong><em>τοις</em></strong></span> <span class='ocrx_word' id='word_1_15' title='bbox 176 428 222 497; x_wconf 81' lang='grc' dir='ltr'><strong><em>άν</em></strong></span> <span class='ocrx_word' id='word_1_16' title='bbox 237 459 312 500; x_wconf 88' lang='grc' dir='ltr'><strong><em>τινα</em></strong></span> <span class='ocrx_word' id='word_1_17' title='bbox 326 436 378 501; x_wconf 77' lang='grc' dir='ltr'><strong><em>ἐπὶ</em></strong></span> <span class='ocrx_word' id='word_1_18' title='bbox 393 437 456 500; x_wconf 80' lang='grc' dir='ltr'><strong><em>σοῦ</em></strong></span> <span class='ocrx_word' id='word_1_19' title='bbox 469 437 576 498; x_wconf 74' lang='grc' dir='ltr'><strong><em>είπείν</em></strong></span> <span class='ocrx_word' id='word_1_20' title='bbox 590 427 641 498; x_wconf 88' lang='grc' dir='ltr'><strong><em>ότι</em></strong></span> <span class='ocrx_word' id='word_1_21' title='bbox 655 427 678 495; x_wconf 73' lang='grc' dir='ltr'><strong><em>οἳ</em></strong></span> <span class='ocrx_word' id='word_1_22' title='bbox 691 430 864 514; x_wconf 79' lang='grc' dir='ltr'><strong><em>λέγειςκαὶ</em></strong></span> <span class='ocrx_word' id='word_1_23' title='bbox 879 426 933 514; x_wconf 78' lang='grc' dir='ltr'><strong><em>ἐφ’</em></strong></span> <span class='ocrx_word' id='word_1_24' title='bbox 946 425 995 508; x_wconf 81' lang='grc' dir='ltr'><strong><em>οἷς</em></strong></span> <span class='ocrx_word' id='word_1_25' title='bbox 1008 433 1103 497; x_wconf 83' lang='grc' dir='ltr'><strong><em>ἐπαι-</em></strong></span> <span class='ocrx_word' id='word_1_26' title='bbox 1121 440 1173 502; x_wconf 76' lang='grc'><strong><em>714</em></strong></span> 
     </span>
     <span class='ocr_line' id='line_1_4' title="bbox 100 523 1103 617; baseline 0.001 -24"><span class='ocrx_word' id='word_1_27' title='bbox 100 538 233 596; x_wconf 84' lang='grc' dir='ltr'><strong><em>νεῖσθαι</em></strong></span> <span class='ocrx_word' id='word_1_28' title='bbox 243 528 361 615; x_wconf 80' lang='grc' dir='ltr'><strong><em>άξιοῑς,</em></strong></span> <span class='ocrx_word' id='word_1_29' title='bbox 376 536 484 615; x_wconf 80' lang='grc' dir='ltr'><strong><em>χείλεα</em></strong></span> <span class='ocrx_word' id='word_1_30' title='bbox 493 531 557 613; x_wconf 77' lang='grc' dir='ltr'><strong><em>μέν</em></strong></span> <span class='ocrx_word' id='word_1_31' title='bbox 568 548 631 595; x_wconf 88' lang='grc' dir='ltr'><strong><em>σου</em></strong></span> <span class='ocrx_word' id='word_1_32' title='bbox 644 531 790 613; x_wconf 82' lang='grc' dir='ltr'><strong><em>ἐδίηνεν,</em></strong></span> <span class='ocrx_word' id='word_1_33' title='bbox 808 523 966 617; x_wconf 73' lang='grc' dir='ltr'><strong><em>ὑπερῴην</em></strong></span> <span class='ocrx_word' id='word_1_34' title='bbox 976 524 1103 612; x_wconf 79' lang='grc' dir='ltr'><strong><em>δὲαὺχ-</em></strong></span> 
     </span>
     <span class='ocr_line' id='line_1_5' title="bbox 100 622 1105 713; baseline 0 -22"><span class='ocrx_word' id='word_1_35' title='bbox 100 631 216 710; x_wconf 90' lang='grc' dir='ltr'><strong><em>μῶσαν</em></strong></span> <span class='ocrx_word' id='word_1_36' title='bbox 227 630 450 695; x_wconf 74' lang='grc' dir='ltr'><strong><em>καταλέλοιπε.</em></strong></span> <span class='ocrx_word' id='word_1_37' title='bbox 467 633 648 713; x_wconf 80' lang='grc' dir='ltr'><strong><em>τοιγαροῦν</em></strong></span> <span class='ocrx_word' id='word_1_38' title='bbox 662 622 752 709; x_wconf 69' lang='grc' dir='ltr'><strong><em>παρὰ</em></strong></span> <span class='ocrx_word' id='word_1_39' title='bbox 762 624 867 702; x_wconf 89' lang='grc' dir='ltr'><strong><em>πόδας</em></strong></span> <span class='ocrx_word' id='word_1_40' title='bbox 881 622 987 703; x_wconf 79' lang='grc' dir='ltr'><strong><em>εὐθὺς</em></strong></span> <span class='ocrx_word' id='word_1_41' title='bbox 997 629 1105 701; x_wconf 78' lang='grc' dir='ltr'><strong><em>ἔτισας</em></strong></span> 
     </span>
     <span class='ocr_line' id='line_1_6' title="bbox 100 718 1105 810; baseline -0.001 -21"><span class='ocrx_word' id='word_1_42' title='bbox 100 726 213 809; x_wconf 86' lang='grc' dir='ltr'><strong><em>δίκην,</em></strong></span> <span class='ocrx_word' id='word_1_43' title='bbox 228 731 399 808; x_wconf 76' lang='grc' dir='ltr'><strong><em>προπετῶς</em></strong></span> <span class='ocrx_word' id='word_1_44' title='bbox 409 722 471 810; x_wconf 72' lang='grc' dir='ltr'><strong><em>μὲν</em></strong></span> <span class='ocrx_word' id='word_1_45' title='bbox 481 722 740 808; x_wconf 75' lang='grc' dir='ltr'><strong><em>θρασυνάμενος</em></strong></span> <span class='ocrx_word' id='word_1_46' title='bbox 749 719 833 808; x_wconf 87' lang='grc' dir='ltr'><strong><em>ιτρός</em></strong></span> <span class='ocrx_word' id='word_1_47' title='bbox 843 718 901 799; x_wconf 77' lang='grc' dir='ltr'><strong><em>τὰς</em></strong></span> <span class='ocrx_word' id='word_1_48' title='bbox 911 718 1105 807; x_wconf 78' lang='grc' dir='ltr'><strong><em>ἀνθρώπων</em></strong></span> 
     </span>
     <span class='ocr_line' id='line_1_7' title="bbox 99 815 1105 907; baseline -0.001 -21"><span class='ocrx_word' id='word_1_49' title='bbox 99 826 224 906; x_wconf 81' lang='grc' dir='ltr'><strong><em>χρείας,</em></strong></span> <span class='ocrx_word' id='word_1_50' title='bbox 240 818 320 905; x_wconf 80' lang='grc' dir='ltr'><strong><em>μετά</em></strong></span> <span class='ocrx_word' id='word_1_51' title='bbox 335 819 458 907; x_wconf 87' lang='grc' dir='ltr'><strong><em>μικρόν</em></strong></span> <span class='ocrx_word' id='word_1_52' title='bbox 472 822 508 887; x_wconf 76' lang='grc' dir='ltr'><strong><em>δὲ</em></strong></span> <span class='ocrx_word' id='word_1_53' title='bbox 518 822 699 907; x_wconf 81' lang='grc' dir='ltr'><strong><em>μονονουχὶ</em></strong></span> <span class='ocrx_word' id='word_1_54' title='bbox 714 815 779 887; x_wconf 82' lang='grc' dir='ltr'><strong><em>ὑπὸ</em></strong></span> <span class='ocrx_word' id='word_1_55' title='bbox 792 821 931 907; x_wconf 80' lang='grc' dir='ltr'><strong><em>κήρυξιν</em></strong></span> <span class='ocrx_word' id='word_1_56' title='bbox 946 820 1105 903; x_wconf 79' lang='grc' dir='ltr'><strong><em>ἐξομοσά-</em></strong></span> 
     </span>
     <span class='ocr_line' id='line_1_8' title="bbox 99 913 1104 1007; baseline -0.001 -25"><span class='ocrx_word' id='word_1_57' title='bbox 99 941 199 1002; x_wconf 84' lang='grc' dir='ltr'><strong><em>μενος</em></strong></span> <span class='ocrx_word' id='word_1_58' title='bbox 209 914 485 1002; x_wconf 79' lang='grc' dir='ltr'><strong><em>τὴνὲλενθερίαν.</em></strong></span> <span class='ocrx_word' id='word_1_59' title='bbox 501 918 556 984; x_wconf 82' lang='grc' dir='ltr'><strong><em>καὶ</em></strong></span> <span class='ocrx_word' id='word_1_60' title='bbox 566 913 693 1007; x_wconf 80' lang='grc' dir='ltr'><strong><em>ἐφ’κειὴ</em></strong></span> <span class='ocrx_word' id='word_1_61' title='bbox 716 914 907 1000; x_wconf 82' lang='grc' dir='ltr'><strong><em>Ἀδράστεια</em></strong></span> <span class='ocrx_word' id='word_1_62' title='bbox 916 917 989 983; x_wconf 89' lang='grc' dir='ltr'><strong><em>τότε</em></strong></span> <span class='ocrx_word' id='word_1_63' title='bbox 1003 915 1104 982; x_wconf 88' lang='grc' dir='ltr'><strong><em>κατό-</em></strong></span> 
     </span>
     <span class='ocr_line' id='line_1_9' title="bbox 99 1010 1104 1101; baseline 0 -22"><span class='ocrx_word' id='word_1_64' title='bbox 99 1038 158 1080; x_wconf 95' lang='grc' dir='ltr'><strong><em>πιν</em></strong></span> <span class='ocrx_word' id='word_1_65' title='bbox 180 1016 350 1098; x_wconf 76' lang='grc' dir='ltr'><strong><em>ἐφεστῶσά</em></strong></span> <span class='ocrx_word' id='word_1_66' title='bbox 365 1035 419 1082; x_wconf 90' lang='grc' dir='ltr'><strong><em>σοι</em></strong></span> <span class='ocrx_word' id='word_1_67' title='bbox 439 1013 673 1101; x_wconf 74' lang='grc' dir='ltr'><strong><em>εὐδοκιμοῦντι</em></strong></span> <span class='ocrx_word' id='word_1_68' title='bbox 690 1013 745 1100; x_wconf 81' lang='grc' dir='ltr'><strong><em>ἐφ’</em></strong></span> <span class='ocrx_word' id='word_1_69' title='bbox 766 1010 815 1092; x_wconf 83' lang='grc' dir='ltr'><strong><em>οἷς</em></strong></span> <span class='ocrx_word' id='word_1_70' title='bbox 833 1013 1026 1099; x_wconf 89' lang='grc' dir='ltr'><strong><em>κατηγόρεις</em></strong></span> <span class='ocrx_word' id='word_1_71' title='bbox 1036 1020 1104 1080; x_wconf 88' lang='grc' dir='ltr'><strong><em>τῶν</em></strong></span> 
     </span>
     <span class='ocr_line' id='line_1_10' title="bbox 99 1107 1104 1199; baseline 0 -23"><span class='ocrx_word' id='word_1_72' title='bbox 99 1107 225 1194; x_wconf 74' lang='grc' dir='ltr'><strong><em>ἄλλων,</em></strong></span> <span class='ocrx_word' id='word_1_73' title='bbox 242 1121 429 1198; x_wconf 77' lang='grc' dir='ltr'><strong><em>καταγελᾶν</em></strong></span> <span class='ocrx_word' id='word_1_74' title='bbox 444 1111 487 1192; x_wconf 83' lang='grc' dir='ltr'><strong><em>ῶς</em></strong></span> <span class='ocrx_word' id='word_1_75' title='bbox 502 1108 547 1180; x_wconf 78' lang='grc' dir='ltr'><strong><em>άν</em></strong></span> <span class='ocrx_word' id='word_1_76' title='bbox 557 1110 639 1190; x_wconf 86' lang='grc' dir='ltr'><strong><em>θεός</em></strong></span> <span class='ocrx_word' id='word_1_77' title='bbox 651 1117 757 1180; x_wconf 78' lang='grc' dir='ltr'><strong><em>είδυῑο</em></strong></span> <span class='ocrx_word' id='word_1_78' title='bbox 770 1110 833 1199; x_wconf 76' lang='grc' dir='ltr'><strong><em>τὴν</em></strong></span> <span class='ocrx_word' id='word_1_79' title='bbox 847 1113 1035 1198; x_wconf 82' lang='grc' dir='ltr'><strong><em>μέλλουσάν</em></strong></span> <span class='ocrx_word' id='word_1_80' title='bbox 1050 1131 1104 1177; x_wconf 90' lang='grc' dir='ltr'><strong><em>σοι</em></strong></span> 
     </span>
     <span class='ocr_line' id='line_1_11' title="bbox 99 1204 1104 1298; baseline 0.004 -25"><span class='ocrx_word' id='word_1_81' title='bbox 99 1211 132 1283; x_wconf 90' lang='grc' dir='ltr'><strong><em>ἐς</em></strong></span> <span class='ocrx_word' id='word_1_82' title='bbox 145 1204 185 1273; x_wconf 79' lang='grc' dir='ltr'><strong><em>τοὶ</em></strong></span> <span class='ocrx_word' id='word_1_83' title='bbox 202 1204 301 1294; x_wconf 84' lang='grc' dir='ltr'><strong><em>ὅμοια</em></strong></span> <span class='ocrx_word' id='word_1_84' title='bbox 315 1209 502 1298; x_wconf 74' lang='grc' dir='ltr'><strong><em>μεταβολὴν</em></strong></span> <span class='ocrx_word' id='word_1_85' title='bbox 516 1213 571 1279; x_wconf 79' lang='grc' dir='ltr'><strong><em>καὶ</em></strong></span> <span class='ocrx_word' id='word_1_86' title='bbox 591 1209 643 1278; x_wconf 86' lang='grc' dir='ltr'><strong><em>ότι</em></strong></span> <span class='ocrx_word' id='word_1_87' title='bbox 663 1208 725 1278; x_wconf 79' lang='grc' dir='ltr'><strong><em>οὑκ</em></strong></span> <span class='ocrx_word' id='word_1_88' title='bbox 741 1218 786 1290; x_wconf 86' lang='grc' dir='ltr'><strong><em>είς</em></strong></span> <span class='ocrx_word' id='word_1_89' title='bbox 801 1209 861 1279; x_wconf 84' lang='grc' dir='ltr'><strong><em>τόν</em></strong></span> <span class='ocrx_word' id='word_1_90' title='bbox 876 1211 1002 1280; x_wconf 87' lang='grc' dir='ltr'><strong><em>κόλπον</em></strong></span> <span class='ocrx_word' id='word_1_91' title='bbox 1018 1210 1104 1277; x_wconf 85' lang='grc' dir='ltr'><strong><em>πτό-</em></strong></span> 
     </span>
     <span class='ocr_line' id='line_1_12' title="bbox 100 1304 1105 1395; baseline 0.003 -25"><span class='ocrx_word' id='word_1_92' title='bbox 100 1325 159 1382; x_wconf 89' lang='grc' dir='ltr'><strong><em>σας</em></strong></span> <span class='ocrx_word' id='word_1_93' title='bbox 172 1305 336 1390; x_wconf 87' lang='grc' dir='ltr'><strong><em>πρότερον</em></strong></span> <span class='ocrx_word' id='word_1_94' title='bbox 351 1307 466 1394; x_wconf 71' lang='grc' dir='ltr'><strong><em>ἠξίους</em></strong></span> <span class='ocrx_word' id='word_1_95' title='bbox 479 1323 676 1395; x_wconf 68' lang='grc' dir='ltr'><strong><em>κατηγορεῖν</em></strong></span> <span class='ocrx_word' id='word_1_96' title='bbox 689 1315 759 1376; x_wconf 88' lang='grc' dir='ltr'><strong><em>τῶν</em></strong></span> <span class='ocrx_word' id='word_1_97' title='bbox 774 1308 827 1376; x_wconf 77' lang='grc' dir='ltr'><strong><em>διά</em></strong></span> <span class='ocrx_word' id='word_1_98' title='bbox 847 1316 998 1387; x_wconf 86' lang='grc' dir='ltr'><strong><em>ποικίλας</em></strong></span> <span class='ocrx_word' id='word_1_99' title='bbox 1012 1304 1105 1383; x_wconf 80' lang='grc' dir='ltr'><strong><em>τινᾶς</em></strong></span> 
     </span>
     <span class='ocr_line' id='line_1_13' title="bbox 33 1405 1103 1495; baseline 0.004 -24"><span class='ocrx_word' id='word_1_100' title='bbox 33 1415 41 1433; x_wconf 83' lang='lat'><em>⁰</em></span> <span class='ocrx_word' id='word_1_101' title='bbox 100 1405 197 1491; x_wconf 81' lang='grc' dir='ltr'><strong><em>τύχας</em></strong></span> <span class='ocrx_word' id='word_1_102' title='bbox 210 1413 347 1474; x_wconf 74' lang='grc' dir='ltr'><strong><em>τοιαῦτα</em></strong></span> <span class='ocrx_word' id='word_1_103' title='bbox 364 1409 521 1494; x_wconf 86' lang='grc' dir='ltr'><strong><em>πράττειν</em></strong></span> <span class='ocrx_word' id='word_1_104' title='bbox 542 1407 792 1494; x_wconf 81' lang='grc' dir='ltr'><strong><em>ὑπομενόντων.</em></strong></span> <span class='ocrx_word' id='word_1_105' title='bbox 827 1413 856 1478; x_wconf 89' lang='grc'><strong><em>7.</em></strong></span> <span class='ocrx_word' id='word_1_106' title='bbox 876 1416 906 1477; x_wconf 80' lang='grc' dir='ltr'><strong><em>εἰ</em></strong></span> <span class='ocrx_word' id='word_1_107' title='bbox 917 1416 1003 1495; x_wconf 73' lang='grc' dir='ltr'><strong><em>γοῦν</em></strong></span> <span class='ocrx_word' id='word_1_108' title='bbox 1016 1405 1103 1476; x_wconf 90' lang='grc' dir='ltr'><strong><em>ὑπο-</em></strong></span> 
     </span>
     <span class='ocr_line' id='line_1_14' title="bbox 100 1502 1104 1597; baseline 0.003 -28"><span class='ocrx_word' id='word_1_109' title='bbox 100 1505 192 1570; x_wconf 81' lang='grc' dir='ltr'><strong><em>θεῖτό</em></strong></span> <span class='ocrx_word' id='word_1_110' title='bbox 207 1530 257 1582; x_wconf 90' lang='grc' dir='ltr'><strong><em>τις</em></strong></span> <span class='ocrx_word' id='word_1_111' title='bbox 271 1512 316 1595; x_wconf 77' lang='grc' dir='ltr'><strong><em>τῷ</em></strong></span> <span class='ocrx_word' id='word_1_112' title='bbox 336 1507 425 1597; x_wconf 74' lang='grc' dir='ltr'><strong><em>λόγῳ</em></strong></span> <span class='ocrx_word' id='word_1_113' title='bbox 440 1504 501 1576; x_wconf 83' lang='grc' dir='ltr'><strong><em>τόν</em></strong></span> <span class='ocrx_word' id='word_1_114' title='bbox 514 1511 675 1592; x_wconf 73' lang='grc' dir='ltr'><strong><em>Αἰσχίνην</em></strong></span> <span class='ocrx_word' id='word_1_115' title='bbox 690 1504 771 1592; x_wconf 75' lang='grc' dir='ltr'><strong><em>μετὰ</em></strong></span> <span class='ocrx_word' id='word_1_116' title='bbox 786 1505 847 1593; x_wconf 75' lang='grc' dir='ltr'><strong><em>τήν</em></strong></span> <span class='ocrx_word' id='word_1_117' title='bbox 864 1502 947 1574; x_wconf 79' lang='grc' dir='ltr'><strong><em>κατά</em></strong></span> <span class='ocrx_word' id='word_1_118' title='bbox 964 1512 1025 1573; x_wconf 83' lang='grc' dir='ltr'><strong><em>τοῦ</em></strong></span> <span class='ocrx_word' id='word_1_119' title='bbox 1041 1512 1104 1572; x_wconf 84' lang='grc' dir='ltr'><strong><em>Τι-</em></strong></span> 
     </span>
     <span class='ocr_line' id='line_1_15' title="bbox 101 1599 1102 1690; baseline 0.003 -24"><span class='ocrx_word' id='word_1_120' title='bbox 101 1599 228 1686; x_wconf 85' lang='grc' dir='ltr'><strong><em>μάρχου</em></strong></span> <span class='ocrx_word' id='word_1_121' title='bbox 254 1609 456 1689; x_wconf 84' lang='grc' dir='ltr'><strong><em>κατηγορίαν</em></strong></span> <span class='ocrx_word' id='word_1_122' title='bbox 481 1601 585 1672; x_wconf 76' lang='grc' dir='ltr'><strong><em>αὐτόν</em></strong></span> <span class='ocrx_word' id='word_1_123' title='bbox 608 1602 736 1673; x_wconf 80' lang='grc' dir='ltr'><strong><em>ἁλῶναι</em></strong></span> <span class='ocrx_word' id='word_1_124' title='bbox 759 1608 814 1672; x_wconf 81' lang='grc' dir='ltr'><strong><em>καλ</em></strong></span> <span class='ocrx_word' id='word_1_125' title='bbox 838 1611 1040 1690; x_wconf 75' lang='grc' dir='ltr'><strong><em>φωραθῆναι</em></strong></span> <span class='ocrx_word' id='word_1_126' title='bbox 1062 1599 1102 1669; x_wconf 71' lang='grc' dir='ltr'><strong><em>τὰ</em></strong></span> 
     </span>
     <span class='ocr_line' id='line_1_16' title="bbox 102 1693 1104 1788; baseline 0.004 -26"><span class='ocrx_word' id='word_1_127' title='bbox 102 1693 198 1781; x_wconf 87' lang='grc' dir='ltr'><strong><em>όμοια</em></strong></span> <span class='ocrx_word' id='word_1_128' title='bbox 212 1699 396 1787; x_wconf 84' lang='grc' dir='ltr'><strong><em>πάσχοντα,</em></strong></span> <span class='ocrx_word' id='word_1_129' title='bbox 421 1703 527 1770; x_wconf 86' lang='grc' dir='ltr'><strong><em>πόσον</em></strong></span> <span class='ocrx_word' id='word_1_130' title='bbox 540 1696 585 1769; x_wconf 70' lang='grc' dir='ltr'><strong><em>ἄν</em></strong></span> <span class='ocrx_word' id='word_1_131' title='bbox 601 1713 664 1770; x_wconf 83' lang='grc' dir='ltr'><strong><em>ολει</em></strong></span> <span class='ocrx_word' id='word_1_132' title='bbox 679 1700 770 1787; x_wconf 83' lang='grc' dir='ltr'><strong><em>παρά</em></strong></span> <span class='ocrx_word' id='word_1_133' title='bbox 789 1711 857 1771; x_wconf 85' lang='grc' dir='ltr'><strong><em>τῶν</em></strong></span> <span class='ocrx_word' id='word_1_134' title='bbox 873 1700 1032 1788; x_wconf 85' lang='grc' dir='ltr'><strong><em>ὁράντων</em></strong></span> <span class='ocrx_word' id='word_1_135' title='bbox 1047 1726 1104 1786; x_wconf 90' lang='grc' dir='ltr'><strong><em>γε-</em></strong></span> 
     </span>
     <span class='ocr_line' id='line_1_17' title="bbox 102 1799 1104 1890; baseline 0.003 -26"><span class='ocrx_word' id='word_1_136' title='bbox 102 1800 219 1867; x_wconf 82' lang='grc' dir='ltr'><strong><em>νέσθαι</em></strong></span> <span class='ocrx_word' id='word_1_137' title='bbox 238 1799 299 1869; x_wconf 81' lang='grc' dir='ltr'><strong><em>τόν</em></strong></span> <span class='ocrx_word' id='word_1_138' title='bbox 314 1805 457 1890; x_wconf 77' lang='grc' dir='ltr'><strong><em>γέλωτα,</em></strong></span> <span class='ocrx_word' id='word_1_139' title='bbox 480 1809 510 1871; x_wconf 82' lang='grc' dir='ltr'><strong><em>εἰ</em></strong></span> <span class='ocrx_word' id='word_1_140' title='bbox 527 1809 693 1889; x_wconf 87' lang='grc' dir='ltr'><strong><em>Τίμαρχον</em></strong></span> <span class='ocrx_word' id='word_1_141' title='bbox 710 1805 775 1888; x_wconf 77' lang='grc' dir='ltr'><strong><em>μὲν</em></strong></span> <span class='ocrx_word' id='word_1_142' title='bbox 794 1801 949 1890; x_wconf 75' lang='grc' dir='ltr'><strong><em>ηὔθυνεν</em></strong></span> <span class='ocrx_word' id='word_1_143' title='bbox 969 1804 1021 1870; x_wconf 83' lang='grc' dir='ltr'><strong><em>ε’πλ</em></strong></span> <span class='ocrx_word' id='word_1_144' title='bbox 1035 1815 1104 1878; x_wconf 83' lang='grc' dir='ltr'><strong><em>τοῖς</em></strong></span> 
     </span>
     <span class='ocr_line' id='line_1_18' title="bbox 99 1897 1103 1991; baseline 0.001 -24"><span class='ocrx_word' id='word_1_145' title='bbox 99 1897 181 1969; x_wconf 84' lang='grc' dir='ltr'><strong><em>καθ’</em></strong></span> <span class='ocrx_word' id='word_1_146' title='bbox 204 1898 295 1987; x_wconf 79' lang='grc' dir='ltr'><strong><em>ῶραν</em></strong></span> <span class='ocrx_word' id='word_1_147' title='bbox 315 1899 574 1991; x_wconf 73' lang='grc' dir='ltr'><strong><em>ἡμαρτημένοις,</em></strong></span> <span class='ocrx_word' id='word_1_148' title='bbox 599 1901 701 1982; x_wconf 83' lang='grc' dir='ltr'><strong><em>αὑτός</em></strong></span> <span class='ocrx_word' id='word_1_149' title='bbox 713 1903 751 1971; x_wconf 76' lang='grc' dir='ltr'><strong><em>δέ</em></strong></span> <span class='ocrx_word' id='word_1_150' title='bbox 765 1907 874 1989; x_wconf 84' lang='grc' dir='ltr'><strong><em>γέρων</em></strong></span> <span class='ocrx_word' id='word_1_151' title='bbox 889 1901 951 1990; x_wconf 82' lang='grc' dir='ltr'><strong><em>ἤδη</em></strong></span> <span class='ocrx_word' id='word_1_152' title='bbox 966 1907 1103 1970; x_wconf 82' lang='grc' dir='ltr'><strong><em>τοιαῦτα</em></strong></span> 
     </span>
     <span class='ocr_line' id='line_1_19' title="bbox 101 1998 1104 2094; baseline 0.001 -29"><span class='ocrx_word' id='word_1_153' title='bbox 101 2004 146 2075; x_wconf 80' lang='grc' dir='ltr'><strong><em>εἰς</em></strong></span> <span class='ocrx_word' id='word_1_154' title='bbox 167 1998 288 2067; x_wconf 75' lang='grc' dir='ltr'><strong><em>ἑαυτὸν</em></strong></span> <span class='ocrx_word' id='word_1_155' title='bbox 302 2003 498 2088; x_wconf 71' lang='grc' dir='ltr'><strong><em>παρενόμεις</em></strong></span> <span class='ocrx_word' id='word_1_156' title='bbox 519 2001 556 2070; x_wconf 86' lang='grc' dir='ltr'><strong><em>τό</em></strong></span> <span class='ocrx_word' id='word_1_157' title='bbox 579 1999 610 2068; x_wconf 87' lang='grc' dir='ltr'><strong><em>δ’</em></strong></span> <span class='ocrx_word' id='word_1_158' title='bbox 632 2002 714 2071; x_wconf 80' lang='grc' dir='ltr'><strong><em>ὅλον</em></strong></span> <span class='ocrx_word' id='word_1_159' title='bbox 736 2006 850 2094; x_wconf 82' lang='grc' dir='ltr'><strong><em>ἐκείνφ</em></strong></span> <span class='ocrx_word' id='word_1_160' title='bbox 864 2011 911 2091; x_wconf 76' lang='grc' dir='ltr'><strong><em>τῷ</em></strong></span> <span class='ocrx_word' id='word_1_161' title='bbox 928 2008 1104 2086; x_wconf 85' lang='grc' dir='ltr'><strong><em>φαρμακο-</em></strong></span> 
     </span>
     <span class='ocr_line' id='line_1_20' title="bbox 100 2095 1179 2186; baseline 0.001 -25"><span class='ocrx_word' id='word_1_162' title='bbox 100 2097 194 2184; x_wconf 82' lang='grc' dir='ltr'><strong><em>πῶλη</em></strong></span> <span class='ocrx_word' id='word_1_163' title='bbox 210 2104 334 2183; x_wconf 77' lang='grc' dir='ltr'><strong><em>ἔοικας,</em></strong></span> <span class='ocrx_word' id='word_1_164' title='bbox 353 2096 643 2185; x_wconf 77' lang='grc' dir='ltr'><strong><em>ὃςοίποκηρόττων</em></strong></span> <span class='ocrx_word' id='word_1_165' title='bbox 658 2098 758 2185; x_wconf 82' lang='grc' dir='ltr'><strong><em>βηχός</em></strong></span> <span class='ocrx_word' id='word_1_166' title='bbox 772 2101 951 2186; x_wconf 87' lang='grc' dir='ltr'><strong><em>φάρμακον</em></strong></span> <span class='ocrx_word' id='word_1_167' title='bbox 971 2102 1025 2166; x_wconf 85' lang='grc' dir='ltr'><strong><em>καὶ</em></strong></span> <span class='ocrx_word' id='word_1_168' title='bbox 1041 2095 1105 2164; x_wconf 82' lang='grc' dir='ltr'><strong><em>αὐ·</em></strong></span> <span class='ocrx_word' id='word_1_169' title='bbox 1124 2105 1179 2163; x_wconf 80' lang='grc'><strong><em>715</em></strong></span> 
     </span>
     <span class='ocr_line' id='line_1_21' title="bbox 99 2195 1104 2283; baseline 0 -21"><span class='ocrx_word' id='word_1_170' title='bbox 99 2202 173 2262; x_wconf 79' lang='grc' dir='ltr'><strong><em>τίκα</em></strong></span> <span class='ocrx_word' id='word_1_171' title='bbox 190 2195 330 2263; x_wconf 81' lang='grc' dir='ltr'><strong><em>παύσειν</em></strong></span> <span class='ocrx_word' id='word_1_172' title='bbox 344 2195 424 2275; x_wconf 83' lang='grc' dir='ltr'><strong><em>τούς</em></strong></span> <span class='ocrx_word' id='word_1_173' title='bbox 444 2197 629 2283; x_wconf 81' lang='grc' dir='ltr'><strong><em>πάσχοντας</em></strong></span> <span class='ocrx_word' id='word_1_174' title='bbox 644 2196 909 2283; x_wconf 78' lang='grc' dir='ltr'><strong><em>ὑπισχνούμενος</em></strong></span> <span class='ocrx_word' id='word_1_175' title='bbox 928 2195 1028 2273; x_wconf 82' lang='grc' dir='ltr'><strong><em>αὑτός</em></strong></span> <span class='ocrx_word' id='word_1_176' title='bbox 1045 2222 1104 2281; x_wconf 85' lang='grc' dir='ltr'><strong><em>με·</em></strong></span> 
     </span>
     <span class='ocr_line' id='line_1_22' title="bbox 100 2290 1104 2382; baseline -0.001 -22"><span class='ocrx_word' id='word_1_177' title='bbox 100 2291 181 2373; x_wconf 83' lang='grc' dir='ltr'><strong><em>ταξὺ</em></strong></span> <span class='ocrx_word' id='word_1_178' title='bbox 196 2294 369 2380; x_wconf 78' lang='grc' dir='ltr'><strong><em>σπῶμενος</em></strong></span> <span class='ocrx_word' id='word_1_179' title='bbox 384 2292 450 2363; x_wconf 84' lang='grc' dir='ltr'><strong><em>ὑπό</em></strong></span> <span class='ocrx_word' id='word_1_180' title='bbox 467 2294 567 2382; x_wconf 82' lang='grc' dir='ltr'><strong><em>βηχὸς</em></strong></span> <span class='ocrx_word' id='word_1_181' title='bbox 578 2300 741 2382; x_wconf 85' lang='grc' dir='ltr'><strong><em>ἐφαίνετο.</em></strong></span> <span class='ocrx_word' id='word_1_182' title='bbox 763 2300 793 2363; x_wconf 87' lang='grc'><strong><em>8.</em></strong></span> <span class='ocrx_word' id='word_1_183' title='bbox 814 2296 989 2381; x_wconf 73' lang='grc' dir='ltr'><strong><em>ταῦταμὲν</em></strong></span> <span class='ocrx_word' id='word_1_184' title='bbox 999 2290 1104 2360; x_wconf 78' lang='grc' dir='ltr'><strong><em>καὶτὰ</em></strong></span> 
     </span>
     <span class='ocr_line' id='line_1_23' title="bbox 101 2390 1196 2480; baseline -0.002 -20"><span class='ocrx_word' id='word_1_185' title='bbox 101 2401 237 2461; x_wconf 82' lang='grc' dir='ltr'><strong><em>τοιαῦτα</em></strong></span> <span class='ocrx_word' id='word_1_186' title='bbox 253 2390 359 2462; x_wconf 78' lang='grc' dir='ltr'><strong><em>πολλά</em></strong></span> <span class='ocrx_word' id='word_1_187' title='bbox 374 2395 470 2477; x_wconf 79' lang='grc' dir='ltr'><strong><em>ἕτερα</em></strong></span> <span class='ocrx_word' id='word_1_188' title='bbox 491 2404 578 2462; x_wconf 81' lang='grc' dir='ltr'><strong><em>ελποι</em></strong></span> <span class='ocrx_word' id='word_1_189' title='bbox 592 2423 641 2473; x_wconf 89' lang='grc' dir='ltr'><strong><em>τις</em></strong></span> <span class='ocrx_word' id='word_1_190' title='bbox 655 2392 699 2461; x_wconf 77' lang='grc' dir='ltr'><strong><em>ἂν</em></strong></span> <span class='ocrx_word' id='word_1_191' title='bbox 711 2390 783 2473; x_wconf 79' lang='grc' dir='ltr'><strong><em>οἷος</em></strong></span> <span class='ocrx_word' id='word_1_192' title='bbox 797 2392 841 2461; x_wconf 76' lang='grc' dir='ltr'><strong><em>σι)</em></strong></span> <span class='ocrx_word' id='word_1_193' title='bbox 855 2400 1050 2480; x_wconf 87' lang='grc' dir='ltr'><strong><em>κατηγορῶν</em></strong></span> <span class='ocrx_word' id='word_1_194' title='bbox 1068 2394 1105 2459; x_wconf 85' lang='grc' dir='ltr'><strong><em>ἐν</em></strong></span> <span class='ocrx_word' id='word_1_195' title='bbox 1194 2409 1196 2418; x_wconf 88' lang='grc'><strong>“</strong></span> 
     </span>
     <span class='ocr_line' id='line_1_24' title="bbox 103 2487 1105 2580; baseline -0.001 -21"><span class='ocrx_word' id='word_1_196' title='bbox 103 2490 209 2570; x_wconf 81' lang='grc' dir='ltr'><strong><em>οὕτως</em></strong></span> <span class='ocrx_word' id='word_1_197' title='bbox 223 2488 413 2578; x_wconf 78' lang='grc' dir='ltr'><strong><em>ἀμφιλαφεῖ</em></strong></span> <span class='ocrx_word' id='word_1_198' title='bbox 426 2499 465 2580; x_wconf 75' lang='grc' dir='ltr'><strong><em>τῇ</em></strong></span> <span class='ocrx_word' id='word_1_199' title='bbox 485 2490 646 2561; x_wconf 80' lang='grc' dir='ltr'><strong><em>ὑποθέσει</em></strong></span> <span class='ocrx_word' id='word_1_200' title='bbox 667 2495 721 2560; x_wconf 84' lang='grc' dir='ltr'><strong><em>καὶ</em></strong></span> <span class='ocrx_word' id='word_1_201' title='bbox 740 2499 860 2578; x_wconf 89' lang='grc' dir='ltr'><strong><em>μυρίας</em></strong></span> <span class='ocrx_word' id='word_1_202' title='bbox 877 2488 935 2570; x_wconf 78' lang='grc' dir='ltr'><strong><em>τός</em></strong></span> <span class='ocrx_word' id='word_1_203' title='bbox 951 2487 1105 2577; x_wconf 77' lang='grc' dir='ltr'><strong><em>ἀφορμάς</em></strong></span> 
     </span>
     <span class='ocr_line' id='line_1_25' title="bbox 102 2588 1105 2679; baseline -0.002 -22"><span class='ocrx_word' id='word_1_204' title='bbox 102 2595 324 2679; x_wconf 82' lang='grc' dir='ltr'><strong><em>παρεχομένη·</em></strong></span> <span class='ocrx_word' id='word_1_205' title='bbox 358 2588 422 2677; x_wconf 84' lang='grc' dir='ltr'><strong><em>ἐγῶ</em></strong></span> <span class='ocrx_word' id='word_1_206' title='bbox 447 2593 483 2659; x_wconf 76' lang='grc' dir='ltr'><strong><em>δὲ</em></strong></span> <span class='ocrx_word' id='word_1_207' title='bbox 503 2589 567 2678; x_wconf 72' lang='grc' dir='ltr'><strong><em>ἤδη</em></strong></span> <span class='ocrx_word' id='word_1_208' title='bbox 588 2599 702 2659; x_wconf 85' lang='grc' dir='ltr'><strong><em>σκοπῶ</em></strong></span> <span class='ocrx_word' id='word_1_209' title='bbox 721 2589 841 2678; x_wconf 81' lang='grc' dir='ltr'><strong><em>ἥντινα</em></strong></span> <span class='ocrx_word' id='word_1_210' title='bbox 860 2592 915 2659; x_wconf 86' lang='grc' dir='ltr'><strong><em>καλ</em></strong></span> <span class='ocrx_word' id='word_1_211' title='bbox 930 2589 1105 2675; x_wconf 81' lang='grc' dir='ltr'><strong><em>τράπωμαι</em></strong></span> 
     </span>
     <span class='ocr_line' id='line_1_26' title="bbox 102 2684 1105 2777; baseline -0.002 -20"><span class='ocrx_word' id='word_1_212' title='bbox 102 2687 186 2776; x_wconf 86' lang='grc' dir='ltr'><strong><em>πρός</em></strong></span> <span class='ocrx_word' id='word_1_213' title='bbox 199 2689 261 2777; x_wconf 82' lang='grc' dir='ltr'><strong><em>τὴν</em></strong></span> <span class='ocrx_word' id='word_1_214' title='bbox 273 2688 465 2777; x_wconf 83' lang='grc' dir='ltr'><strong><em>ἀπολογίαν.</em></strong></span> <span class='ocrx_word' id='word_1_215' title='bbox 489 2684 556 2775; x_wconf 84' lang='grc' dir='ltr'><strong><em>ἆρά</em></strong></span> <span class='ocrx_word' id='word_1_216' title='bbox 566 2717 623 2777; x_wconf 90' lang='grc' dir='ltr'><strong><em>μοι</em></strong></span> <span class='ocrx_word' id='word_1_217' title='bbox 634 2691 822 2777; x_wconf 81' lang='grc' dir='ltr'><strong><em>κράτιστον,</em></strong></span> <span class='ocrx_word' id='word_1_218' title='bbox 838 2688 1105 2776; x_wconf 80' lang='grc' dir='ltr'><strong><em>ἐθελοκακήσαν-</em></strong></span> 
     </span>
     <span class='ocr_line' id='line_1_27' title="bbox 101 2786 1106 2875; baseline -0.001 -19"><span class='ocrx_word' id='word_1_219' title='bbox 101 2817 141 2856; x_wconf 91' lang='grc' dir='ltr'><strong><em>τα</em></strong></span> <span class='ocrx_word' id='word_1_220' title='bbox 155 2787 264 2857; x_wconf 76' lang='grc' dir='ltr'><strong><em>καὶτὰ</em></strong></span> <span class='ocrx_word' id='word_1_221' title='bbox 278 2797 368 2857; x_wconf 84' lang='grc' dir='ltr'><strong><em>νῶτα</em></strong></span> <span class='ocrx_word' id='word_1_222' title='bbox 388 2793 628 2875; x_wconf 72' lang='grc' dir='ltr'><strong><em>ἐπιστρέψαντα</em></strong></span> <span class='ocrx_word' id='word_1_223' title='bbox 644 2792 699 2857; x_wconf 79' lang='grc' dir='ltr'><strong><em>καὶ</em></strong></span> <span class='ocrx_word' id='word_1_224' title='bbox 713 2787 841 2858; x_wconf 73' lang='grc' dir='ltr'><strong><em>άδικείν</em></strong></span> <span class='ocrx_word' id='word_1_225' title='bbox 855 2786 917 2857; x_wconf 82' lang='grc' dir='ltr'><strong><em>οὑκ</em></strong></span> <span class='ocrx_word' id='word_1_226' title='bbox 938 2786 1106 2874; x_wconf 82' lang='grc' dir='ltr'><strong><em>άρνοόμε-</em></strong></span> 
     </span>
     <span class='ocr_line' id='line_1_28' title="bbox 102 2886 1103 2975; baseline -0.002 -18"><span class='ocrx_word' id='word_1_227' title='bbox 102 2916 165 2957; x_wconf 91' lang='grc' dir='ltr'><strong><em>νον</em></strong></span> <span class='ocrx_word' id='word_1_228' title='bbox 177 2890 228 2956; x_wconf 82' lang='grc' dir='ltr'><strong><em>ἐπὶ</em></strong></span> <span class='ocrx_word' id='word_1_229' title='bbox 238 2886 300 2975; x_wconf 75' lang='grc' dir='ltr'><strong><em>τὴν</em></strong></span> <span class='ocrx_word' id='word_1_230' title='bbox 310 2886 429 2975; x_wconf 78' lang='grc' dir='ltr'><strong><em>κοινὴν</em></strong></span> <span class='ocrx_word' id='word_1_231' title='bbox 444 2891 575 2974; x_wconf 84' lang='grc' dir='ltr'><strong><em>ἐκείνην</em></strong></span> <span class='ocrx_word' id='word_1_232' title='bbox 583 2886 766 2974; x_wconf 75' lang='grc' dir='ltr'><strong><em>ἀπολογίαν</em></strong></span> <span class='ocrx_word' id='word_1_233' title='bbox 776 2903 991 2975; x_wconf 72' lang='grc' dir='ltr'><strong><em>καταφυγεῖν,</em></strong></span> <span class='ocrx_word' id='word_1_234' title='bbox 999 2930 1042 2942; x_wconf 88' lang='grc'>-</span> <span class='ocrx_word' id='word_1_235' title='bbox 1051 2890 1103 2955; x_wconf 83' lang='grc' dir='ltr'><strong><em>λε’·</em></strong></span> 
     </span>
     <span class='ocr_line' id='line_1_29' title="bbox 103 2986 1106 3075; baseline -0.004 -18"><span class='ocrx_word' id='word_1_236' title='bbox 103 3016 150 3075; x_wconf 91' lang='grc' dir='ltr'><strong><em>γω</em></strong></span> <span class='ocrx_word' id='word_1_237' title='bbox 164 2986 273 3075; x_wconf 77' lang='grc' dir='ltr'><strong><em>δὲτὴν</em></strong></span> <span class='ocrx_word' id='word_1_238' title='bbox 285 2990 397 3075; x_wconf 82' lang='grc' dir='ltr'><strong><em>Τύχην</em></strong></span> <span class='ocrx_word' id='word_1_239' title='bbox 407 2991 463 3057; x_wconf 84' lang='grc' dir='ltr'><strong><em>καὶ</em></strong></span> <span class='ocrx_word' id='word_1_240' title='bbox 471 2996 607 3073; x_wconf 76' lang='grc' dir='ltr'><strong><em>Μοῖραν</em></strong></span> <span class='ocrx_word' id='word_1_241' title='bbox 616 2990 671 3054; x_wconf 84' lang='grc' dir='ltr'><strong><em>καλ</em></strong></span> <span class='ocrx_word' id='word_1_242' title='bbox 680 2990 895 3073; x_wconf 72' lang='grc' dir='ltr'><strong><em>Εἱμαρμένην</em></strong></span> <span class='ocrx_word' id='word_1_243' title='bbox 903 3028 941 3040; x_wconf 94' lang='grc'>-</span> <span class='ocrx_word' id='word_1_244' title='bbox 953 2990 1009 3055; x_wconf 82' lang='grc' dir='ltr'><strong><em>καὶ</em></strong></span> <span class='ocrx_word' id='word_1_245' title='bbox 1019 3012 1106 3070; x_wconf 89' lang='grc' dir='ltr'><strong><em>παρ-</em></strong></span> 
     </span>
     <span class='ocr_line' id='line_1_30' title="bbox 102 3083 1107 3175; baseline -0.007 -18"><span class='ocrx_word' id='word_1_246' title='bbox 102 3098 266 3157; x_wconf 83' lang='grc' dir='ltr'><strong><em>αιτεῖσθαι</em></strong></span> <span class='ocrx_word' id='word_1_247' title='bbox 277 3089 481 3175; x_wconf 75' lang='grc' dir='ltr'><strong><em>συγγνώμην</em></strong></span> <span class='ocrx_word' id='word_1_248' title='bbox 496 3094 582 3173; x_wconf 81' lang='grc' dir='ltr'><strong><em>ἔχειν</em></strong></span> <span class='ocrx_word' id='word_1_249' title='bbox 595 3113 652 3171; x_wconf 91' lang='grc' dir='ltr'><strong><em>μοι</em></strong></span> <span class='ocrx_word' id='word_1_250' title='bbox 663 3083 742 3164; x_wconf 85' lang='grc' dir='ltr'><strong><em>τοὺς</em></strong></span> <span class='ocrx_word' id='word_1_251' title='bbox 753 3087 969 3171; x_wconf 80' lang='grc' dir='ltr'><strong><em>ἐπιτιμῶντας</em></strong></span> <span class='ocrx_word' id='word_1_252' title='bbox 980 3086 1107 3163; x_wconf 76' lang='grc' dir='ltr'><strong><em>εἰδότας</em></strong></span> 
     </span>
     <span class='ocr_line' id='line_1_31' title="bbox 104 3183 1104 3274; baseline -0.006 -19"><span class='ocrx_word' id='word_1_253' title='bbox 104 3187 148 3266; x_wconf 85' lang='grc' dir='ltr'><strong><em>ῶς</em></strong></span> <span class='ocrx_word' id='word_1_254' title='bbox 159 3184 299 3265; x_wconf 75' lang='grc' dir='ltr'><strong><em>οὐδενός</em></strong></span> <span class='ocrx_word' id='word_1_255' title='bbox 307 3184 402 3274; x_wconf 74' lang='grc' dir='ltr'><strong><em>ἡμεῖς</em></strong></span> <span class='ocrx_word' id='word_1_256' title='bbox 411 3188 534 3272; x_wconf 82' lang='grc' dir='ltr'><strong><em>κύριοι,</em></strong></span> <span class='ocrx_word' id='word_1_257' title='bbox 546 3184 619 3254; x_wconf 76' lang='grc' dir='ltr'><strong><em>ἀλλ’</em></strong></span> <span class='ocrx_word' id='word_1_258' title='bbox 631 3183 701 3253; x_wconf 87' lang='grc' dir='ltr'><strong><em>ὑπό</em></strong></span> <span class='ocrx_word' id='word_1_259' title='bbox 711 3211 801 3263; x_wconf 92' lang='grc' dir='ltr'><strong><em>τινος</em></strong></span> <span class='ocrx_word' id='word_1_260' title='bbox 812 3185 1009 3270; x_wconf 81' lang='grc' dir='ltr'><strong><em>κρείττονος,</em></strong></span> <span class='ocrx_word' id='word_1_261' title='bbox 1022 3190 1104 3269; x_wconf 86' lang='grc' dir='ltr'><strong><em>μᾶλ-</em></strong></span> 
     </span>
     <span class='ocr_line' id='line_1_32' title="bbox 103 3280 1106 3373; baseline -0.007 -18"><span class='ocrx_word' id='word_1_262' title='bbox 103 3296 165 3355; x_wconf 90' lang='grc' dir='ltr'><strong><em>λον</em></strong></span> <span class='ocrx_word' id='word_1_263' title='bbox 185 3287 221 3355; x_wconf 74' lang='grc' dir='ltr'><strong><em>δέ</em></strong></span> <span class='ocrx_word' id='word_1_264' title='bbox 245 3294 321 3373; x_wconf 83' lang='grc' dir='ltr'><strong><em>μιᾶς</em></strong></span> <span class='ocrx_word' id='word_1_265' title='bbox 343 3293 411 3354; x_wconf 85' lang='grc' dir='ltr'><strong><em>τῶν</em></strong></span> <span class='ocrx_word' id='word_1_266' title='bbox 430 3295 682 3371; x_wconf 78' lang='grc' dir='ltr'><strong><em>προειρημένων</em></strong></span> <span class='ocrx_word' id='word_1_267' title='bbox 705 3281 859 3370; x_wconf 85' lang='grc' dir='ltr'><strong><em>άγόμεθα</em></strong></span> <span class='ocrx_word' id='word_1_268' title='bbox 880 3280 941 3368; x_wconf 78' lang='grc' dir='ltr'><strong><em>οὐχ</em></strong></span> <span class='ocrx_word' id='word_1_269' title='bbox 965 3281 1106 3360; x_wconf 79' lang='grc' dir='ltr'><strong><em>ἑκόντες,</em></strong></span> 
     </span>
    </p>
   </div>
   <div class='ocr_carea' id='block_1_3' title="bbox 103 3374 1106 3532">
    <p class='ocr_par' dir='ltr' id='par_1_3' title="bbox 103 3374 1106 3532">
     <span class='ocr_line' id='line_1_33' title="bbox 103 3374 1106 3532; baseline -0.009 -78"><span class='ocrx_word' id='word_1_270' title='bbox 103 3383 177 3454; x_wconf 77' lang='grc' dir='ltr'><strong><em>ἀλλ’</em></strong></span> <span class='ocrx_word' id='word_1_271' title='bbox 194 3384 336 3454; x_wconf 80' lang='grc' dir='ltr'><strong><em>ἀναίτιοι</em></strong></span> <span class='ocrx_word' id='word_1_272' title='bbox 348 3384 560 3453; x_wconf 86' lang='grc' dir='ltr'><strong><em>παντάπασιν</em></strong></span> <span class='ocrx_word' id='word_1_273' title='bbox 570 3382 664 3462; x_wconf 83' lang='grc' dir='ltr'><strong><em>ὄντες</em></strong></span> <span class='ocrx_word' id='word_1_274' title='bbox 679 3374 727 3449; x_wconf 81' lang='grc' dir='ltr'><strong><em>ῶν</em></strong></span> <span class='ocrx_word' id='word_1_275' title='bbox 738 3385 876 3468; x_wconf 76' lang='grc' dir='ltr'><strong><em>λέγομεν</em></strong></span> <span class='ocrx_word' id='word_1_276' title='bbox 890 3374 1106 3532; x_wconf 49' lang='grc' dir='ltr'><strong><em>ἢῖμριοῦμενς</em></strong></span> 
     </span>
    </p>
   </div>
   <div class='ocr_carea' id='block_1_4' title="bbox 0 0 1283 3825">
    <p class='ocr_par' dir='ltr' id='par_1_4' title="bbox 0 0 1283 3825">
     <span class='ocr_line' id='line_1_34' title="bbox 0 0 1283 3825; baseline 0 0"><span class='ocrx_word' id='word_1_277' title='bbox 0 0 1283 3825; x_wconf 95' lang='lat' dir='ltr'><strong><em> </em></strong></span> 
     </span>
    </p>
   </div>
  </div>
 </body>
</html>
