2550 3825
163 213 281 272 ΠΕΡΙ
303 213 403 273 ΤΩΝ
421 215 513 272 ΕΠΙ
530 216 698 275 ΜΙΣΘΩ
719 213 1003 274 ΣΤΝΟΝΤΩΝ.
1035 207 1096 272 311

99 370 355 452 στοδιδάσκαλος
368 369 390 458 ἢ
401 370 527 441 Ἰωνικά
544 378 705 460 ξυνείρων
717 370 1023 454 Ἀλεξανδρεωτικὸς
1034 368 1095 437 ἀν·
1114 396 1168 452 ςςς

99 476 302 554 θρωπίσκος·
326 485 393 549 τοῖς
409 472 470 557 μὲν
482 469 546 557 γάρ
558 471 598 537 τά
610 471 749 556 ἐρωτικά
764 481 866 540 ταῦτα
880 474 1098 556 διακονουμέ-

58 617 63 626 .
102 592 170 644 νοις
181 570 235 634 καί
245 573 467 655 γραμματίδια
480 566 546 635 ῦπό
559 569 687 636 κόλπου
702 575 925 656 διακομίζουσι
935 569 1044 638 πόθεν
1054 566 1098 636 σύ

98 663 133 751 γ’
151 665 297 749 ἰσότιμος
311 674 559 752 κατακείμενος;
581 675 761 753 τοιγαροῦν
776 671 812 735 ἐν
827 674 919 757 μνχῶ
934 675 995 734 τοῦ
1012 685 1100 751 συμ-

99 768 218 828 ποσίον
233 765 287 830 καί
307 759 366 850 ὑπ’
384 768 497 841 αἰδοῦς
513 762 744 843 καταδεδυκῶς
759 767 882 841 στένεις
898 759 942 841 ῶς
957 761 994 830 τό
1011 761 1098 840 εἰκός

98 864 153 930 καὶ
168 859 311 930 σεαυτόν
329 869 498 950 οἰκτείρεις
519 867 573 931 καὶ
590 870 677 954 αἰτιᾷ
698 863 759 951 τὴν
779 866 882 950 τύχην
904 860 982 932 οὐδὲ
1003 860 1097 946 όλίγα

99 979 152 1026 σοι
168 966 236 1026 τῶν
249 966 391 1046 χαρίτων
406 963 662 1041 ἐπιψεκάσασαν.
685 959 789 1047 ἡδέως
803 959 837 1029 δ’
854 960 897 1028 ἀν
918 984 973 1046 μοι
991 963 1099 1036 δοκεῖς

99 1057 153 1122 καὶ
168 1053 303 1142 ποιητὴς
317 1060 475 1140 γενέσθαι
489 1064 555 1125 τῶν
570 1061 737 1143 ἐρωτικῶν
754 1058 910 1149 ᾀσμάτων
923 1054 945 1144 ἢ
960 1052 1024 1124 κάν
1038 1055 1098 1124 ἀλ-

99 1161 161 1220 λου
177 1153 374 1238 ποιήσαντος
386 1147 553 1221 δύνασθαι
564 1151 659 1244 ᾅδειν
672 1152 783 1235 ἀξίως·
805 1154 885 1245 ὁρᾷς
895 1154 959 1242 γάρ
977 1149 1050 1224 οἷον
1060 1150 1097 1221 τό

98 1258 323 1336 προτιμᾶσθαι
341 1252 396 1320 καί
411 1249 598 1336 εὐδοκιμεῖν
614 1258 713 1320 ἐστιν.
744 1251 922 1338 ὑποσταίης
939 1253 971 1318 δ’
986 1252 1046 1335 ἀν,
1070 1256 1100 1318 εἰ

98 1351 153 1416 καί
168 1345 311 1435 μάγονῆ
327 1350 448 1435 μάντιν
462 1347 709 1433 ὑποκρίνασθαι
724 1352 793 1418 δέοι
804 1357 871 1417 τῶν
882 1349 1025 1435 κλήρους
1035 1372 1099 1414 πο-

100 1451 324 1528 λυταλάντους
337 1453 392 1518 καί
407 1448 508 1536 ἀρχάς
522 1453 576 1518 καί
587 1449 737 1534 ἀθρόους
751 1448 830 1528 τοῦς
844 1450 1009 1526 πλούτους
1018 1444 1099 1514 ῦπι-

99 1552 328 1634 σχνουμένωυ·
351 1553 405 1618 καί
425 1548 489 1635 γάρ
510 1543 554 1616 αὖ
574 1553 628 1618 καὶ
644 1552 784 1629 τούτους
805 1549 884 1640 ὁρᾷς
902 1542 941 1616 εύ
956 1547 1099 1634 φερομέ-

98 1673 179 1724 νους
190 1649 226 1714 ἐν
241 1660 310 1726 ταῖς
325 1654 449 1733 φιλίαις
464 1649 518 1715 καί
531 1656 665 1717 πολλῶν
680 1648 903 1735 ἀξιουμένους.
935 1643 999 1714 κάν
1016 1648 1053 1712 έν
1066 1672 1097 1711 τι

99 1737 162 1810 οῦν
172 1744 300 1812 τούτων
310 1743 415 1831 ἡδέως
426 1741 469 1812 ἀν
479 1749 601 1832 γένοιο,
618 1743 662 1824 ῶς
672 1744 715 1832 μη
728 1744 912 1833 ἀπόβλητος
922 1747 976 1810 καὶ
986 1767 1098 1828 περιτ-

99 1837 154 1923 τός
169 1851 244 1928 εἰης.
273 1839 344 1910 ἀλλ’
361 1840 440 1910 οῦδὲ
458 1839 540 1928 πρός
561 1841 697 1911 ταῦταὸ
720 1847 931 1928 κακοδαίμων
952 1837 1097 1918 πιθανός

98 1937 136 2005 εἰ.
167 1948 345 2025 τοιγαροῦν
362 1938 489 2025 ἀνάγκη
513 1949 691 2026 μειοῦσθαι
714 1944 768 2009 καὶ
792 1947 899 2027 σιωπῇ
921 1937 1099 2026 ἀνέχεσθαι

98 2033 327 2121 ὑποιμώζοντα
341 2041 395 2104 καὶ
412 2036 648 2123 ἀμελούμενον.
679 2044 729 2107 28.
748 2035 791 2124 ἢν
806 2035 945 2123 μὲνγὰρ
961 2042 1097 2121 κατείπη
1114 2058 1167 2116 687

99 2140 161 2199 σοῦ
178 2160 227 2211 τις
240 2130 386 2219 ψίθυρός
406 2137 547 2219 οἰκέτης,
569 2133 612 2211 ῶς
625 2135 728 2219 μόνος
743 2134 805 2202 οῦκ
823 2136 952 2222 ἐπῄνεις
968 2134 1028 2200 τόν
1041 2141 1098 2219 τῆς

99 2234 274 2315 δεσποίνης
288 2236 463 2299 παιδίσκον
476 2231 681 2318 ὀρχούμενον
696 2227 716 2317 ἦ
731 2239 960 2317 κνθαριῒοντα,
981 2235 1098 2298 κίνδυ-

99 2353 156 2405 νος
173 2323 215 2393 ού
228 2327 345 2412 μικρὸς
359 2333 395 2397 ἐκ
409 2336 470 2397 τοῦ
484 2330 682 2415 πράγματος.
709 2327 771 2415 χρη
785 2323 850 2398 οῦν
864 2334 1018 2415 χερσαίου
1035 2335 1098 2415 βα-

99 2426 221 2511 τράχου
242 2429 338 2511 δίκην
354 2431 501 2507 διφῶντα
516 2430 727 2513 κεκραγέναι,
751 2426 795 2505 ῶς
815 2430 972 2512 ἐπίσημος
987 2432 1044 2514 έση
1061 2428 1098 2493 ἐν

99 2539 166 2603 τοῖς
180 2527 353 2592 ἐπαινοῦσι
375 2529 430 2593 καλ
446 2540 627 2611 κορυφαῖος
643 2527 917 2612 ἐπιμελούμενον·
940 2525 1098 2603 πολλάκις

99 2625 135 2691 δὲ
152 2627 206 2690 καὶ
225 2630 293 2689 τῶν
309 2621 421 2692 ἀλλων
439 2625 680 2711 σιωπησάντων
695 2624 799 2693 αὐτόν
815 2628 960 2693 ἐπειπεῖν
981 2626 1099 2709 ἐσκεμ-

98 2726 200 2809 μένον
214 2719 289 2791 τινά
306 2728 444 2791 ἔπαινον
458 2719 585 2807 πολλὴν
595 2720 658 2810 τὴν
668 2730 844 2792 κολακείαν
855 2726 1097 2809 ἐμφανιοῦντα·

100 2818 135 2889 τό
152 2820 292 2907 μὲνγὰρ
310 2828 395 2909 λιμῶ
417 2822 558 2902 ξυνόντα
573 2825 627 2889 καὶ
646 2819 688 2907 νὴ
703 2828 770 2889 Δία
786 2848 825 2907 γε
841 2825 989 2901 διψῶντα
1002 2819 1098 2910 μύρφ

98 2925 250 3006 χρίεσθαι
264 2922 319 2986 καί
333 2926 583 3006 στεφανοῦσθαι
597 2918 659 3006 τὴν
674 2920 840 3006 κεφαλήν,
855 2918 960 3005 ἠρέμα
973 2922 1027 2987 καί
1041 2945 1099 3004 γε-

99 3025 207 3085 λοίου·
229 3023 337 3094 ἔοικας
349 3015 414 3102 γάρ
431 3018 504 3084 τότε
517 3018 620 3106 στήλη
635 3019 742 3086 ἕωλον
758 3016 847 3096 τινός
859 3024 981 3103 νεκροῦ
996 3016 1098 3103 άγον-

98 3141 153 3193 τος
169 3118 367 3200 ἐναγίσματα
376 3142 387 3181 ·.
404 3117 459 3181 καί
473 3112 537 3200 γάρ
552 3117 682 3184 ἐκείνου
693 3120 906 3203 καταχέαντες
921 3117 1031 3202 μύρον
1044 3118 1100 3183 καὶ

98 3210 158 3280 τόν
177 3214 344 3298 στέφανον
360 3214 529 3291 ἐπιθέντες
550 3211 644 3283 αύτοί
663 3221 798 3284 πίνουσι
820 3218 874 3283 καί
898 3212 1099 3299 εὐωχοῦνται

98 3311 138 3381 τὰ
152 3314 455 3399 παρεσκευασμένα.
477 3320 527 3382 29.
545 3310 589 3400 ἦν
602 3311 738 3399 μὲνγὰρ
753 3315 807 3380 καί
825 3311 1005 3400 ζηλότυπός
1019 3306 1100 3401 τιςῇ

97 3410 153 3481 καὶ
163 3417 276 3491 παῖδες
288 3411 450 3499 εῦμορφοι
463 3406 578 3499 ῶσινῆ
589 3418 649 3480 νέα
658 3411 744 3498 γυνὴ
756 3414 810 3480 καί
821 3410 864 3479 σῦ
875 3408 919 3498 μὴ
932 3419 1100 3490 παντελῶς
