2550 3825
176 196 239 255 206
521 202 830 260 ΛΟΤΚΙΑΝΟΤ

177 356 232 421 καὶ
251 352 333 423 ίδῶν
353 360 586 445 ἐπανέλθοιμιί
620 358 664 438 ὡς
678 358 721 445 ήν
741 387 781 446 με
802 360 846 428 σὺ
866 359 970 449 ἀφῇς,
994 360 1093 429 οῦδὲν
1109 368 1176 429 τῶν

176 460 314 537 τυφλῶν
331 458 459 522 διοίσω·
487 457 642 543 καθάπερ
658 457 722 545 γὰρ
743 462 863 527 ἐκεῖνοι
883 459 1087 544 σφάλλονται
1105 463 1176 526 διο-

109 564 158 619 491
177 557 406 632 λισθαίνοντες
426 556 463 621 ἐν
477 562 523 645 τῷ
546 555 673 641 σκότει,
700 555 789 624 οὑτω
804 554 845 644 δή
860 556 952 645 κάγῶ
968 580 1022 626 σοι
1037 564 1177 643 ἔμπαλιν

29 642 32 645 ’
176 647 402 738 ἀμβλυώττων
422 651 505 739 πρὸς
525 652 562 721 τῦ
578 663 658 739 φῶς.
692 653 774 723 ἀλλά
793 656 866 742 δός,
894 649 1119 743 ῶΚνλλήνιε,
1145 658 1178 734 ἐς

177 746 228 816 ἀεὶ
242 754 480 841 μεμνησομένῳ
495 750 556 838 τήν
569 752 676 837 χάριν.

260 855 289 916 2.
304 857 409 919 EPM.
435 858 541 919 Τοῦτο
552 852 589 919 τὸ
601 860 737 939 πρᾶγμα
750 861 886 939 πληγῶν
897 864 1004 922 αῖτιον
1014 853 1177 939 καταστή-
1265 902 1268 907 -

177 954 271 1015 σεταί
280 975 352 1034 μοι·
380 947 449 1033 ὁρῶ
468 959 554 1037 γοῦν
570 950 634 1038 ήδη
655 949 714 1018 τόν
734 950 860 1037 μισθόν
875 960 932 1039 τῆς
952 954 1177 1039 περιηγήσεως

177 1044 239 1113 οῦκ
251 1044 440 1116 ἀκόνδυλον
450 1050 661 1116 παντάπασιν
670 1048 750 1137 ήμῖν
760 1050 928 1137 ἐσόμενον.
947 1049 1177 1137 ὑπουργητέον

177 1146 212 1211 δὲ
227 1143 331 1231 ὅμως·
362 1153 397 1214 τί
406 1144 471 1235 γάρ
487 1144 531 1216 ἀν
551 1150 731 1217 καὶπάθοι
746 1176 813 1236 τις,
839 1148 939 1219 ὁπότε
954 1158 1049 1236 φιλος
1064 1176 1113 1228 τις
1129 1144 1177 1215 ῶν

175 1244 335 1330 βιάζοιτο;
359 1245 468 1314 πάντα
483 1248 545 1334 μὲν
556 1241 620 1315 οῦν
637 1266 675 1314 σε
692 1252 774 1315 ίδεῖν
788 1245 868 1316 καθ’
881 1250 1021 1316 ἕκαστον
1032 1247 1177 1335 ἀκριβῶς

176 1341 346 1429 ἀμήχανόν
367 1349 473 1433 ἐστιν,
499 1339 527 1414 ῶ
549 1353 721 1432 πορθμεῦ·
755 1352 888 1415 πολλῶν
907 1344 971 1433 γάρ
987 1344 1031 1414 ἀν
1051 1342 1175 1430 ἐτῶνή

177 1441 327 1531 διατριβή
339 1448 478 1530 γένοιτο.
496 1445 564 1514 εἶτα
575 1447 630 1532 ἐμὲ
641 1446 703 1534 μὲν
713 1446 935 1531 κηρύττεσθαι
945 1446 1055 1531 δεήσει
1065 1444 1175 1511 καθά-

173 1565 235 1627 περ
251 1539 443 1627 ἀποδράντα
458 1541 525 1611 ὑπό
541 1552 602 1612 τοῦ
616 1546 714 1630 Διός,
737 1547 773 1613 σὲ
789 1545 825 1613 δὲ
844 1542 1016 1613 καλαῦτδν
1033 1544 1177 1612 κωλόσει

108 1660 158 1714 492
177 1642 326 1727 ἐνεργεῖν
341 1640 381 1709 τά
398 1650 460 1710 τοῦ
474 1644 631 1712 Θανάτου
651 1650 730 1729 ἔργα
750 1645 804 1711 καλ
818 1641 879 1730 τήν
891 1642 1092 1720 Πλούτωνος
1113 1639 1172 1726 ἀρ«

173 1736 236 1825 χήν
263 1744 400 1824 ζημιοῦν
428 1738 471 1826 μή
500 1749 776 1829 νεκραγωγοῦντα
798 1748 924 1809 πολλοῦ
950 1748 1011 1808 τοῦ
1034 1740 1175 1827 χρόνον·
1245 1822 1247 1829 ¹

175 1830 259 1925 κᾷτα
277 1835 294 1902 ὁ
310 1835 455 1925 τελῶνης
468 1838 593 1920 Αίακός
606 1839 826 1928 ἀγανακτήσει
842 1837 919 1927 μηδ’
938 1837 1060 1929 ὀβολόν
1073 1841 1174 1926 ἐμπο-

175 1941 254 2001 λῶν.
284 1930 327 2012 ῶς
349 1937 384 2002 δὲ
397 1932 438 2002 τά
459 1939 623 2022 κεφάλαια
644 1947 712 2007 τῶν
725 1942 932 2026 γιγνομένων
952 1944 1052 2024 ίδοις,
1076 1946 1174 2006 τοῦτο

177 2029 238 2117 ήδη
255 2035 422 2100 σκεπτέον.

258 2138 353 2200 ΧΑΡ.
375 2130 500 2220 Αὐτός,
522 2127 683 2222 ῶἘρμη,
705 2136 828 2204 ἐπινόει
843 2134 879 2203 τό
895 2138 1081 2223 βέλτιστον·
1110 2129 1173 2219 ἐγῶ

174 2232 211 2296 δὲ
228 2227 329 2297 οῦδὲν
345 2229 417 2298 οἶδα
433 2238 502 2299 τῶν
515 2229 600 2319 ὑπὲρ
615 2241 675 2319 γῆς
688 2237 779 2313 ξένος
795 2232 851 2302 ῶν.

257 2336 360 2397 ΕΡΜ.
387 2327 431 2398 Τό
447 2331 509 2418 μὲν
523 2330 620 2416 ὅλον,
640 2324 821 2416 ῶΧάρωυ,
842 2327 974 2416 ὑψηλοῦ
989 2354 1079 2406 τινος
1094 2325 1176 2414 ήμῖν

174 2430 227 2494 δεῖ
234 2433 374 2515 χωρίου,
392 2425 436 2508 ῶς
446 2426 504 2496 ἀπ’
517 2433 648 2499 ἐκείνου
661 2431 769 2498 πάντα
779 2433 938 2505 κατίδοις·
961 2431 1013 2496 σοὶ
1023 2427 1060 2495 δὲ
1074 2425 1176 2512 εἰμὲν
1263 2481 1267 2490 ,

174 2529 207 2603 ἐς
222 2522 283 2592 τόν
298 2523 447 2612 οῦρανὸν
463 2524 620 2597 ἀνελθεῖν
641 2524 788 2595 δυνατόν
802 2520 862 2613 ήν,
887 2524 948 2593 οῦκ
969 2521 1013 2593 ἀν
1030 2524 1175 2610 ἐκάμνο-

173 2647 251 2707 μεν·
274 2623 309 2689 ἐκ
332 2631 501 2710 περιωπῆς
521 2624 586 2712 γάρ
607 2621 651 2693 ἀν
670 2624 816 2712 ἀκριβῶς
836 2623 966 2693 ἅπαντα
988 2625 1173 2709 καθειόρας.

106 2733 155 2788 493
174 2721 244 2786 ε’πεὶ
260 2719 296 2786 δὲ
318 2717 359 2787 οῦ
380 2724 477 2807 θέμις
492 2724 640 2802 είδῶλοις
657 2722 707 2791 ἀεὶ
725 2723 868 2803 ξυνόντα
885 2723 1093 2812 ἐπιβατεύειν
1106 2727 1175 2788 τῶν

172 2824 348 2904 βασιλείων
369 2828 430 2886 τοῦ
449 2821 550 2909 Διός,
576 2821 646 2906 ῶρα
666 2819 746 2909 ἡμῖν
768 2819 898 2907 ὑψηλόν
924 2849 955 2889 τι
981 2817 1059 2904 όρος
1079 2842 1175 2901 περι·

173 2929 319 2982 σκοπεῖν.

256 3019 286 3081 3.
307 3021 404 3082 ΧΑΡ.
428 3014 555 3103 Οἶσθα,
579 3009 738 3104 ῶἙρμή,
761 3015 846 3102 άπερ
864 3027 968 3085 είωθα
985 3016 1094 3101 λέγειν
1109 3010 1175 3099 ἐγῶ

172 3108 256 3195 πρός
275 3109 378 3199 ὑμᾶς,
405 3112 541 3182 ἐπειδάν
562 3119 729 3202 πλέωμεν;
757 3113 883 3184 ὁπόταν
899 3113 963 3201 γὰρ
978 3109 1015 3182 τό
1041 3120 1176 3198 πνεῦμα

172 3218 366 3298 καταιγίσαν
380 3222 503 3304 πλαγίᾳ
515 3222 555 3305 τῇ
569 3213 678 3304 ὀθόνη
689 3218 813 3305 ἐμπέση
826 3216 881 3282 καὶ
894 3211 930 3281 τό
942 3219 1033 3299 κῦμα
1042 3207 1176 3296 ὑψηλόν

172 3307 279 3398 ἀρθῇ,
295 3312 368 3380 τότε
383 3309 476 3399 ὑμεῖς
491 3316 553 3400 μὲν
572 3310 632 3380 ὑπ’
649 3311 786 3399 ἀγνοίας
805 3313 954 3380 κελεύετε
968 3309 1030 3398 τήν
1044 3308 1175 3394 ὀθόνην

172 3418 295 3477 στεῖλαι
317 3405 339 3496 ή
362 3414 519 3479 ἐνδοῦναι
546 3409 660 3496 ὀλίγον
683 3418 743 3478 τοῦ
768 3408 870 3488 ποδός
889 3405 912 3495 ἢ
932 3414 1171 3496 συνεκδραμεῖν
