2550 3825
144 169 204 235 158
494 180 801 240 ΛΟΤΚΙΑΝΟΤ

143 358 221 400 πετο
242 339 310 400 τόν
334 341 500 420 πολεμίων
522 336 655 424 μεγάλφ
682 337 788 427 στόλφ
813 338 1083 407 ἐπιπλευσάντων
1109 349 1149 430 τῆ

144 431 270 518 Λιβύη,
282 433 403 517 τὰχέως
414 429 600 519 ὑπήκουσα,
613 436 668 502 καὶ
680 436 816 522 ἰδιώτην
827 436 971 522 ἐμαυτόν
981 440 1143 525 παρέσχον

144 529 199 595 καί
214 532 468 608 καταδικασθεὶς
482 527 607 616 ἤνεγκα
631 529 851 619 εὐγνωμόνως
866 533 904 602 τό
921 543 1066 621 πρᾶγμα.
1092 539 1147 604 καὶ

143 633 247 692 ταῦτα
262 630 385 711 ἔπραξα
400 628 570 714 βάρβαρος
585 623 633 696 τόν
648 631 703 697 καὶ
714 627 912 710 ἀπαίδευτος
926 637 1076 710 παιδείας
1089 639 1148 717 τῆς

138 723 329 811 Ἑλληνικῆς
343 729 397 792 καὶ
412 723 644 813 οὔτεὍμηρον
656 726 766 813 ὥσπερ
781 721 879 806 οὖτος
892 731 1059 819 ῥαψῳδῶν
1069 726 1147 796 οὔτε

144 820 203 891 ὑπ’
218 819 431 909 Ἀριστοτέλει
444 830 490 915 τῷ
505 831 647 913 σοφιστῇ
657 829 867 911 παιδευθείς,
883 825 970 914 μόνη
980 825 1016 893 δὲ
1026 834 1066 914 τῆ
1078 825 1147 911 φό-

74 935 125 991 385
144 942 194 990 σει
212 919 324 1011 άγαθῆ
337 922 551 1009 χρησάμενος.
581 925 685 991 ταῦτά
701 926 791 991 ἐστιν
805 919 828 991 δ’
841 921 907 1010 έγω
926 921 1147 1006 Ἀλεξάνδρου
1166 964 1168 967 ·

144 1018 290 1106 άμείνωυ
300 1023 384 1108 φημὶ
396 1018 489 1088 εἶναι.
509 1027 539 1089 εί
549 1024 587 1090 δέ
596 1025 664 1089 ἐστι
675 1028 820 1089 καλλίων
831 1019 962 1106 οὑτοσί,
974 1019 1059 1088 διότι
1071 1025 1146 1088 δια-

144 1120 263 1206 δήματι
278 1117 340 1206 τῆν
354 1117 505 1206 κεφαλῆν
519 1122 698 1205 διεδέδετο,
721 1119 897 1186 Μακεδόσι
912 1119 974 1205 μέν
994 1128 1074 1198 ἴσως
1090 1121 1145 1186 καὶ
1230 1140 1245 1176 ⁹·
1265 1129 1274 1146 “

144 1224 246 1284 ταῦτα
260 1217 381 1304 σεμνά,
397 1215 438 1284 οὐ
448 1215 516 1303 μὴν
531 1215 585 1284 διὰ
597 1225 695 1284 τοῦτο
711 1214 857 1303 άμείνων
872 1217 998 1296 δόξειεν
1011 1212 1055 1283 άν
1066 1242 1132 1301 γεν-

144 1323 240 1384 ναίου
259 1318 314 1385 καὶ
328 1323 549 1403 στρατηγικοῦ
563 1314 686 1402 άνδρδς
700 1321 740 1404 τῆ
759 1314 876 1401 γνάμη
888 1315 990 1382 πλέον
1005 1311 1089 1399 ῆπερ
1103 1320 1144 1400 τῆ

142 1415 224 1501 τύχη
239 1417 453 1501 κεχρημένον.

225 1519 327 1581 ΜΙΝ.
345 1510 382 1580 ‘O
394 1516 456 1598 μὲν
468 1522 600 1598 εἴρηκεν
611 1510 673 1579 οὐκ
684 1507 808 1597 άγεννῆ
822 1507 996 1595 τὸνλόγον
1010 1506 1088 1575 οὐδὲ
1100 1503 1144 1584 ὡς

142 1617 251 1698 Λίβυν
267 1609 354 1691 είκδς
380 1606 424 1699 ῆν
444 1611 528 1697 ὑπὲρ
546 1608 659 1678 αὑτοῦ.
694 1608 738 1677 σύ
752 1613 803 1695 δέ,
830 1601 857 1675 ὦ
878 1605 1086 1690 Ἀλέξανδρε,
1112 1612 1146 1674 τί

142 1707 224 1794 πρός
238 1717 341 1776 ταῦτα
358 1709 438 1794 φῆς;

73 1821 124 1877 386
225 1812 254 1874 4.
279 1811 406 1882 ΑΛΕΞ.
427 1806 539 1894 Ἐχρῆν
551 1811 622 1893 μέν,
641 1799 668 1874 ά
678 1814 813 1890 Μίνως,
827 1804 932 1891 μηδὲν
942 1813 1026 1891 πρὸς
1035 1801 1143 1889 ἄνδρα

142 1902 230 1971 οὕτω
243 1901 379 1988 θρασδν
396 1902 658 1989 ἀποκρίνασθαι·
680 1902 777 1990 ίκανῆ
794 1901 859 1989 γάρ
873 1899 893 1991 ῆ
905 1902 998 1990 φήμη
1013 1901 1142 1981 διδάξαι

141 2025 195 2088 σε,
214 1998 282 2081 οἷος
293 2003 355 2088 μὲν
365 2001 429 2090 ἐγοδ
441 2004 612 2091 βασιλεύς,
630 1999 698 2083 οἷος
712 2005 749 2071 δὲ
759 1995 857 2081 οὗτος
869 1999 990 2091 ληστῆς
1000 2003 1140 2089 ἐγένετο.

141 2100 230 2187 ὅμως
247 2100 283 2169 δὲ
298 2100 361 2187 ὅρα
376 2108 406 2170 εί
419 2100 492 2169 κατ’
509 2100 624 2189 ὀλίγον
639 2102 744 2171 αὐτοῦ
759 2102 934 2189 διήνεγκα,
950 2098 986 2181 δς
1002 2102 1076 2177 νέος
1091 2095 1141 2165 ὢν

140 2207 188 2268 ἔτι
203 2197 383 2286 παρελθόν
400 2202 452 2268 έπλ
471 2197 510 2267 τά
529 2200 705 2288 πράγματα
718 2205 773 2271 καλ
786 2200 848 2289 τῆν
863 2197 969 2288 άρχῆν
982 2224 1140 2283 τεταραγ-

140 2300 244 2385 μένην
260 2303 418 2385 κατέσχον
436 2302 490 2369 καλ
509 2299 587 2380 τούς
608 2305 731 2387 φονέας
744 2308 805 2370 τοῦ
821 2299 945 2384 πατρός
960 2306 1140 2386 μετῆλθον,

139 2390 221 2487 κᾷτα
235 2399 385 2487 φοβήσας
395 2398 457 2488 τῆν
466 2398 606 2470 Ἐλλάδα
619 2409 660 2490 τῆ
671 2407 827 2489 Θηβαίων
839 2397 984 2488 ἀπωλείᾳ
999 2419 1140 2483 στρατη-

138 2497 197 2583 γός
210 2523 245 2565 τε
259 2496 319 2565 ὑπ’
337 2498 449 2566 αὐτῶν
465 2504 711 2587 χειροτονηθεὶς
732 2498 794 2567 οὐκ
808 2498 930 2586 ἠξίωσα
944 2496 1007 2584 τῆν
1021 2503 1128 2563 Μακε

140 2595 250 2663 δόνωυ
266 2594 371 2683 άρχῆν
386 2602 554 2683 περιέπων
568 2596 702 2684 άγαπᾶυ
716 2598 829 2685 ἄρχειν
845 2594 978 2664 ὁπόσων
998 2591 1138 2679 όπατῆρ

138 2697 329 2779 κατέλιπεν,
350 2692 432 2762 άλλά
453 2702 564 2764 πᾶσαν
586 2696 762 2783 ἐπινοήσας
786 2693 848 2781 τῆν
866 2702 930 2783 γῆν
950 2697 1004 2762 καὶ
1025 2690 1137 2762 δεινόν

138 2791 365 2881 ἡγησάμενος,
388 2801 418 2862 εί
431 2792 475 2881 μῆ
491 2792 650 2863 ἁπάντων
664 2795 877 2882 κρατήσαιμι,
899 2792 1032 2880 ὀλίγους
1046 2790 1138 2878 άγων

137 2893 296 2977 ἐσέβαλον
306 2895 339 2969 ές
348 2888 411 2978 τῆν
421 2889 549 2978 Ἀσίαν,
566 2898 620 2963 καὶ
632 2897 687 2964 έπί
694 2919 730 2961 τε
740 2900 894 2985 Γρανικῷ
904 2891 1066 2978 ἐκράτησα
1078 2915 1137 2977 με·

136 2989 223 3078 γάλη
237 2990 324 3077 μάχη
341 2993 395 3059 καί
409 2988 471 3077 τῆν
481 2996 611 3061 Λυδίαν
631 2990 746 3079 λαβών
759 2997 814 3060 καὶ
830 2990 958 3060 Ἰωνίαν
973 2993 1028 3057 καὶ
1042 2997 1138 3073 Φρυ-

137 3095 214 3174 γίαν
224 3091 279 3156 καὶ
288 3085 374 3167 ὅλως
387 3087 427 3157 τά
442 3092 479 3157 έν
491 3095 589 3158 ποσὶν
600 3089 651 3160 άελ
663 3091 877 3178 χειρούμενος
886 3083 996 3177 ἦλθον
1011 3089 1063 3155 ε’πλ
1075 3084 1136 3155 'Io-

137 3187 214 3274 σόν,
236 3192 321 3256 ἔνθα
335 3198 479 3275 Δαρεῖος
498 3188 654 3276 ὑπέμεινε
671 3190 836 3277 μυριάδας
854 3185 979 3269 πολλάς
993 3192 1137 3273 στρατοῦ

136 3285 237 3374 άγων.
260 3294 291 3356 5.
312 3289 367 3356 καλ
377 3284 414 3356 τό
427 3284 492 3355 άπὸ
503 3289 643 3373 τοότου,
660 3281 833 3375 όΜίυως,
847 3286 941 3375 ὑμεῖς
955 3299 1024 3357 tm
1035 3285 1137 3365 όσους

137 3384 216 3467 ὑμῖν
231 3385 372 3474 νεκροὺς
386 3391 438 3458 ἐπὶ
451 3394 528 3471 μιᾶς
540 3385 665 3475 ἡμέρας
684 3394 892 3473 κατέπεμψα·
921 3391 1003 3477 φησὶ
1015 3398 1101 3475 γοῦν
1116 3388 1135 3459 ὃ
