2550 3825
172 172 233 235 192
520 178 820 237 AOYKIANOP

102 346 152 402 458
171 360 243 419 ρειν
257 334 340 404 αύτά
355 332 438 421 πρός
452 334 599 413 ἅπαντας
611 332 691 403 οὐδὲ
706 333 746 403 τά
762 333 932 426 ἀπόρρητα
946 338 1164 426 ἐξαγορεύειν,

168 431 289 519 μὴ’καί
298 460 347 511 τις
363 430 448 518 ἡμᾶς
461 432 624 517 γράψηται
639 430 774 521 γραφήν
790 431 939 523 ἀσεβείας
954 438 1007 505 ἐπὶ
1020 442 1081 504 τού
1095 431 1166 502 ‘Pa-

169 531 373 617 δαμάνθυος.

252 639 341 701 ΦΙΛ.
364 636 552 717 Μηδαμῶς,
579 624 794 717 ύΜένιππε,
819 658 901 719 προς
923 642 983 701 τοῦ
998 634 1096 719 Διός,
1122 632 1165 721 μή

170 732 344 819 φθονήσῃς
353 738 421 798 τῶν
434 728 546 815 λόγων
559 736 644 820 φίλω
660 729 759 816 άνδρί
766 756 774 772 ·
795 729 878 817 πρδς
891 730 954 818 γάρ
968 733 1076 801 είδότα
1088 753 1166 800 σιω-

169 841 237 901 πᾶν
251 836 348 917 ἕρεις,
363 832 403 898 τά
417 828 446 897 τ’
465 829 547 898 ἄλλα
561 832 712 916 καὶπρὸς
726 836 946 918 μεμυημένον.

252 924 366 998 ΜΕΝ.
392 926 548 997 Χαλεπὸν
562 932 623 1014 μὲν
645 931 822 1009 ἐπιτάττεις
836 928 1041 1017 τούπίταγμα
1058 933 1112 999 καὶ
1125 928 1166 998 ού

169 1028 276 1114 πάντη
304 1026 465 1112 ἀσφαλές·
498 1023 585 1111 πλὴν
608 1024 691 1095 άλλά
714 1034 777 1095 σού
798 1054 836 1114 γε
860 1030 957 1095 ἕνεκα
976 1028 1164 1113 τολμητέον.

170 1131 260 1206 ἔδοξε
276 1124 315 1212 δή
330 1123 408 1204 τούς
419 1130 599 1202 πλουσίους
609 1124 748 1204 τούτους
762 1128 816 1194 καί
828 1127 1100 1213 πολυχρημάτους
1112 1126 1167 1193 καί

170 1222 206 1291 τό
230 1231 367 1310 χρυσίον
394 1222 628 1289 κατάκλειστον
653 1220 761 1307 ὥσπερ
788 1220 849 1309 τήν
872 1224 1014 1309 Δανάην
1039 1224 1167 1308 φυλάτ-

168 1349 284 1401 τοντας
297 1365 339 1375 -

251 1429 339 1489 ΦΙΛ.
364 1417 423 1505 Μή
445 1417 608 1503 πρότερον
629 1426 738 1507 εἴπης,
764 1411 892 1504 ὦγαθέ,
915 1414 956 1485 τά
974 1418 1166 1503 δεδογμένα,

168 1526 247 1607 πρὶν
259 1524 367 1589 ἐκεῖνα
379 1523 542 1601 διελθεῖν,
558 1513 719 1601 άμάλιστ’
733 1511 777 1583 άν
787 1514 891 1602 ἡδέως
904 1513 1084 1601 άκούσαιμί
1092 1535 1165 1601 σου,

168 1627 216 1698 τίς
230 1615 250 1705 ἡ
266 1617 395 1686 ἐπίνοιά
410 1637 472 1684 σου
487 1621 544 1700 τῆς
559 1614 711 1681 καθόδου
727 1616 872 1699 ἐγένετο,
888 1620 936 1691 τίς
950 1613 985 1681 δὲ
1001 1611 1018 1681 ὁ
1034 1620 1090 1699 τῆς
1104 1636 1166 1679 πο-

170 1723 259 1804 ρείας
279 1714 428 1802 ἡγεμών,
453 1712 522 1781 εἶτα
542 1714 612 1798 έξῆς
627 1710 650 1778 ά
666 1737 701 1778 τε
723 1710 845 1790 είδεςά
865 1737 900 1779 τε
918 1710 1065 1799 ἤκουσας
1085 1708 1163 1796 παρ’

170 1813 296 1891 αὐτοῖς·
313 1811 399 1889 είκός
411 1808 475 1897 γάρ
488 1807 527 1895 δή
541 1809 724 1893 φιλόκαλον
735 1807 815 1877 όντα
826 1830 863 1877 σε
874 1812 978 1897 μηδὲν
989 1817 1056 1877 τόν
1067 1806 1163 1888 ἀξίων

169 1915 250 1989 θέας
264 1905 286 1996 ή
301 1907 402 1996 άκοής
416 1916 624 1993 παραλιπεῖν.

253 2015 282 2076 3.
299 2015 412 2077 ΜΕΝ.
425 2005 669 2092 ’Ῥπουργητέυν
679 2009 731 2074 καλ
743 2006 846 2074 ταῦτά
858 2026 926 2074 σοι·
941 2015 975 2075 τί
982 2005 1046 2093 γάρ
1058 2002 1102 2074 άν
1112 2009 1167 2075 καὶ

169 2108 274 2176 πάθοι
288 2133 352 2191 τις,
370 2103 470 2173 ὁπότε
481 2110 576 2189 φίλος
590 2100 676 2189 άνήρ
688 2103 849 2191 βιάζοιτο;
865 2106 919 2172 καὶ
934 2102 973 2191 δή
986 2105 1099 2190 πρῶτά
1114 2124 1167 2172 σοι

169 2211 270 2292 δίειμι
290 2200 330 2271 τά
352 2204 427 2287 περὶ
444 2208 502 2288 τῆς
517 2201 651 2287 γνάμης
665 2207 723 2286 τῆς
739 2203 817 2287 ἐμῆς
833 2204 888 2269 καί
903 2199 987 2268 ὅθεν
1005 2199 1168 2287 ὡρμήθην

169 2302 251 2389 πρός
270 2300 332 2389 τήν
347 2301 544 2388 κατάβασιν·
573 2295 636 2384 έγά
651 2297 733 2384 γάρ,
755 2297 829 2385 άχρι
846 2299 907 2384 μὲν
922 2302 959 2366 έν
977 2302 1092 2366 παισίν
1112 2292 1167 2386 ἦν,

98 2417 152 2474 459
170 2402 304 2472 άκούων
314 2399 461 2488 Ὁμήρου
474 2401 528 2467 καὶ
537 2396 694 2466 Ἡσιόδου
711 2400 875 2483 πολέμους
886 2398 940 2465 καὶ
953 2398 1082 2475 στάσεις
1094 2401 1169 2482 διη-

168 2503 343 2588 γουμένων
359 2496 400 2566 ού
420 2495 527 2584 μόνον
541 2503 608 2564 τῶν
622 2494 788 2582 ἡμιθέων,
809 2492 892 2564 άλλᾶ
907 2498 961 2564 καὶ
976 2492 1088 2562 αύτῶν
1103 2491 1168 2579 ήδη

168 2606 236 2667 τῶν
252 2606 360 2682 θεῶν,
377 2603 423 2664 ἔτι
438 2596 474 2664 δὲ
487 2598 541 2664 καί
552 2602 696 2682 μοιχείας
707 2594 817 2662 αύτῶν
830 2597 884 2664 καὶ
898 2602 972 2683 βίας
986 2598 1040 2662 καὶ
1057 2590 1169 2678 ἁρπα-

168 2695 229 2783 γάς
249 2699 304 2764 καὶ
320 2700 412 2772 δίκας
432 2698 485 2760 καὶ
502 2697 654 2778 πατέρων
676 2694 836 2772 ἐξελάσεις
857 2696 910 2761 καὶ
930 2692 1086 2779 ἀδελφῶν
1104 2689 1169 2776 γά-

168 2821 268 2881 μους,
283 2792 392 2861 πάντα
406 2799 507 2859 ταῦτα
522 2794 673 2878 ἐνόμιζον
685 2791 768 2858 εἶναι
782 2790 865 2859 καλά
877 2796 931 2862 καὶ
942 2791 984 2860 ού
994 2796 1169 2878 παρέργως

169 2892 323 2978 έκνύμην
337 2891 420 2975 πρός
436 2892 535 2962 αύτά·
557 2898 626 2962 ἐπεὶ
642 2897 678 2962 δὲ
693 2900 738 2972 είς
748 2892 871 2977 ἄνδρας
885 2906 990 2964 τελελν
1003 2894 1166 2982 ἠρξάμην,

168 2989 270 3058 πάλιν
281 2984 325 3058 αύ
335 2992 482 3059 ἐνταῦθα
490 2991 616 3078 ήκουον
625 2999 693 3060 τῶν
703 2993 817 3078 νόμων
826 2991 982 3062 τάναντία
993 3008 1060 3071 τοῖς
1070 3018 1169 3078 ποιη-

167 3102 237 3166 ταῖς
254 3087 475 3174 κελευόντων,
497 3089 579 3176 μήτε
599 3090 766 3176 μοιχεύειν
780 3091 862 3176 μήτε
881 3091 1064 3172 στασιάζειν
1085 3091 1169 3176 μήτε

167 3180 334 3266 ἁρπάζειν.
363 3187 400 3251 ἐν
414 3187 540 3274 μεγάλη
555 3179 618 3253 ούν
639 3185 871 3272 καθειστήκειν
886 3185 1068 3276 ἀμφιβολίᾳ
1082 3189 1168 3272 μηδὲ

168 3279 261 3358 είδώς
281 3279 347 3350 ότι
362 3290 546 3369 χρησαίμην
568 3287 715 3374 ἐμαυτῷ·
738 3283 815 3352 ούτε
836 3282 901 3370 γάρ
922 3282 965 3351 άν
986 3308 1066 3353 ποτε
1087 3281 1169 3362 τούς

166 3374 269 3455 θεούς
282 3386 454 3465 μοιχεύσαι
468 3384 523 3448 καὶ
537 3383 711 3449 στασιάσαι
726 3380 809 3465 πρδς
824 3380 987 3469 ἀλλήλους
1002 3379 1166 3468 ἡγούμην.
