2550 3825
168 178 228 241 186
518 184 816 242 ΛΟΤΚΙΛΝΟΊ

166 342 203 408 τό
218 340 340 426 χρεων,
357 344 522 408 καὶταῦτα
537 341 713 428 ηλικιώτης
725 338 773 409 ἀν
784 348 844 409 τοῦ
855 343 1041 427 πορθμέως.
1065 349 1099 409 τί
1107 334 1170 409 οὖν

166 439 210 504 ἀν
224 466 272 517 τις
287 445 333 506 ἔτι
349 442 440 523 λέγοι
456 442 530 523 περὶ
546 447 614 507 τῶν
631 443 733 525 νέων,
750 437 848 507 ὁπότε
863 444 897 508 οί
908 446 1095 525 τηλικοῦτοι
1112 466 1171 524 φι-

167 538 285 618 λόζωοί
298 544 398 624 εἰσιν,
420 536 479 617 οὓς
495 540 593 625 ἐχρῆν
608 539 742 605 διοέκειν
756 536 816 605 τδν
829 538 981 606 δάνατον
997 536 1039 617 ὡς
1052 545 1119 607 τῶν
1133 540 1170 605 έν

166 644 212 725 τῷ
233 637 319 726 γήρα
339 646 453 704 κακῶν
468 639 656 723 φάρμακον.
689 633 762 705 ἀλλ’
783 635 931 722 ἀπίωμεν
953 635 1033 722 ἤδη,
1055 633 1098 722 μὴ
1116 639 1173 702 καί

166 760 215 812 τις
227 733 312 820 ἡμᾶς
323 731 479 821 ὑπίδηται
492 733 534 813 ἀς
545 734 732 820 ἀπόδρασιν
742 737 981 821 βουλεύοντας,
994 730 1083 819 ὁρῶν
1095 733 1168 816 περὶ

167 833 203 902 τὰ
219 837 355 921 στόμιον
370 840 592 922 εἰλουμένους.

641 1080 692 1141 28.

97 1190 148 1245 445
317 1191 596 1244 ΜΕΝΙΠΠον
618 1194 701 1244 ΚΑΙ
729 1181 1017 1243 mmmm.

251 1328 279 1389 1.
302 1329 413 1390 MEN.
433 1315 472 1390 Ὦ
492 1332 657 1409 Τειρεσία,
674 1330 704 1391 εί
712 1323 774 1409 μέν
788 1327 842 1391 καί
856 1322 982 1408 τυφλὸς
997 1322 1041 1409 εἶ,
1059 1320 1169 1391 οὐκέτι

167 1427 350 1508 διαγνῶναι
367 1423 501 1511 ῥᾴδιον·
534 1423 637 1491 ἀπασι
658 1420 722 1507 γάρ
742 1420 821 1508 ἡμῖν
839 1418 961 1507 ὁμοίως
982 1418 1022 1488 τά
1040 1420 1169 1508 ὄμματα

90 1559 92 1562 -
166 1521 263 1605 κενά,
285 1519 391 1605 μόνον
409 1522 444 1587 δὲ
462 1526 497 1591 αι’
509 1530 613 1607 χῶραι
630 1518 756 1587 αὐτῶν·
786 1517 825 1587 τά
848 1517 878 1585 δ’
895 1518 978 1588 ἀλλα
998 1518 1107 1598 οὐκέτ’
1125 1516 1169 1586 ἀν

168 1625 270 1686 εἰπεῖν
288 1626 388 1704 ἔχοις,
404 1626 452 1699 τίς
466 1618 484 1687 ὁ
502 1617 625 1697 Φινεύς
639 1612 719 1705 ἦνῆ
735 1625 782 1695 τίς
795 1614 814 1685 ὁ
830 1620 992 1704 Λυγκεύς.
1023 1618 1073 1687 ὅτι
1088 1624 1169 1706 μέν·

166 1744 216 1785 τοι
226 1712 442 1804 μάντιςῆσθα
453 1721 508 1786 καὶ
520 1718 569 1787 ὅτι
586 1717 758 1803 ἀμφότερα
770 1718 887 1800 ἐγένου
897 1716 999 1801 μόνος
1013 1720 1068 1784 καὶ
1082 1713 1167 1801 ἀνὴρ

166 1818 220 1882 καὶ
241 1815 344 1900 γυνή,
371 1821 439 1881 τῶν
456 1822 603 1902 ποιητῶν
618 1811 765 1890 ἀκούσας
780 1810 862 1879 οἶδα.
891 1810 975 1898 πρὸς
991 1820 1059 1879 τῶν
1075 1819 1166 1881 θεῶν

165 1922 344 1999 τοιγαροῦν
366 1918 438 1983 εἰπέ
457 1942 529 2001 μοι,
561 1910 724 1996 ὁποτέρου
743 1915 923 1999 ἐπειράθης
944 1910 1077 2000 ἡδίονος
1099 1920 1168 1980 τῶν

165 2020 264 2101 βίων,
282 2010 381 2080 ὁπότε
395 2011 481 2100 ἀνὴρ
498 2007 603 2100 ἦσθα,
620 2009 642 2099 ἦ
657 2011 674 2080 ὁ
690 2027 879 2099 γυναικεῖος
892 2011 1039 2100 ἀμείνων
1052 2007 1111 2100 ἦν;

251 2119 360 2179 ΤΕΙΡ.
396 2109 493 2198 Παρά
522 2111 626 2196 πολύ,
655 2104 681 2179 ιά
710 2117 887 2199 Μένιππε,
919 2111 936 2180 ὁ
961 2129 1163 2200 γυναικεῖος·

165 2208 470 2297 ἀπραγμονέστερος
488 2213 563 2297 γάρ.
597 2212 651 2279 καὶ
671 2211 868 2292 δεσπόζουσι
888 2220 955 2280 τοῖν
976 2209 1109 2298 ἀνδρῶν
1132 2240 1164 2280 αι

164 2323 335 2395 γυναῖκες,
357 2313 412 2377 καὶ
433 2308 510 2378 οὔτε
531 2318 687 2394 πολεμεῖν
707 2311 835 2399 ἀνάγκη
856 2311 970 2392 αὐταῖς
991 2311 1068 2380 οὕτε
1084 2310 1164 2396 παρ’

164 2411 299 2486 ἔπαλξιν
314 2408 447 2474 έστάναι
469 2407 542 2474 οὔτ’
559 2411 596 2475 έν
621 2411 775 2500 ἐκκλησίᾳ
796 2416 1015 2498 διαφέρεσθαι
1037 2408 1107 2477 οὔτ’
1129 2411 1168 2478 έν

164 2509 385 2589 δικαστηρίοις
402 2506 618 2586 ἐξετάζεσθαι.

247 2608 278 2668 2.
299 2609 412 2669 ΜΕΝ.
437 2601 565 2688 οὐγὰρ
581 2602 742 2691 ἀκήκοας,
759 2599 786 2672 ιά
805 2614 972 2691 Τειρεσία,
987 2615 1044 2695 τῆς
1060 2607 1167 2694 Εάρι-

163 2703 262 2768 πέδου
272 2704 439 2784 Μηδείας,
457 2698 509 2767 οἷα
522 2701 613 2768 εἶπεν
625 2709 831 2784 οἰκτείρουσα
845 2704 882 2772 τὸ
893 2721 1101 2792 γυναικεῖον,
1120 2704 1166 2786 ιδς

162 2796 282 2874 ἀθλίας
296 2794 398 2874 οὔσας
411 2799 466 2864 καὶ
480 2794 653 2884 ἀφόρητόν
665 2826 739 2867 τινα
750 2799 810 2868 τὸν
826 2805 861 2868 ἐκ
876 2809 943 2869 τῶν
960 2799 1090 2871 ἀδίνων
1101 2803 1166 2869 πό-

94 2912 143 2968 446
163 2921 224 2962 νον
245 2892 489 2980 ἀφισταμέναςς
511 2894 595 2984 ἀτάρ
618 2899 691 2966 είπέ
704 2924 777 2984 μοι,
794 2941 837 2952 —-
851 2897 1021 2987 ὑπέμνησε
1041 2902 1105 2987 γάρ
1123 2927 1166 2987 με

160 2990 199 3059 τά
212 2998 269 3077 τῆς
280 2997 430 3078 Μηδείας
443 3001 575 3083 ἰαμβεῖα
588 3037 632 3049 -
643 2999 698 3064 καὶ
715 3001 821 3077 ἔτεκές
842 3024 937 3085 ποτε,
962 2997 1061 3071 ὁπότε
1076 2997 1164 3087 γυνη

159 3083 266 3175 ἦσθα,
281 3087 303 3176 ἢ
318 3107 429 3176 στεῖρα
444 3095 497 3162 καὶ
512 3092 634 3179 ἀγονος
649 3099 831 3175 διετέλεσας
846 3100 882 3164 έν
897 3100 1011 3189 ἐκείνῳ
1024 3105 1070 3188 τῷ
1086 3105 1164 3188 βίῳς

246 3195 354 3256 ΤΕΙΡ.
382 3197 424 3256 Τί
436 3199 551 3274 τοῦτο,
570 3193 743 3275 Μένιππε,
759 3197 897 3282 έρωτᾷςς

242 3291 353 3354 ΜΕΝ.
379 3286 490 3357 Οὐδὲν
504 3291 665 3374 χαλεπόν,
685 3283 711 3357 ἀ
727 3298 894 3375 Τειρεσία·
906 3293 1005 3379 ’πλην
1020 3289 1163 3379 ἀπόκρι-

158 3413 230 3469 ναι,
249 3396 282 3454 εί
290 3408 342 3454 σοι
356 3389 483 3471 ῥᾴδιον.
