2550 3825
496 190 674 249 ΤΙΜΩΝ.
1046 190 1087 254 57

90 349 220 433 προσέτι
235 350 290 417 καί
303 346 398 434 λόγοι
413 350 529 417 πολλοὶ
544 350 597 415 ἐπί
611 355 651 436 τῇ
665 348 793 436 κύλικι,
808 349 882 419 τότε
896 350 936 438 δὴ
952 374 1007 421 και
1021 356 1087 440 μά-

89 453 196 528 λιστα,
208 448 282 529 περὶ
294 446 516 533 σωφροσύνης
526 448 582 514 καὶ
592 446 820 533 κοσμιότητος·
840 451 895 517 καί
905 452 1009 518 ταῦτά
1020 478 1088 538 φη-

90 560 141 607 σιν
154 542 218 628 ἤδη
234 540 300 610 ὑπὸ
317 550 377 611 τού
395 540 543 629 ἀκράτου
563 551 718 629 πονηροῖς
736 548 821 629 ἔχων
840 547 896 614 καί
916 544 1088 631 ὑποτραυ-
1105 566 1155 622 172

36 716 40 723 ¹
90 644 184 721 λίξων
202 636 355 724 γελοίως·
378 638 453 709 εἶτα
467 647 579 727 ίμετος
599 642 652 707 ἐπὶ
670 641 815 720 τούτοις·
841 647 896 712 καὶ
914 642 952 712 τὸ
972 654 1088 714 τελευ-

89 754 197 826 ταῖον,
212 737 377 825 ἀράμενοί
394 767 480 819 τινες
495 744 696 827 ἐκφέρουσιν
710 738 813 809 αὐτόν
826 745 862 814 ἐκ
881 752 943 811 τού
954 764 1088 830 σνμιτο·

90 845 161 908 σίου
170 844 228 925 τῆς
239 835 437 924 αὐλητρίδος
447 836 650 926 ἀμφοτέραις
661 843 909 928 ἐπειλημμένον.
925 839 1012 929 πλὴν
1026 840 1086 909 άλ-

89 934 127 1005 λιὶ
142 940 197 1004 καὶ
210 936 332 1023 νήφων
348 935 462 1007 ούδενί
481 964 549 1005 τιν
568 945 741 1025 πρωτείων
755 941 1024 1028 παραχωρήσειεν
1043 937 1087 1009 ἄν

3 1040 5 1073 “
92 1036 276 1120 ψεύσματος
286 1038 382 1104 ἕνεκα
392 1030 414 1123 ἢ
425 1036 634 1123 θρασύτητος
646 1033 669 1123 ἢ
682 1045 916 1123 φιλαργυρίας·
938 1037 1087 1108 ἀλλὰκαὶ

2 1132 9 1160 '
89 1131 241 1201 κολάκων
258 1134 324 1201 ἐστί
337 1130 377 1200 τό
391 1140 504 1219 πρῶτα
518 1138 572 1201 καί
592 1136 742 1218 ἐπιορκεῖ
759 1136 1011 1224 προχειρότατα,
1032 1142 1088 1207 καί

89 1228 109 1316 ἡ
123 1238 255 1317 γοητεία
270 1244 460 1317 προηγεῖται
472 1228 558 1318 καὶὴ
571 1228 786 1317 ἀναισχυντία
799 1249 1018 1321 παρομαρτεῖ,
1033 1239 1089 1305 καί

90 1326 172 1407 όλως
194 1327 373 1414 πάνσοφόν
392 1354 424 1395 τι
445 1336 552 1415 χρῆμα
572 1331 627 1397 καί
649 1331 863 1416 πανταχόθεν
880 1328 1015 1419 ἀκριβὲς
1032 1337 1089 1403 καί

88 1431 243 1503 ποικίλως
257 1428 392 1507 ἐντελές.
425 1428 597 1512 οἰμώξεται
617 1435 797 1513 τοιγαροῦν
813 1427 875 1497 ούκ
896 1436 942 1508 είς
956 1429 1089 1516 μακρὰν

88 1520 226 1609 χρηστός
241 1520 297 1590 τόν.
320 1530 355 1591 τί
365 1530 479 1603 τοῦτο;
500 1538 621 1609 παπαῖ,
643 1525 777 1609 χρόνιος
792 1523 872 1612 ἡμίν
883 1535 1088 1614 Θρασυκλῆς.

171 1626 222 1688 56.
244 1628 371 1689 ΘΡΑΣ.
398 1618 448 1689 Ού
460 1620 542 1688 κατὰ
554 1618 675 1705 ταύτοί,
692 1615 720 1688 ό
734 1629 862 1708 Τίμων,
877 1639 945 1703 τοῖς
955 1634 1089 1706 πολλοῖς

89 1720 218 1797 τούτοις
233 1716 375 1806 ἀφῖγμαι
381 1770 390 1803 ,
413 1717 523 1801 ὥσπερ
539 1724 572 1787 οί
586 1717 647 1787 τόν
664 1720 810 1788 πλοῦτόν
830 1743 894 1789 σου
907 1724 1089 1809 τεθηπότες

86 1823 252 1903 ἀργυρίου
261 1820 315 1891 καὶ
322 1824 462 1903 χρυσίου
470 1818 526 1885 καί
534 1820 680 1885 δείπνων
690 1826 882 1886 πολυτελῶν
891 1822 997 1888 ἐλπίδι
1006 1841 1091 1888 συν-
1110 1834 1157 1889 173

88 1915 313 2002 δεδραμήκοισι
333 1911 462 2001 πολλὴν
476 1911 538 2001 την
555 1923 731 1986 κολακείαν
742 1919 991 2004 ἐπιδειξόμενοι
1007 1919 1090 2004 πρὸς

87 2013 195 2100 ἄνδρα
210 2011 283 2082 οἷον
297 2014 334 2082 σὲ
350 2010 511 2082 ἁπλοίκόν
525 2017 663 2082 καὶτῶν
678 2013 786 2085 ὄντων
802 2017 1019 2085 κοινωνικόν·
1040 2017 1090 2085 οί-

87 2123 157 2182 σθα
171 2109 235 2197 γὰρ
251 2109 295 2190 ὥς
309 2117 393 2198 μάζα
408 2112 470 2198 μὲν
484 2115 556 2198 ἐμοὶ
567 2117 705 2180 δεῖπνον
715 2114 850 2199 ἱκανόν,
865 2113 951 2194 ὅρον
964 2117 1002 2182 δὲ
1014 2115 1090 2202 ἥδι-

87 2230 168 2278 στον
183 2209 298 2296 θύμου
311 2205 333 2296 ἢ
346 2209 520 2296 κάρδαμον
536 2206 558 2296 ἦ
573 2220 607 2279 εί
616 2235 696 2279 ποτε
706 2212 882 2300 τρυφῴην,
898 2209 1012 2298 ὀλίγον
1022 2222 1090 2281 τῶν

87 2305 196 2375 ἅλιόν·
227 2303 332 2377 ποτόν
348 2305 384 2376 δὲ
400 2303 421 2393 ἡ
439 2307 696 2393 ἐννεάκρουνος·
719 2306 738 2376 ὁ
754 2311 790 2376 δὲ
803 2316 926 2396 τρίβων
940 2303 1039 2389 οὗτος
1051 2304 1091 2396 ἧς

87 2406 204 2493 βούλει
218 2410 426 2494 πορφυρίδος
447 2405 601 2493 ἀμείνων.
623 2406 661 2476 τὰ
674 2417 813 2495 χρυσίον
831 2408 973 2496 μὲνγὰρ
991 2409 1092 2479 οὐδὲν

87 2504 285 2592 τιμιύτερον
295 2513 363 2572 τόν
374 2509 411 2574 ἐν
421 2519 490 2584 τοῖς
501 2513 662 2593 αἰγιαλοῖς
673 2513 830 2592 ψηφίδων
840 2535 896 2594 μοι
906 2513 1006 2578 δοκεῖ.
1029 2516 1091 2577 σού

87 2605 123 2671 δὲ
140 2600 248 2670 αύτού
263 2602 361 2689 χάριν
375 2605 532 2692 ἐστάλην,
555 2603 599 2685 ὡς
617 2604 661 2692 μη
682 2611 864 2695 διαφθείρη
881 2628 919 2676 σε
938 2606 975 2676 τό
994 2610 1092 2677 κάκι-

86 2723 169 2768 στον
184 2707 281 2768 τοῦτο
298 2703 354 2769 καὶ
369 2703 627 2789 ἐπιβουλότατον
643 2710 748 2789 κτῆμα
766 2701 783 2770 ὁ
802 2713 960 2792 πλοῦτος,
976 2707 994 2774 ὁ
1008 2722 1092 2774 πολ-

86 2808 159 2878 λοῖς
171 2799 330 2878 πολλάκις
344 2808 447 2878 αίτιος
457 2797 650 2887 ἀνηκέστων
660 2809 846 2886 συμφορῶν
856 2804 1091 2889 γεγενημένος·

86 2904 117 2966 εί
130 2897 199 2984 γάρ
216 2923 273 2983 μοι
288 2903 437 2984 πείθοιο,
461 2900 602 2984 μάλιστα
618 2897 700 2967 όλον
720 2901 752 2977 ἐς
772 2897 834 2986 την
848 2901 1020 2967 θάλατταν
1035 2903 1093 2987 ίμ-

85 3004 201 3083 βαλεῖς
215 2993 319 3062 αύτὸν
329 2993 431 3064 οὐδὲν
442 2994 624 3080 ἀναγκαίου
634 2993 732 3079 ἀνδρί
743 2993 863 3086 ἀγαθῷ
879 2995 951 3065 όντι
965 2996 1094 3065 καὶτὸν
1111 3013 1158 3067 174

86 3099 291 3180 φιλοσοφίας
310 3101 457 3163 πλοῦτον
471 3092 557 3180 ὁρᾶν
577 3097 768 3185 δυναμέυφ·
788 3093 832 3182 μὴ
848 3099 960 3180 μέντοι
984 3097 1017 3174 ἐς
1030 3095 1093 3182 βά-

84 3204 168 3276 θος,
185 3184 315 3279 ύγαθί,
332 3191 405 3260 ἀλλ’
418 3191 501 3259 ὅσον
513 3193 545 3270 ἐς
559 3199 735 3280 βουβῶνας
746 3190 888 3280 ε’πεμβᾶς
903 3189 1016 3278 ὀλίγον
1026 3190 1091 3275 πρὸ

3 3281 4 3300 ¹
85 3299 145 3378 τῆς
160 3299 373 3378 κυματωγῆς,
392 3293 474 3377 ε’μού
485 3287 632 3374 ὁρῶντος
643 3290 768 3377 μόνον·
788 3295 838 3359 57.
852 3296 882 3358 εί
891 3293 928 3357 δὲ
938 3287 982 3377 μὴ
994 3297 1092 3357 τοῦτο

84 3390 221 3478 βούλει,
237 3387 281 3456 σύ
294 3389 332 3456 δὲ
346 3389 451 3458 ἄλλον
464 3387 589 3477 τρόπον
601 3387 725 3476 ἀμείνω
735 3386 819 3457 κατὰ
833 3387 930 3474 τάχος
947 3387 1092 3472 ἐκφόρη-
