2550 3825
209 174 272 236 180
563 178 866 237 ΛΟΤΚΙΑΝΟΓ

141 348 188 402 431
291 342 322 404 3.
343 346 485 405 ΜΑῬΣ.
505 334 664 422 Ἀνόνητα
679 330 749 401 οὐν.
754 363 812 422 μοι
823 340 932 404 ἐκεῖνα
946 337 1055 405 πάντα
1069 338 1124 407 καὶ
1138 336 1205 404 ὐσό

207 460 300 518 τιμος
313 441 404 503 ἔσται
422 435 608 513 Μαύσωλος
625 437 680 501 καὶ
694 437 874 520 Διογένης;

290 541 411 603 ΔΙΟΓ.
435 532 508 602 Οὐκ
518 535 674 619 ἰσότιμος,
691 525 950 619 ὐγενναιότατε,
961 530 1003 599 οὐ
1011 533 1091 619 γάρ·
1106 533 1209 601 Μαύ-

208 640 314 709 σωλος
327 634 390 717 μέν
403 632 469 717 γὰρ
487 632 658 717 οἰμώξεται
675 632 882 716 μεμνημένος
900 636 967 696 τῶν
983 628 1068 717 ὑπὲρ
1082 638 1158 717 γῆς,
1173 632 1209 698 ἐν

208 725 258 807 οἷς
268 726 480 814 εὐδαιμονεῖν
490 727 588 819 ᾤετο,
603 729 768 813 Διογένης
780 727 816 795 δὲ
827 727 1082 813 καταγελάσεται
1093 726 1208 796 αὐτοῦ.

208 832 264 897 καὶ
280 829 390 914 τάφον
410 826 429 896 6
444 831 506 914 μὲν
520 831 557 897 ἐν
572 826 823 914 Ἁλικαρνασσῷ
841 827 910 910 έρεῑ
922 827 1043 893 ἑαυτοῦ
1057 824 1121 896 ὐπό
1136 824 1210 912 Ἀρ-

207 933 353 1014 τεμισίας
368 935 426 1013 τῆς
441 924 601 1012 γυναικὸς
618 926 673 994 καὶ
686 922 831 1008 ἀδελφῆς
848 929 1170 1012 κατεσκευασμένον,
1190 923 1208 993 6

207 1026 373 1109 Διογένης
383 1023 420 1091 δὲ
434 1031 495 1091 τοῦ
508 1026 570 1109 μὲν
581 1024 732 1109 σωματος
746 1028 777 1089 εἰ
785 1028 844 1089 καί
854 1047 928 1088 τινα
943 1022 1053 1108 τάφον
1069 1030 1133 1111 ἔχει
1148 1022 1209 1092 οὐκ

130 1124 134 1131 ’
208 1121 313 1190 οἶδεν·
337 1120 416 1189 οὐδὲ
428 1120 492 1208 γάρ
507 1128 623 1208 ἔμελεν
637 1119 727 1212 αὐτῷ
737 1121 873 1189 τούτον·
895 1122 999 1208 λόγον
1012 1127 1047 1190 δὲ
1058 1140 1125 1203 τοῖς
1135 1122 1210 1208 άρύ-

208 1241 297 1300 στοις
318 1223 393 1306 περὶ
416 1217 523 1287 αὐτοῦ
545 1220 779 1286 καταλέλοιπεν
802 1215 924 1301 άνδρός
945 1227 1021 1307 βίον
1041 1218 1210 1309 βεβιωκῶς

208 1315 431 1404 ὑψηλότερον,
444 1309 473 1383 ά
483 1323 606 1399 Καρῶν
617 1313 951 1401 ἀνδραποδωδέστατε
958 1368 967 1402 ,
979 1325 1040 1385 τοῦ
1050 1324 1112 1386 σού
1123 1318 1210 1405 μνή-
1265 1308 1274 1329 ’

208 1441 308 1502 ματος
323 1418 378 1483 καὶ
393 1417 430 1483 ἐν
443 1416 643 1503 βεβαιοτέρῳ
656 1420 764 1503 χωρίῳ
778 1416 1091 1501 κατεσκευασμένον.

683 1666 733 1729 25.

255 1782 433 1835 ΝΙΡΕΩΣ
458 1782 534 1833 ΚΑΙ
557 1780 788 1835 mmor
807 1782 882 1833 ΚΑΙ
903 1780 1162 1839 ΜΕΝΙΠΠΟΤ.

292 1921 322 1982 l.
343 1922 432 1983 NIP.
456 1910 541 1981 ’1δού
551 1911 610 2000 δή,
626 1917 804 1992 Μένιππος
821 1910 934 1983 οὐτοσὶ
950 1917 1094 2002 δικάσει,
1110 1917 1206 1985 πότε-

138 2032 190 2086 ιεν
210 2040 267 2100 ρος
284 2011 529 2099 εὐμορφότερός
545 2013 643 2079 ἐστιν.
669 2013 755 2098 εἰπέ,
773 2006 802 2079 ὦ
817 2018 989 2100 Μένιππε,
1007 2012 1050 2082 οὐ
1065 2023 1209 2084 καλλίων

208 2134 261 2180 σοι
277 2115 384 2193 δοκοῖς
1272 2171 1273 2200 ,

290 2205 409 2278 ΜΕΝ(
427 2215 522 2286 Τίνες
532 2207 568 2275 δὲ
578 2210 634 2276 καὶ
648 2215 736 2290 ἔστω
757 2209 936 2295 πρότερον,
952 2208 1056 2298 οἶμαι,
1070 2208 1131 2298 χρὴ
1144 2209 1209 2298 γὰρ

207 2315 304 2377 τοῦτο
323 2309 454 2377 εἰδέναι.

289 2414 378 2474 NIP.
401 2401 529 2487 Νιρεύς
542 2407 598 2472 καὶ
614 2411 780 2491 Θερσίτης.

291 2511 402 2572 ΜΕΝ.
425 2503 572 2585 Πότερος
586 2496 651 2570 οὐν
665 2500 682 2571 6
695 2500 821 2587 Νιρεύς
837 2504 892 2571 καὶ
907 2502 1043 2590 πότερος
1058 2500 1075 2571 6
1088 2512 1200 2588 Θερσι·
1271 2531 1272 2589 3

209 2628 283 2688 της;
305 2598 437 2667 οὐδέπω
453 2597 630 2685 γάρτοῦτο
647 2605 758 2686 δῆλον.

291 2704 416 2766 om.
433 2695 491 2763 Ἓν
507 2701 569 2782 μὲν
587 2697 651 2784 ἤδη
667 2705 765 2764 τοῦτο
781 2704 859 2783 έχω,
877 2696 928 2765 ὅτι
944 2697 1059 2784 ὅμοιός
1075 2704 1143 2785 εἰμί
1157 2720 1209 2767 σοι

208 2799 263 2862 καὶ
277 2790 378 2861 οὐδὲν
392 2801 589 2879 τηλικοῦτον
608 2798 776 2881 διαφέρεις
790 2795 905 2882 ἡλίκον
920 2819 957 2864 σε
966 2795 1110 2883 Ὅμηρος
1124 2801 1209 2866 έκεῖ-

206 2916 265 2970 νος
288 2889 306 2958 6
326 2889 453 2976 τυφλὰς
467 2893 628 2979 ἐπῄνεσεν
650 2891 809 2960 ἁπάντων
833 2891 1081 2981 εὐμορφότερον
1103 2915 1211 2981 προσ-

207 2986 327 3073 ειπων,
350 2987 424 3056 ἀλλ’
441 2986 459 3055 6
476 2989 577 3075 φοξὸς
591 2988 656 3076 ἐμω
671 2991 725 3058 καὶ
740 2991 862 3072 ψεδνὸς
876 2990 975 3060 οὐδὲν
988 2998 1109 3077 χείρων
1125 2993 1211 3078 ε’φά-

205 3115 270 3174 νην
284 3095 329 3179 τῷ
345 3093 490 3178 δικαστῇ.
515 3088 577 3177 ὅρα
592 3092 628 3160 δὲ
641 3095 700 3177 σύ,
717 3086 744 3162 οἶ
757 3098 930 3179 Μένιππε,
952 3093 1068 3161 ὅντινα
1082 3097 1139 3162 καὶ
1154 3094 1210 3164 εὐ-

204 3188 416 3273 μορφότερον
432 3186 504 3277 ἡγῇ.

290 3291 375 3356 NIP.
415 3283 490 3371 Ἐμέ
502 3313 540 3371 γε
554 3285 614 3356 τόν
627 3287 776 3374 Ἀγλαΐας
790 3292 845 3357 καὶ
858 3289 1024 3375 Χάροπος,

418 3381 455 3462 ὃς
470 3388 644 3462 κάλλιστος
658 3385 743 3471 ἀνὴρ
759 3385 825 3455 ὑπὸ
834 3385 936 3455 Ἴλιον
950 3380 1070 3468 ἦλθον.
