2550 3825
105 179 234 234 YHEP
251 179 346 236 ΤΟΥ
364 179 428 236 ΕΝ
447 178 511 234 ΤΗ
524 178 727 236 ΠΡΟΣΑΓ.
745 179 944 236 ΠΤΑΙΣΜ
958 182 1021 237 AT.
1043 175 1105 238 333

101 334 153 404 άεί
169 334 258 421 παρά
278 338 436 424 βασιλέως
453 343 663 422 λαμβανετε,Ι
678 335 777 403 τοῦτο
792 343 926 422 πρῶτον
942 335 1022 422 ῦμῑν
1038 338 1105 403 ἐστι

101 434 335 520 παράγγελμα,
356 441 414 519 τῆς
427 431 552 518 ὑγιείας
567 439 625 517 τῆς
641 429 801 517 ὑμετέρας
818 431 930 502 αὐτῶν
944 436 1106 518 ἐπιμελεί-

102 541 202 612 σθαι;
225 533 279 598 καί
292 527 370 616 μάλ’
388 531 535 607 εἰκότως·
558 525 738 612 οὐδὲνγὰρ
753 525 797 595 ἄν
812 539 862 645 εἴη
877 529 998 616 όφελος
1010 528 1108 616 ὑμῶν

103 625 187 713 πρὸς
203 625 243 694 τά
259 625 343 705 άλλα
358 624 401 711 μὴ
418 623 506 692 οὕτω
518 625 745 709 διακειμένων.
768 622 850 693 άλλά
864 629 919 693 καὶ
935 624 1030 711 ὑμεῖς
1044 623 1108 699 αῦ-

102 732 164 842 τοί,
176 734 209 794 εί
213 751 245 792 τι
255 721 347 810 κάγοδ
358 731 415 810 τῆς
423 721 597 809 Ρωμαίων
603 728 717 808 φωνῆς
728 724 842 808 ἐπαΐω,
851 720 930 842 τοῦς
940 742 1108 809 προσαγο

104 822 263 907 ρεῦοντας
275 819 597 912 ἀντιδεξιούμενοι
567 827 612 888 τῦ
624 826 681 905 τῆς
692 816 819 904 ὑγιείας
830 818 969 907 ὀνόματι
981 821 1107 888 πολλά-

104 917 351 1004 κιςάμείβεσθε.
376 923 425 986 l4.
439 921 606 986 καὶταῦτα
621 917 731 984 πάντα
743 916 837 986 εἶπον
849 917 910 1004 οὐχ
921 917 965 997 ὡς
976 921 1012 986 ἐκ
1023 943 1108 1001 προ-

103 1025 196 1096 νοίας
210 1015 345 1102 άφελών
356 1015 461 1103 μὲν
427 1043 464 1084 το
480 1024 622 1103 χαίρειν,
642 1015 856 1100 ἐπιτηδεύσας
867 1015 934 1083 δὲ’
915 1013 988 1083 κατ’
1002 1012 1108 1082 αὐτοῦ

105 1123 209 1184 εἰπεῖν
224 1113 260 1182 τδ
278 1112 459 1200 ὑγιαίνειν,
477 1111 550 1182 ἀλλ’
570 1111 614 1194 ὡς
629 1111 727 1184 τοῦτο
743 1112 912 1200 μένόίκων
926 1113 1063 1181 παθόν·
1085 1107 1108 1197 ἢ

104 1213 231 1300 γελοῖός
244 1212 279 1298 γ’
290 1209 334 1280 άν
344 1208 387 1300 ἦν
401 1217 534 1294 ξενίζων
546 1217 601 1281 καὶ
614 1211 693 1291 τοῦς
707 1210 844 1298 καιροῦς
855 1219 923 1279 των
939 1232 1108 1299 προσαγο-

105 1311 253 1398 ρεύσεων
271 1311 487 1380 ἐναλλάττων.
516 1317 565 1380 15.
586 1312 685 1398 χάριν
701 1313 737 1378 δέ
753 1308 906 1396 ὁμολογῶ
921 1325 988 1388 τοῖς
1002 1320 1106 1393 θεοῖς,

104 1407 155 1475 ότι
166 1435 222 1494 μοι
232 1406 269 1476 τό
281 1409 417 1495 σφάλμα
429 1413 473 1486 είς
484 1405 564 1476 ι’ίλλο
574 1414 689 1496 μακρῷ
701 1406 894 1490 αἰσιώτερον
905 1405 1106 1491 περιετράπη
1126 1424 1174 1478 737

105 1509 159 1574 καὶ
174 1513 220 1584 είς
235 1504 271 1574 τό
287 1505 425 1592 άμεινον
440 1505 674 1622 παρώλισθον,
698 1507 753 1572 καὶ
767 1503 847 1590 τάχα
865 1501 1069 1589 τῆςῗῬγιείας
1085 1501 1111 1589 ἢ

102 1603 302 1689 Ἀσκληπιοῦ
317 1601 422 1671 αὐτοῦ
441 1606 594 1691 ἐπιπνοίᾳ
610 1609 690 1669 τοῦτ
694 1600 874 1686 ’ἐπράχθη
892 1598 935 1668 δι’
931 1604 1036 1687 ἐμοῦ
1055 1622 1109 1668 σοι

105 1698 141 1767 τδ
167 1698 332 1819 ὑγιαίνειν
353 1700 635 1787 ὑπισχνουμένου·
669 1702 738 1767 ἐπεὶ
755 1705 858 1786 ἔγωγε
878 1708 948 1777 πῶς
962 1696 1006 1766 άν
1024 1696 1106 1766 αῦτδ

106 1795 235 1866 ἔπαθον
257 1796 340 1867 άνεν
359 1807 446 1868 θεοῦ
460 1803 595 1885 μηδέπω
616 1799 780 1886 πρότερον
800 1803 836 1866 ἐν
852 1807 898 1866 τῦ
914 1826 1029 1891 μακρφ
1017 1805 1107 1889 βίῳ

105 1897 281 1982 ταραχθεὶς
297 1893 431 2015 ὅμοιογ;
463 1903 512 1965 16.
540 1903 569 1967 ί
588 1897 623 1965 δὲ
646 1902 698 1965 δει
714 1899 768 1965 καί
789 1895 1010 1985 άνθρωπίνηυ
1032 1893 1107 1983 τινὰ

106 1992 191 2073 ὑπὲρ
206 2000 265 2058 τοῦ
282 1995 458 2078 γεγονότος
475 1991 658 2079 ἀπολογίαν
677 2001 796 2080 εἰπεῖν,
824 1994 924 2064 οῦδεν
944 2001 1056 2082 ξένον,
1080 2000 1109 2061 εί

107 2089 198 2153 τάνυ
209 2088 421 2167 ἐσπουδακώς
432 2092 483 2156 ἐπὶ
493 2105 561 2167 τοῖς
576 2089 720 2176 άρίστοις
731 2090 795 2159 ῦπδ
813 2100 876 2159 σοῦ
887 2100 1107 2180 γνωρίζεσθαι

108 2186 143 2249 ἐκ
159 2189 215 2268 της
225 2181 312 2269 άγαν
326 2187 503 2271 ἐπιθυμίας
518 2192 564 2262 είς
577 2183 774 2253 τούναντίον
790 2191 1019 2274 διαταραχθείς
1036 2191 1107 2254 ένέ-

108 2300 219 2347 πεσον.
243 2281 324 2366 τάχα
339 2280 369 2348 δ’
388 2281 430 2348 άν
448 2300 523 2349 τινα
543 2283 711 2368 ἐκπλήξειε
726 2291 784 2368 τῆς
799 2283 870 2351 κατ’
893 2283 1000 2368 ὀρθὸν
1015 2294 1108 2372 λογι-

108 2375 194 2462 σμόν
212 2378 266 2443 καὶ
282 2386 489 2464 στρατιωτῶν
503 2387 647 2465 πλῆθος,
669 2406 718 2446 ων
734 2381 820 2447 οί
785 2408 846 2466 μεν
853 2391 1106 2503 προωθοῦντες,

107 2474 186 2541 ίδέ
196 2476 233 2539 ἐν
243 2500 282 2561 τη
269 2475 430 2553 ταξει
392 2502 448 2561 της
458 2496 753 2561 προσαγορευσεως
762 2505 807 2563 μη
817 2481 981 2563 μένοντες.
1001 2484 1050 2547 17.
1064 2478 1106 2546 σῦ

108 2570 139 2639 δ’
159 2598 197 2639 εν
185 2566 317 2639 '66⁸
297 2599 348 2640 οτι
367 2570 432 2641 κάν
447 2580 480 2642 οί
495 2573 589 2643 άλλοι
611 2574 697 2653 είς”
675 2603 794 2643 ανοιαν
812 2605 833 2665 η
820 2574 1107 2664 ’άπαιδευσίανῆ

107 2672 374 2761 παραφροσύνην
385 2670 576 2759 ἀναφέρωσι
589 2671 626 2741 τδ
639 2681 790 2761 πρᾶγμα,
803 2675 969 2755 αίδοῦς’
928 2675 1008 2745 αυτό
1022 2678 1108 2763 σῦμ-

107 2774 210 2853 βολον
227 2770 281 2836 και
301 2768 487 2855 ἀφελείας
471 2772 614 2858 εποιήσω
636 2775 691 2840 καί
710 2780 816 2859 ψυχῆς
829 2774 967 2860 μηδέν’
948 2792 1107 2862 αγοραῑον

107 2867 162 2931 καὶ
179 2870 332 2952 ἔντεχνον
346 2867 498 2953 ε’χοῦσης·
519 2866 562 2946 ως
575 2870 613 2936 τό
628 2896 666 2955 γε
679 2870 770 2936 πάνυ
783 2877 974 2956 θαρραλέον
988 2877 1025 2941 ἐν
1039 2890 1107 2952 τοῖς

106 2964 270 3041 τοιούτοις
286 2962 327 3043 οῦ
348 2966 462 3052 πόρρω
479 2969 759 3053 θρασύτητοςκαί
778 2967 1010 3056 ἀναισχυντίας
1024 2976 1104 3041 ἐστί.

106 3065 162 3129 καί
177 3068 287 3147 ἔμοιγε
301 3072 350 3147 είη
362 3066 465 3148 μηδὲν
476 3067 537 3151 μὲν
549 3074 679 3133 τοιοῦτο
693 3068 917 3154 σφάλλεσθαι,
933 3076 963 3137 εί
973 3070 1008 3136 δέ
1020 3088 1106 3153 συμ-
1124 3086 1174 3141 738

107 3168 202 3248 βαίη,
218 3158 301 3248 πρὸς
319 3160 484 3249 εῦφημίαυ
500 3162 581 3232 αότδ
596 3168 785 3251 τρέπεσθαι.
816 3173 865 3235 18.
881 3171 933 3235 ἐπὶ
946 3174 1033 3253 γοῦν
1047 3174 1107 3234 τοῦ

109 3259 243 3343 πρώτου
251 3268 426 3349 Σεβαστοῦ
438 3264 492 3329 καὶ
503 3263 633 3330 τοιόνδε
645 3288 676 3329 τι
688 3266 815 3348 λέγεται
825 3268 999 3351 γενέσθαι·
1014 3262 1031 3331 ὁ
1047 3265 1108 3349 μὲν

108 3363 199 3443 ἔτυχε
215 3362 311 3445 δίκην
324 3355 400 3425 τινά
416 3359 553 3439 δικάσας
565 3356 677 3445 ὀρθῶς
691 3362 745 3427 καί
760 3358 929 3439 άπολῦσας
944 3359 1108 3445 ἐγκλήμα-
