2550 3825
331 168 578 227 NEKPIKOI
601 166 856 225 AIAAOPOI.
1034 158 1095 223 173

181 334 301 395 AIAK.
323 335 459 412 Πρῶτος
474 318 572 403 οὗτός
587 345 640 392 σοι
655 322 673 391 ὁ
688 324 893 409 Πυθαγόρας
907 326 984 391 ἐστί.

96 433 288 590 ἐθέλΜΕΝ.
317 435 437 511 Χαῖρε,
464 416 491 491 ιδ
512 422 671 510 Εὔφορβε
692 419 713 508 ἢ
731 421 897 489 ’Ἄπολλον
915 416 937 507 ἢ
957 418 976 487 ό
999 448 1030 487 τι
1050 414 1093 487 άν
1112 432 1163 486 41⁵

173 548 278 690 331³&
299 619 355 707 Νη
367 628 435 688 Δία
449 622 503 687 καὶ
518 621 562 686 σό
577 646 630 705 γε,
649 612 675 685 τό
691 622 857 686 Μένιππε.

178 725 289 787 ΜΕΝ.
315 716 435 787 Οόκέτι
451 726 596 803 χρυσοῦς
610 715 627 787 ὁ
644 717 749 804 μηρός
763 720 833 784 ἐστί
847 737 917 798 σοις

176 824 275 885 Hm.
300 814 351 885 Οά
363 816 446 903 γάρ·
468 813 550 884 άλλά
566 819 649 901 φέρε
663 821 723 885 ίδω
739 824 772 884 εί
781 821 815 881 τί
825 835 878 882 σοι
896 814 1059 899 ἐδώδιμον
1073 809 1092 899 ἡ

93 914 181 999 πήρα
198 919 270 999 ἔχει.

175 1019 288 1079 ΜΕΝ
317 1012 494 1098 Κυάμους,
517 1004 646 1095 ὦγαθέ·
674 1008 757 1077 όίστε
771 1008 813 1077 οὐ
827 1009 926 1077 τοῦτό
940 1029 994 1076 σοι
1010 1007 1093 1075 ἐδό-

93 1114 200 1195 διμου.

175 1214 274 1275 ΠΤΘ.
286 1204 358 1286 Δός
367 1207 488 1294 μόνον·
504 1206 587 1276 άλλα
598 1204 687 1292 παρά
697 1220 826 1289 νεκροῖς
836 1206 998 1292 δόγματα·
1014 1211 1094 1292 ἔμα-

91 1314 160 1372 θον
179 1302 260 1390 γάρ,
288 1301 332 1383 ὡς
354 1302 454 1372 οὐδὲν
478 1314 553 1373 ἴσον
576 1305 699 1390 κύαμοι
723 1307 777 1372 καὶ
801 1308 942 1391 κεφαλαὶ
963 1305 1093 1390 τοκήων

92 1401 225 1470 ἐνθάδε.

175 1504 204 1567 4.
232 1508 351 1569 ΑΙΑΚ.
375 1493 482 1579 Οὗτος
495 1501 531 1569 δὲ
542 1501 664 1569 Σόλων
681 1500 698 1568 ὁ
717 1500 943 1587 Ἐξηκεστίδου
956 1502 1011 1569 καὶ
1024 1508 1093 1568 Θα-
1110 1504 1162 1559 41⁶

91 1604 150 1683 λης
162 1600 286 1675 ἐκεῖνος
297 1599 351 1664 καὶ
365 1596 444 1683 παρ’
457 1596 580 1676 αὐτοὺς
591 1596 753 1677 Πιττακός
767 1603 821 1667 καὶ
836 1606 870 1667 οί
881 1598 991 1667 άλλοι·
1014 1595 1092 1666 ἑπτά

93 1696 129 1762 δὲ
146 1694 267 1775 πάντες
281 1698 364 1763 είσλν
379 1694 423 1775 ὡς
437 1694 526 1785 δρᾷς.
693 1690 695 1697 1

176 1799 287 1860 ΜΕΝ.
307 1792 464 1879 Ἄλυποι,
481 1788 508 1860 οἷ
526 1795 643 1877 Αίακί,
665 1784 759 1860 οὗτοι
775 1794 873 1879 μόνοι
889 1796 943 1861 καὶ
958 1795 1094 1880 φαιδροὶ

94 1900 159 1963 τῶν
174 1890 292 1962 άλλων.
315 1892 333 1960 δ
349 1895 385 1962 δὲ
399 1896 527 1960 σποδοῦ
541 1894 646 1970 πλέως
661 1890 770 1979 ὥσπερ
788 1894 969 1978 ἐγκρυφίας
984 1888 1092 1977 άρτος,

91 1991 109 2060 ὁ
126 1990 185 2070 τάς
200 1999 403 2077 φλυκταίνας
418 1993 625 2078 ἐξηνθηκώς,
641 1999 689 2069 τίς
704 1994 809 2084 ἐστινς

177 2098 300 2160 AIAK.
321 2089 568 2176 Ἐμπεδοκλῆς,
596 2082 811 2174 άΜένιππε,
838 2085 1005 2174 ἡμίεφθος
1026 2083 1091 2154 άπδ

90 2196 148 2275 τῆς
164 2197 284 2272 Αἴτνης
298 2187 424 2269 παρόν.
925 2197 927 2201 “

175 2292 286 2352 ΜΕΝ.
305 2278 344 2352 Ὠ
358 2283 529 2371 χαλκόπου
548 2286 709 2372 βέλτιστε,
730 2291 764 2351 τί
782 2281 904 2351 παθάν
917 2279 1043 2349 σαυτδν
1060 2286 1093 2359 ἐς

89 2383 169 2461 τοὺς
185 2391 348 2470 κρατῆρας
362 2385 529 2470 ἐνέβαλεςς

175 2489 285 2549 ΕΜΠ.
309 2487 522 2567 Μελαγχολία
535 2507 601 2565 τις,
620 2472 647 2546 ὦ
661 2479 827 2546 Μένιππε.

175 2587 287 2647 ΜΕΝ.
318 2577 369 2646 Οό
388 2577 433 2665 μά
449 2577 526 2666 Δί’,
545 2576 629 2648 άλλά
651 2581 822 2658 κενοδοξία
840 2579 894 2646 καί
913 2585 1018 2664 τῦφος
1038 2578 1093 2645 καὶ

89 2675 196 2764 πολλὴ
211 2678 351 2764 κόρυζα,
367 2676 471 2745 ταῦτά
482 2697 519 2744 σε
530 2675 798 2764 ἀπηνθράκωσεν
810 2674 922 2755 αὐταῖς
936 2691 1092 2764 κρηπῖσιν

88 2773 153 2843 οόκ
169 2775 307 2856 άνάξιον
322 2774 417 2843 ὅντα·
439 2773 526 2862 πλην
540 2773 612 2844 ἀλλ’
629 2774 730 2844 οὐδέν
741 2796 778 2842 σε
789 2774 825 2842 τὸ
842 2775 990 2860 σόφισμα
1002 2773 1090 2860 όνη-
1108 2788 1159 2844 41⁷

88 2892 166 2940 σεν·
189 2871 369 2959 ἐφωράθης
381 2871 446 2959 γάρ
461 2875 616 2954 τεθνεός.
639 2873 656 2942 ὁ
672 2875 853 2961 Σωκράτης
869 2877 921 2958 δέ,
940 2865 1091 2957 Maxi,

87 2979 157 3039 ποῦ
173 2996 253 3038 ποτε
266 2969 331 3057 ἄρα
347 2974 451 3049 ἐστίνς

175 3076 298 3138 ΑΙΑΚ.
310 3068 408 3138 Μετά
419 3072 587 3155 Νέστορος
597 3074 653 3138 καὶ
660 3072 883 3158 Παλαμήδους
896 3073 1020 3146 ἐκεῖνος
1031 3078 1091 3145 λη-

88 3185 144 3254 ρει
155 3170 196 3238 τα
213 3169 329 3238 πολλά.
625 3245 628 3254 ,

174 3273 286 3335 ΜΕΝ.
313 3265 422 3355 Ὅμως
441 3268 628 3356 ἐβουλόμην
651 3273 734 3336 ίδειν
755 3265 875 3351 αὐτόν,
903 3275 936 3334 εί
952 3290 1018 3333 που
1036 3267 1092 3333 ἐν·

87 3365 177 3432 θάδε
196 3368 293 3434 ἐστίν.
