2550 3825
158 159 200 222 62
509 160 810 220 ΛΟΤΚΙΛΝΟΤ

160 324 319 406 χρωμένη.
363 323 393 386 8.
415 314 474 396 τοὶς
488 310 551 387 οὖν
565 314 748 385 ἀθανάτων
764 317 922 404 δυνάμεις
936 320 1081 406 μεγάλας
1096 321 1149 387 οὔ·

160 438 219 497 σας
232 419 350 502 θνητοί
371 419 426 485 καὶ
441 418 572 503 σμικροὶ
587 422 759 494 παντελῶς
772 415 867 494 ὄντες
882 418 936 485 καί
951 414 1028 484 οὔτε
1039 414 1079 484 τὰ
1096 443 1159 503 με·

159 526 244 601 μαλα
263 516 446 600 δυνάμενοι
459 521 614 599 καθορᾶν
627 510 700 581 οὔτ’
718 507 764 582 αὖ
782 512 823 582 τοί
837 515 975 601 σμικροί,
996 513 1037 583 τὰ
1054 524 1158 584 πλείω

158 610 190 680 δ’
205 610 409 697 ἀποροῦντες
424 614 477 679 καὶ
492 617 561 677 τῶν
570 612 645 695 περὶ
657 607 743 697 ἡμᾶς
757 610 1013 698 συμβαινόντων
1023 620 1157 695 παθῶν,
1270 693 1271 696 ¹

160 706 222 777 οὐκ
236 704 281 776 ἂν
297 713 426 794 ἔχοιμεν
442 713 545 777 εἰπεῖν
559 714 700 795 βεβαίως
715 704 786 775 οὔτ’
800 705 977 775 ἀλκυόνων
991 711 1066 796 πέρι
1080 708 1142 777 οίίτ
1270 699 1271 714 ’

94 822 141 878 184
158 804 326 893 ἀηδόνων·
341 807 436 883 κλέος
446 803 482 875 δὲ
494 804 631 890 μύθων,
644 798 716 871 οἷον
727 807 915 890 παρέδοσαν
922 806 1076 891 πατέρες,
1086 830 1149 874 τοι·

160 911 261 972 οὖτον
276 906 331 971 καί
344 904 459 972 παισίν
472 905 579 989 ἐμοῖς,
601 895 628 971 ῶ
645 900 720 988 όρνι
733 900 874 988 θρήνων
889 906 1030 992 μελωδέ,
1047 928 1154 990 παρα-

160 1002 257 1070 δώσω
270 1008 337 1071 τῶν
352 1007 421 1067 σῶν
435 999 553 1087 ὕμνον
567 1003 659 1085 πέρι,
676 1006 735 1067 καί
747 1019 811 1066 σον
824 996 885 1066 τόν
900 998 1019 1086 εὐσεβῆ
1032 1002 1086 1069 καί
1100 1007 1158 1087 φί-

160 1104 308 1184 λανδρον
317 1104 423 1185 ἔρωτα
433 1098 590 1176 πολλάκις
600 1095 739 1183 ὑμνήσω
747 1100 878 1182 γυναιξί
888 1113 958 1177 ταῖς
968 1102 1059 1185 ἐμαῖς
1067 1103 1158 1175 Ξαν-

159 1204 278 1321 θίηηππή
283 1198 385 1265 τεκαὶ
399 1204 537 1281 Μνρτοϊ
547 1199 654 1281 λέγων
667 1194 758 1261 τότε
772 1193 872 1281 ἄλλα,
894 1194 978 1283 πρὸς
991 1199 1027 1265 δὲ
1041 1201 1095 1265 καὶ
1107 1223 1157 1264 τι-

159 1302 222 1381 μής
243 1296 315 1372 οιας
333 1300 443 1379 ἔτυχες
459 1317 548 1382 παρα
569 1299 671 1363 θεῶν.
700 1284 765 1376 ἆροί
786 1318 825 1378 γε
843 1296 897 1362 καί
911 1292 955 1361 σύ
968 1295 1114 1381 ποιήσεις
1126 1320 1157 1361 τι

160 1398 329 1476 τοιοῦτον,
345 1417 371 1458 ω
360 1383 585 1476 Χαιρεφῶν,

242 1496 357 1557 XAIP.
379 1491 505 1574 Πρέπει
516 1495 617 1575 γοῦν,
641 1481 872 1573 ῶΣῶκρατες,
893 1486 995 1556 καί
960 1516 999 1556 τα
1013 1488 1079 1558 ὑπὸ
1095 1497 1158 1557 σοῦ

159 1591 305 1675 ῥηθέντα
323 1591 501 1655 διπλασίαν
521 1592 607 1673 ἔχειν
626 1584 688 1672 τήν
708 1587 915 1673 παράκλησιν
935 1585 1018 1673 πρός
1037 1614 1156 1674 γυναι-

159 1690 230 1753 κῶν
243 1712 279 1753 τε
292 1688 347 1752 καὶ
360 1682 495 1769 ἀνδρῶν
513 1681 654 1770 ὁμιλίαν.

243 1789 319 1851 ΣΩ,
343 1779 481 1849 Οὐκοῦν
495 1778 740 1868 ἀσπασαμένοις
752 1779 813 1865 τήν
824 1778 985 1849 Ἁλκυόνα
999 1783 1159 1868 προάγειν

159 1879 223 1968 ήδη
240 1875 324 1964 πρὸς
338 1876 422 1946 όίστν
435 1876 551 1964 καιρός
565 1881 601 1948 ἐκ
613 1886 674 1947 τοῦ
689 1886 890 1966 Φαλήρικοῦ.

244 1983 359 2046 ΧΑΙΡ.
382 1976 482 2043 Ποίαν
496 1976 558 2062 μὲν
573 1969 651 2044 οὖν·
673 1985 821 2062 ποιῶμεν
835 1975 951 2056 οὕτως.

96 2365 143 2420 185
289 2269 653 2420 HPOMHOEY’Z
672 2358 709 2414 Η
729 2349 1031 2418 ΚΑΥΚΑΣΟΣ.

337 2487 485 2550 muz,
501 2485 712 2553 αοκιετοε,
731 2486 980 2540 ammom.

245 2655 272 2717 1.
295 2654 398 2716 ΕΡΜ.
414 2645 451 2715 ‘0
467 2649 529 2732 μὲν
542 2647 736 2732 Καύκασος,
754 2638 781 2713 ῶ
795 2643 972 2732 Ἥφαιστε,
994 2639 1108 2732 οὗτος,
1133 2636 1159 2737 ᾧ

161 2745 220 2814 τόν
232 2745 355 2814 ἄθλιον
369 2746 501 2812 τουτονὶ
519 2750 644 2812 Τιτᾶνα
657 2750 895 2831 προσηλῶσθαι
912 2743 1036 2831 δεήσει·
1063 2768 1157 2829 περι-

161 2850 338 2929 σκοπῶμεν
357 2841 393 2910 δὲ
407 2838 471 2929 ήδη
487 2842 638 2928 κρημνόν
658 2868 733 2910 τινα
746 2841 950 2927 ἐπιτήδειον,
972 2851 1004 2910 εί
1016 2865 1083 2910 πον
1103 2848 1160 2927 τῆς

160 2943 273 3031 χιόνος
293 2967 324 3009 τι
340 2941 473 3027 γυμνόν
494 2937 647 3026 ἐστιν,’
625 2967 670 3020 ως
689 2938 904 3061 βεβαιότερον
924 2947 1096 3029 κατατομῇ
1119 2935 1159 3007 τὰ

162 3038 266 3126 δεσμὰ
280 3030 391 3107 καὶ
350 3063 447 3118 ουτος
461 3037 564 3106 ἅπασι
581 3036 768 3127 περιφανής
784 3031 1033 3124 ήκρεμιίμενος.

245 3144 320 3205 ΗΦ.
341 3143 618 3225 Περισκοπῶμεν,
642 3129 668 3203 ῶ
682 3134 800 3223 Ἑρμῆ·
830 3132 985 3222 οὔτεγὰρ
1000 3133 1161 3204 ταπεινόν

162 3236 217 3304 καί
235 3234 415 3320 πρόσγειον
433 3231 708 3319 όνεσταυρῶσθαι
731 3235 810 3321 χρή,
836 3231 880 3314 ῶς
899 3231 944 3321 μή
959 3233 1162 3355 ἐπαμύνοιεν

161 3331 252 3426 αὐτῶ
267 3329 307 3401 τό
323 3332 497 3418 πλάσματα
518 3330 622 3400 αὐτον
607 3337 670 3401 οί
688 3331 880 3421 ἅνθρωποι,
902 3331 980 3399 οὔτε
995 3330 1063 3419 μήν
1078 3359 1160 3400 κατα
