2550 3825
529 184 703 243 ΧΑΡΩΝ.
1034 176 1097 240 209

176 350 280 412 EPM.
304 350 352 412 El
360 369 399 431 γε
412 345 467 411 καὶ
481 347 565 411 ἰδεῖν
585 345 725 426 ε’θέλεις,
745 335 926 428 ἀΧάρων,
947 342 1094 410 ἀπαυτα·
1113 350 1166 407 497

95 438 157 509 οάτι
167 446 217 509 ἔνι
229 441 265 510 δέ
274 439 376 528 ἀμφω
387 444 441 509 καὶ
455 440 587 528 ἀσφαλῆ
598 442 654 508 καὶ
665 441 897 527 φιλοθεάμονα
908 442 1001 510 εἶναι.
1020 438 1092 509 ἀλλ’

95 546 172 625 έχου
185 566 251 626 μου
265 546 322 627 τῆς
339 543 447 619 δεξιᾶς
467 542 521 607 καὶ
540 543 660 624 φείδου
678 536 722 625 μη
738 537 820 605 κατά
835 548 895 607 τοῦ
910 537 1095 625 ὀλισθηροῦ

94 653 218 708 πατεῖν.
243 632 349 724 εὖγε,
365 636 575 722 ἀνελήλυθας
589 636 644 703 καὶ
656 635 717 701 σύ·
739 637 870 721 ἐπείπερ
887 641 922 704 δὲ
934 636 1096 720 δικόρυμ-

94 858 151 912 υος
168 834 402 919 καθεζώμεθα·
434 831 477 900 σι)
496 838 534 901 δέ
551 858 609 919 μοι
623 831 686 918 ἤδη
703 835 740 899 ἐν
756 834 869 927 κύκλῳ
889 834 1096 920 περιβλέπων

97 933 268 1000 ἐπισκόπει
283 930 425 998 ἀπαυτα.

178 1038 210 1099 6.
231 1039 327 1099 ΧΑΡ.
344 1028 431 1115 Ὁρῶ
443 1037 509 1116 γῆν
522 1030 650 1119 πολλὴν
664 1035 717 1101 καὶ
728 1041 849 1120 λίμνην
862 1029 937 1099 τινά
948 1028 1096 1116 μεγάλην
1160 1073 1163 1079 ,

94 1130 336 1215 περιρρέουσαν
355 1130 410 1194 καλ
432 1124 493 1213 ὅρη
517 1130 572 1195 καὶ
589 1128 758 1216 ποταμοὺς
778 1138 838 1199 τοῦ
857 1135 1021 1198 Κωκυτοῦ
1040 1130 1095 1195 καὶ

96 1227 406 1311 Πυριφλεγέθοντος
429 1230 579 1310 μείζονας
600 1230 656 1295 καὶ
679 1226 880 1314 ἀνθρώπους
901 1228 992 1294 πάυυ
1019 1244 1096 1311 σμι·

94 1320 197 1405 κρούς
211 1328 269 1389 καί
280 1349 372 1401 τινας
388 1320 540 1409 φωλεοὺς
553 1322 674 1391 αὐτῶν.

176 1426 279 1488 ΕΡΜ.
301 1420 422 1499 Πόλεις
436 1424 563 1490 ἐκεῖναί
574 1429 674 1510 εἰσιν,
690 1420 749 1501 οὓς
766 1419 917 1509 φωλεοὺς
931 1420 1015 1489 εἶναι
1035 1446 1096 1488 νο-

95 1525 203 1604 μίξεις.

178 1624 275 1686 ΧΑΡ.
299 1616 409 1686 Οἶσθα
423 1611 503 1703 οὖν,
522 1611 678 1706 ἀἙρμῆ,
701 1615 745 1696 ὡς
759 1616 859 1685 οὐδὲν
873 1614 953 1703 ἡμῖν
968 1618 1097 1702 πέπρα-

95 1742 185 1802 κται,
204 1714 288 1784 ἀλλά
302 1717 408 1803 μάτην
422 1713 482 1783 τόν
493 1714 676 1802 Παρνασὸν
687 1714 770 1804 αὐτῇ
782 1721 952 1803 Κασταλίᾳ
965 1716 1020 1782 καὶ
1034 1710 1096 1799 τὴν

96 1820 200 1899 Οἴτην
213 1814 268 1881 καὶ
284 1812 324 1881 τά
338 1812 423 1882 ἀλλα
437 1811 499 1899 ὅρη
514 1813 791 1899 μετεκινήσαμεν;

177 1920 281 1980 ΕΡΜ.
297 1910 367 1981 Ὅτι
384 1920 431 1994 τίς
667 1999 669 2004 Ι

175 2016 271 2078 ΧΑΡ.
287 2008 397 2078 Οὐδέν
408 2008 540 2096 ἀκριβὲς
551 2006 614 2096 ἐγώ
626 2017 712 2095 γοῦν
720 2007 784 2078 ἀπό
795 2018 854 2077 τού
867 2006 998 2094 ὑψηλοῦ
1010 2005 1094 2094 ὁρῶ·

93 2109 234 2195 ἐδεόμην
253 2107 295 2176 οά
315 2109 427 2188 πόλεις
442 2111 497 2176 καὶ
516 2106 578 2195 ὅρη
602 2106 682 2176 αὐτὸ
700 2110 807 2195 μόνον
829 2107 939 2192 ὥσπερ
960 2108 997 2172 ἐν
1012 2131 1095 2192 γρα-

93 2221 171 2293 φαῖς
188 2204 288 2294 ὁρᾶν,
314 2205 398 2275 ἀλλά
418 2204 497 2284 τούς
512 2204 717 2292 ἀνθρώπους
737 2202 859 2283 αὐτοὺς
875 2207 928 2272 καλ
950 2201 1095 2290 ἀπράτ-

92 2326 186 2371 τουσι
197 2308 252 2372 καλ
262 2301 315 2373 οἷα
325 2307 496 2391 λέγουσιν,
511 2303 621 2390 ὥσπερ
633 2304 688 2374 ὅτε
701 2332 741 2391 με
752 2300 788 2372 τό
804 2309 937 2388 πρῶτον
948 2297 1094 2385 ἐντυχών

93 2399 176 2479 εἶδες
191 2409 339 2487 γελῶντα
360 2406 414 2471 καὶ
436 2400 521 2489 ἤρου
539 2429 581 2488 με
602 2400 622 2469 ὅ
641 2429 672 2470 τι
691 2401 836 2492 γελῴην·
868 2397 1014 2476 ἀκούσας
1028 2397 1092 2482 γάρ

93 2524 183 2576 τινος
195 2497 308 2586 ἥσθην
324 2503 356 2579 ές
370 2497 570 2587 ὑπερβολήν.

180 2603 282 2665 ΕΡΜ.
307 2605 350 2666 Τί
362 2601 415 2666 (λαὶ
429 2605 525 2665 τοῦτο
542 2592 602 2685 ἦν;
718 2677 720 2682 ,

176 2699 271 2762 ΧΑΡ.
292 2691 359 2764 Ἐπὶ
373 2700 526 2783 δεῖπνον,
549 2695 657 2782 οἶμαι,
682 2697 816 2781 κληθεὶς
836 2690 904 2760 ὑπό
921 2715 1010 2770 τινος
1027 2698 1094 2759 τῶν

92 2797 202 2876 φίλων
213 2794 245 2870 ές
256 2790 319 2879 τήν
329 2791 525 2881 ὑστεραίαν,
541 2796 698 2864 Μάλιστα
707 2791 791 2881 ἥξω,
808 2798 871 2878 ἔφη
878 2843 891 2877 ,
903 2792 958 2860 καὶ
972 2788 1093 2877 μεταξὺ

91 2889 246 2972 λέγοντος
263 2886 328 2956 ἀπὸ
353 2898 413 2958 τοῦ
434 2895 551 2976 τέγους
570 2894 704 2978 κεραμὶς
726 2894 927 2958 ἐπιπεσοῦσα
944 2887 1007 2957 οὐκ
1028 2885 1091 2956 οἶδ’

91 2982 172 3052 ὅτου
191 2987 389 3073 κινήσαντος
409 2986 601 3057 ἀπέκτεινεν
621 2987 733 3057 αὐτόν.
767 2990 904 3073 ἐγέλασα
925 2980 1004 3073 οὖν,
1031 2984 1093 3054 οὐκ

90 3086 334 3165 ἐπιτελέσαντος
344 3086 406 3174 τὴν
416 3086 606 3174 ὑπόσχεσιν.
628 3094 720 3156 ἔοικα
736 3087 771 3156 δέ
780 3091 836 3156 καὶ
847 3093 913 3154 νῦν
923 3085 1086 3154 ὑποκαταε
1110 3098 1162 3154 498

91 3185 271 3273 θήσεσθαι,
288 3181 332 3264 ἀς
348 3194 475 3272 μᾶλλον
486 3187 640 3274 βλέποιμι
654 3189 709 3255 καὶ
725 3184 890 3272 ἀκούοιμι.

175 3285 203 3350 7.
223 3289 327 3352 ΕΡΜ.
346 3281 416 3371 'Ex'
433 3282 591 3372 ἀτρέμας·
613 3286 778 3353 καὶτοῦτο
798 3281 862 3370 γάρ
880 3279 943 3368 έγά
960 3281 1096 3367 ἰάσομαί

88 3397 145 3449 σοι
158 3383 212 3448 καὶ
223 3379 497 3468 ὀξυδερκέστατον
508 3385 544 3452 ἐν
554 3382 841 3472 βραχεϊάποφανῶ
855 3376 933 3464 παρ’
946 3377 1093 3466 Ὀμήρου

173 3491 277 3532 moun.
299 3477 319 3530 1.
