2550 3825
475 197 648 265 ΑΠΟΛΟ
661 207 750 267 m.
1051 198 1114 263 327

110 364 318 452 ἀκροτάτων,
346 391 386 431 τα
413 362 444 430 δ’
474 361 556 433 ἀλλα
581 365 787 452 μισθοφόροι
813 361 934 450 ὁμοίως
960 361 1113 441 ἅπαντες.

112 469 160 532 14.
179 469 209 531 εί
221 462 283 548 μὲν
299 452 361 529 οόν
374 468 495 529 τοῦτον
506 464 686 530 ἐτεθείκειν
699 459 759 528 τόν
772 459 895 547 νόμον,
910 465 1035 548 μηδένα
1050 487 1116 546 μη-

111 565 168 632 δὲν
184 560 356 646 πράττειν,
371 564 483 644 ἐνοχος
499 554 542 627 ἀν
557 560 691 638 εἰκότως
704 559 846 628 ἐδόκουν
859 567 900 645 τῇ
913 564 1113 647 παρανομίᾳ,

112 664 142 726 εί
154 659 190 726 δὲ
203 664 301 724 τοῦτο
317 657 378 742 μὲν
396 654 546 741 οὐδαμοῦ
563 663 623 723 τοῦ
642 661 775 743 βιβλίον
789 658 940 724 λέλεκταί
954 683 1028 742 μοι,
1052 651 1113 741 χρὴ
1133 670 1186 726 723

111 757 147 824 δὲ
168 753 226 824 τόν
241 751 375 841 ἀγαθόν
391 753 500 839 ἀνδρα
515 753 654 842 ἐνεργὸν
668 753 768 841 εἶναι,
790 762 824 824 τί
838 751 882 822 ἀν
895 754 975 824 ἀλλο
991 759 1023 833 ἐς
1039 759 1116 822 δέον

111 852 202 944 αὑτῷ
219 860 341 942 χρῷτο,
366 847 390 939 ή
404 861 513 937 φίλοις
529 860 712 939 συμπονῶν
728 851 812 939 πρὸς
826 851 866 920 τά
881 855 1032 940 βέλτιστα
1052 850 1117 919 κάν

112 959 156 1040 τῷ
186 952 273 1040 μέσςο
304 947 485 1036 ὑπαίθριος
512 965 630 1034 πεῖραν
662 947 767 1017 αὑτοῦ
792 948 907 1028 ῦιῦοῦς
936 948 1026 1028 ὅπως
1051 954 1116 1035 έχει

25 1071 26 1074 ’
111 1060 250 1131 πίστεως
261 1055 315 1121 καὶ
327 1057 475 1141 σπονδῆς
485 1055 538 1125 καὶ
549 1051 680 1129 εὐνοίας
691 1048 774 1136 πρός
789 1051 828 1118 τά
841 1051 1115 1138 ἐγκεχειρισμένα,

115 1146 156 1228 ὡς
167 1147 211 1235 μή
223 1147 259 1216 τὸ
270 1146 449 1236 Ὁμηρικόν
464 1152 569 1219 ε’κείνο
582 1149 746 1235 ,ἐτώσιον
754 1146 858 1234 άχθος
868 1144 1038 1232 ἀροῦρης“
1053 1155 1114 1232 εἴη.
1159 1154 1161 1158 ’

113 1253 162 1316 15.
179 1246 245 1330 πρὸ
263 1249 299 1314 δὲ
318 1254 386 1314 τῶν
403 1245 492 1315 ὅλων
508 1253 698 1333 μεμνῆσθαι
717 1243 778 1332 χρή
794 1243 873 1324 τούς
888 1248 1114 1331 ἐπιτιμῶντας,

112 1343 162 1416 ὅτι
179 1341 219 1412 οῦ
237 1353 330 1434 σοφῷ
348 1343 420 1413 ὄντι
435 1371 543 1432 μοι-
559 1350 589 1411 εί
601 1343 643 1429 δή
652 1371 700 1422 τις
714 1346 770 1412 καὶ
782 1341 882 1422 ἄλλος
893 1345 963 1410 ἐστί
974 1367 1042 1409 που
1057 1362 1117 1408 σο-

112 1444 177 1530 φός
195 1443 517 1530 -ἐπιτιμήσουσιν,
542 1439 624 1510 ἀλλά
647 1449 693 1532 τῷ
713 1445 750 1509 ἐκ
766 1449 826 1509 τοῦ
849 1448 975 1511 πολλοῦ
996 1441 1116 1527 ῦήμον,

113 1540 234 1624 λόγους
256 1541 318 1625 μὲν
338 1538 519 1626 ἀσκήσαντι
534 1543 589 1607 καί
610 1537 650 1606 τά
673 1541 788 1625 μέτρια
809 1541 1038 1629 ἐπαινουμένῳ
1061 1533 1114 1605 ἐπ’

114 1636 241 1720 αὐτοῖς,
259 1635 344 1721 πρὸς
358 1641 393 1706 δὲ
410 1635 471 1725 τήν
485 1635 592 1725 ἀκραν
607 1640 738 1724 ἐκείνην
750 1645 819 1705 τῶν
830 1644 1026 1724 κορυφαίων
1037 1633 1117 1721 ἀρε·

115 1735 176 1822 τήν
191 1733 234 1803 οὐ
246 1737 336 1803 πάνυ
350 1739 625 1826 γεγυμνασμένῳ·
649 1732 764 1820 καλμά
779 1733 837 1804 Δί’
855 1732 930 1803 οὐδ’
946 1737 999 1803 ἐπὶ
1009 1735 1116 1822 τούτῳ

115 1833 278 1903 ἀνιᾶσθαί
288 1861 345 1921 μοι
356 1833 465 1923 ἀξιον,
483 1833 534 1903 ότι
545 1835 627 1922 μηδὲ
641 1834 729 1926 ἀλλφ
741 1831 806 1922 ἐγώ
820 1840 907 1921 γοῦν
917 1831 1116 1918 ἐντετύχηκα

113 1932 175 2020 τήν
189 1943 250 2002 τοῦ
260 1940 370 2019 σοφοῦ
386 1932 566 2019 ὑπόσχεσιν
577 1931 836 2019 ἀποπληροῦντι.
859 1938 922 1999 σοῦ
936 1936 1049 2017 μέντοι
1061 1930 1117 1996 καλ

114 2030 325 2118 θαυμάσαιμ’
342 2028 385 2099 ἀν
400 2035 613 2119 ἐπιτιμῶντός
623 2058 690 2118 μου
703 2040 749 2122 τῷ
764 2035 841 2099 νυνὶ
855 2040 935 2122 βίφ,
950 2042 985 2099 εί
994 2056 1032 2117 γε
1044 2030 1117 2096 ἐπι-

114 2129 252 2219 τιμῴης,
273 2129 313 2196 ὃν
330 2127 394 2212 πρὸ
410 2136 535 2197 πολλοῦ
555 2127 646 2217 ᾔδεις
662 2131 714 2195 ἐπὶ
727 2132 886 2216 ῥητορικῇ
902 2132 1043 2214 δημοσία
1057 2152 1117 2212 με·

114 2234 227 2312 γίστας
241 2224 455 2313 μισθοφορὰς
475 2226 713 2311 ἐνεγκάμενον,
735 2222 835 2292 ὁπότε
852 2222 934 2291 κατὰ
950 2224 1036 2290 θέαν
1056 2229 1117 2289 τοῦ

114 2329 269 2411 ἑσπερίου
284 2324 444 2393 Ὠκεανοῦ
458 2328 512 2391 καὶ
526 2322 587 2409 τήν
598 2320 763 2407 Κελτικήν
775 2320 844 2407 ἅμα
856 2320 959 2389 ἐπιόν
970 2322 1117 2405 ἐνέτυχες

81 2513 83 2517 .
112 2424 193 2513 ήμίν
202 2439 269 2502 τοῖς
280 2428 539 2510 μεγαλομίσθοις
548 2428 615 2488 τῶν
626 2427 795 2504 σοφιστῶν
806 2418 1116 2505 ἐναριθμουμένοις.

113 2523 217 2591 ταῦτά
238 2544 307 2606 σοι,
335 2514 500 2605 ἀὲταϊρε,
528 2526 634 2587 καίτοι
656 2521 692 2585 έν
714 2522 848 2604 μυρίαις
864 2529 934 2594 ταίς
950 2513 1117 2600 ἀσχολίαις

115 2619 164 2689 τόν
178 2620 268 2708 ὅμως
290 2618 563 2706 ἀπελογησάμην,
589 2615 651 2684 οῦκ
671 2618 708 2683 ἐν
728 2617 882 2704 παρέργῳ
897 2615 1039 2699 θέμενος
1054 2612 1116 2701 τήν

112 2718 238 2807 λευκήν
252 2717 343 2805 παρά
354 2725 416 2786 σοῦ
428 2718 483 2785 καὶ
497 2717 605 2803 πλήρη
617 2743 674 2802 μοι
688 2718 880 2801 ἐνεχθῆναι·
902 2716 970 2783 ἐπεὶ
983 2712 1067 2798 πρός
1076 2740 1116 2800 γε
1134 2738 1187 2796 724

114 2816 193 2899 τοῦς
207 2817 345 2903 ἀλλους,
366 2811 432 2883 κάν
445 2815 578 2901 συνάμα
593 2816 714 2893 πάντες
728 2819 972 2900 κατηγορῶσιν,
997 2809 1117 2883 ίκανόν

113 2914 222 3004 ἀνείη
238 2943 295 3003 μοι
309 2918 364 3002 τό,
381 2912 422 2983 οῦ
440 2916 575 3002 φροντίς
585 2911 799 3001 Ἱπποκλείδῃ.

520 3194 719 3207 *—
