2550 3825
163 197 224 260 ³62
513 201 815 260 ΛΟΥΚΙΑΝΟΤ

162 366 229 428 τῶν
243 356 400 445 ἀθλητῶν
413 360 548 436 ἕκαστος
564 359 831 445 προσευξάμενος
844 367 890 448 τῷ
899 363 958 428 Διί
974 359 1089 436 καθεὶς
1103 357 1164 444 τήν

162 471 253 544 χεῖρα
274 459 307 533 ές
323 455 383 540 τήν
403 454 524 523 κάλπιν
547 451 681 544 ἀνασπᾷ
696 462 764 522 τῶν
785 456 920 542 κλήρων
936 459 995 523 ἕνα
1015 457 1069 524 καὶ
1088 453 1161 541 μετ’
1255 542 1256 549 ¹

164 556 291 620 ἐκεῖνον
302 553 428 637 ἕτερος,
444 551 499 618 καὶ
509 549 681 633 παρεστώς
694 552 940 637 μαστιγοφόρος
950 551 1076 641 έκάστφ
1086 548 1165 618 ἀνέ-

163 675 211 736 χει
223 645 327 716 αὐτοῦ
337 645 399 733 τήν
410 660 501 732 χεῖρα
511 643 552 713 οὐ
564 650 717 732 παρέχων
729 645 922 731 ἀναγνῶναι
936 649 958 716 ὅ
967 677 998 716 τι
1008 647 1045 716 τδ
1055 646 1165 734 γράμ-

163 775 208 834 μα
226 748 314 815 ἐστίν
329 745 346 813 δ
363 743 558 813 ἀνέσπακεν.
582 743 743 812 ἁπάντων
756 747 792 814 δὲ
807 745 872 833 ήδη
888 748 1033 834 ἐχόντων
1048 745 1065 815 ὁ
1081 745 1165 814 ἀλυ-

165 846 301 930 τάρχης,
316 839 422 929 οἶμαι,
438 837 460 928 ή
474 849 542 909 τάν
551 840 794 910 Ἑλλανοδικῶν
807 841 919 911 αὐτῶν
935 841 982 923 εἷς
995 884 1037 896 -
1052 842 1163 911 οὐκέτι

93 1017 96 1022 ,
164 942 228 1029 γάρ
245 948 343 1008 τοῦτο
358 943 577 1026 μέμνημαι-
587 938 727 1022 περιιών
741 945 915 1010 ἐπισκοπεῖ
926 939 1006 1020 τοδς
1020 942 1165 1027 κλήρους

165 1045 202 1109 έν
217 1041 328 1127 κάκλφ
344 1039 494 1106 ἑστώτων
509 1041 563 1106 καὶ
579 1037 669 1106 οὕτω
683 1037 743 1106 τδν
756 1039 818 1125 μὲν
832 1037 869 1106 τό
884 1038 975 1126 άλφα
987 1046 1103 1127 ἔχοντα
1117 1045 1164 1128 τῷ

165 1135 201 1206 τδ
223 1139 336 1218 ἕτερον
359 1134 450 1221 ἀλφα
472 1133 672 1203 ἀνεσπακότι
693 1144 846 1205 παλαίειν
866 1133 889 1222 ή
912 1138 1165 1223 παγκρατιάζειν

166 1234 341 1320 συνάπτει,
361 1231 421 1300 τὸν
439 1235 475 1302 δὲ
494 1231 531 1301 τδ
549 1239 632 1320 βῆτα
652 1261 697 1300 ττι
719 1233 755 1301 τό
776 1242 859 1322 βῆτα
877 1233 999 1321 ὁμοίως
1013 1236 1067 1302 καλ
1086 1232 1166 1313 τούς

165 1332 288 1410 ἀλλους
303 1329 383 1410 τοὺς
403 1329 640 1420 ὁμογράμμους
658 1329 741 1398 κατά
756 1330 875 1399 ταύτά·
909 1328 997 1402 οὕτω
1012 1335 1074 1419 μὲν
1088 1333 1164 1418 γάρ,

164 1426 209 1516 ήν
223 1428 331 1516 άρτιοιῚ
342 1422 424 1497 εἶσιν
438 1435 472 1497 οἱ
479 1427 675 1514 ἀγωνισταί,
691 1423 764 1496 οἷον
773 1427 859 1497 ὀκτιδ
870 1426 892 1516 ή
905 1425 1086 1516 τέτταρεςή
1097 1430 1167 1496 δεό-

166 1534 255 1614 δεκα,
269 1523 359 1618 ήνδδ
371 1535 526 1614 περιττοί,
542 1529 640 1594 πέντε
654 1526 733 1593 ἑπτά
744 1529 851 1612 ἐννέα,
865 1527 1000 1614 γράμμα
1011 1554 1042 1596 τι
1051 1551 1168 1614 περιτ-
1257 1584 1258 1613 ,

165 1623 225 1694 τόν
242 1628 289 1694 ἑνὶ
307 1627 417 1715 κλήρφ
439 1623 604 1710 ἐγγραφὲν
621 1624 844 1711 συμβάλλεται
856 1622 983 1710 αὐτοῖς,
1007 1622 1167 1708 ἀντίγρα-

166 1748 232 1810 φον
246 1722 326 1791 ἀλλο
342 1721 404 1790 οὐκ
419 1728 504 1808 ἔχον.
527 1719 563 1801 δς
574 1719 605 1788 δ’
617 1714 660 1788 ἀν
674 1730 772 1789 τοῦτο
786 1720 977 1811 ἀνασπάση,
992 1721 1168 1808 ἐφεδρεύει

167 1820 364 1906 περιμένων,
380 1818 446 1886 ἔστ’
463 1816 507 1886 ἀν
520 1823 640 1888 ἐκείνοι
654 1819 897 1904 ἀγωνίσωνται·
921 1818 962 1888 οά
975 1816 1039 1907 γάρ
1052 1826 1115 1905 ἔχει
1125 1817 1166 1886 τδ

99 1938 150 1996 784
168 1917 390 2003 ἀντίγραμμα·
415 1920 469 1987 καὶ
484 1924 550 1986 ἐστι
563 1924 662 1985 τοῦτο
673 1915 714 1985 οὐ
725 1917 825 2005 μικρά
841 1916 974 2005 εὐτυχία
983 1924 1044 1986 τοῦ
1055 1914 1167 2001 ἀθλη-

166 2012 294 2101 τοῦ,τό
310 2016 442 2101 μέλλειν
457 2014 583 2103 ἀκμῆτα
595 2030 663 2094 τοῖς
676 2017 855 2103 κεκμηκόσι
870 2025 1120 2103 συμπεσεῖσθαι.

249 2117 299 2181 41.
321 2120 421 2181 ΛΤΚ.
434 2111 502 2200 Ἕχ’
519 2112 674 2200 ἀτρέμας·
696 2114 818 2182 τούτου
833 2112 897 2201 γάρ
912 2115 1052 2200 ἐδεόμην
1065 2113 1165 2198 μάλι-

166 2234 235 2280 στα.
251 2209 377 2280 οὐκοῦν
388 2213 484 2281 ἐννέα
495 2211 588 2291 ὄντες
598 2210 825 2282 ἀνεσπάκασιν
836 2212 978 2290 ἅπαντες
987 2213 1041 2279 καί
1053 2217 1165 2296 έχουσι

165 2308 243 2391 τούς
258 2312 410 2398 κλήρους.
433 2310 571 2396 περιιιδν
589 2310 686 2397 δή-
702 2311 865 2397 βούλομαι
879 2310 945 2396 γάρ
961 2331 998 2378 σε
1008 2306 1165 2379 Ἑλλανο-

167 2415 262 2498 δίκην
282 2410 354 2479 ἀντὶ
369 2419 495 2480 θεατοῦ
510 2418 645 2498 ποιῆσαι
659 2448 703 2461 -·
718 2411 902 2488 ἐπισκοπεῖς
917 2408 958 2477 ’τά
977 2410 1165 2496 γράμματα,
1258 2445 1259 2448 ·

165 2512 220 2577 καὶ
231 2508 272 2577 οὐ
283 2510 463 2597 πρότερον,
481 2508 587 2596 οἶμαι,
600 2508 722 2595 μάθοις
732 2503 776 2573 ἀν
787 2506 876 2585 ὅστις
887 2506 904 2575 ὁ
915 2510 1053 2594 ἔφεδρός
1064 2511 1165 2593 ἐστιν,

165 2604 208 2695 ήν
222 2609 266 2695 μή
283 2610 334 2676 ἐπὶ
348 2608 474 2689 πάντας
488 2614 588 2697 ἐλθης
605 2608 659 2675 καί
675 2606 831 2694 συζεάξης
846 2603 976 2685 αὐτούς.

248 2713 352 2772 ΕΡΜ.
373 2714 467 2792 Παῖς,
485 2699 512 2773 ά
526 2715 667 2791 Λυκῖνε,
682 2711 781 2773 τοῦτο
796 2704 877 2791 φής;

249 2811 347 2870 ΛΤΚ.
377 2802 559 2873 Ἀδύνατόν
585 2808 674 2872 ἐστιν
703 2801 808 2881 εὐθὺς
830 2801 941 2891 εὑρεῖν
966 2803 1003 2872 τδ
1028 2805 1168 2891 γράμμα

165 2906 271 2970 έκεῖνο
285 2900 322 2969 τό
339 2906 464 2988 δηλοῦν
477 2900 537 2971 τὸν
551 2906 710 2988 ἔφεδρον,
726 2899 749 2989 ή
761 2900 799 2970 τὸ
810 2903 873 2988 μὲν
882 2902 1016 2990 γράμμα
1031 2913 1109 2981 ἴσως
1119 2899 1169 2971 ἀν

165 2998 291 3087 εὕροις,
310 2998 350 3067 οά
361 2997 427 3087 μήν
442 3010 513 3089 είση
524 3026 562 3086 γε
575 3005 604 3067 εἰ
617 3000 741 3079 ἐκεῖνός
751 3003 855 3069 ἐστιν·
877 3000 918 3070 οά
928 3001 992 3088 γάρ
1007 3011 1169 3090 προείρη-

164 3125 216 3166 ται
233 3094 284 3165 ὅτι
301 3096 337 3166 τδ
353 3106 387 3167 Κ
400 3094 422 3185 ή
436 3096 472 3166 τό
485 3094 556 3185 Μή
567 3095 604 3166 τό
619 3107 643 3167 Ι
653 3102 719 3167 ἐστὶ
734 3098 771 3167 τδ
785 3109 999 3186 χειροτονοῦν
1013 3099 1073 3169 τὸν
1084 3107 1169 3187 έφε-

165 3202 263 3281 δρον·
283 3195 357 3266 ἀλλ’
376 3196 511 3265 ἐπειδάν
527 3204 573 3287 τῷ
588 3208 620 3263 Α
633 3196 786 3287 ἐντόχης,
808 3205 909 3285 ζητεῖς
923 3197 984 3267 τὸν
997 3197 1034 3267 τδ
1049 3201 1169 3281 ἕτερον

164 3306 195 3363 Α
211 3300 325 3381 έχοντα
345 3298 399 3365 καὶ
416 3294 525 3384 εὑρών
546 3299 694 3374 ἐκείνους
712 3302 775 3384 μὲν
795 3297 859 3386 ήδη
874 3301 1084 3386 συνέζευξας,
1107 3300 1168 3368 ἐν-

163 3391 272 3479 τυχών
288 3394 323 3461 δὲ
341 3388 445 3474 ἀὖθις
461 3403 506 3487 τῷ
524 3401 607 3482 βῆτα
622 3419 660 3461 το
683 3396 796 3481 ἕτερον
816 3404 898 3483 βῆτα
919 3396 1006 3465 ὅπου
1024 3400 1088 3467 ἐστὶ
1108 3405 1170 3485 ζη-
