2550 3825
163 206 205 272 38
512 214 818 275 AOYKIANOY

161 374 293 440 ἐκείνου
318 372 381 458 μὲν
407 373 605 459 διήμαρτον,
633 412 672 424 -
702 370 863 462 ὑπερέσχε
883 375 950 463 γάρ
971 374 1077 446 αιἰτοῦ
1098 385 1161 465 την

161 484 253 555 χεῖρα
264 476 486 557 Περικλῆς-
501 467 518 537 ὁ
538 473 574 537 δὲ
590 470 755 555 κεραυνός
766 479 812 552 είς
821 471 859 541 τό
869 472 1039 543 Ἀνακεῖον
1052 501 1161 561 παρα-

162 568 289 655 σκήψας
310 569 417 637 ἐκεῖνό
429 593 466 636 τε
480 571 657 654 κατέφλεξε
671 572 726 638 καί
741 568 841 649 αῦτός
855 569 971 658 ὀλίγον
988 576 1059 640 δεῖν
1076 592 1162 641 συν-

162 673 274 753 ετρίβη
290 671 366 749 περὶ
383 674 423 755 τῇ
438 669 550 757 πέτρᾳ.
574 665 664 753 πλὴν
677 667 774 756 {uam}
792 672 830 738 έν
844 669 991 760 τοσοότφ
1005 673 1061 740 καί
1075 668 1160 759 αῦτη

161 771 301 851 τιμωρία
324 769 415 833 ἔσται
438 763 568 849 αὐτοῖς,
596 770 627 832 εί
639 762 935 853 ὑπερπλουτοῦντα
948 766 1009 837 τόν
1026 776 1162 856 Τίμωνα

161 860 296 949 ὁρῶσιν.

247 965 297 1029 ll.
328 967 434 1028 EPM.
466 956 550 1029 Οίον
563 954 608 1049 ἦν
624 960 662 1029 τὸ
677 966 762 1049 μέγα
779 969 977 1051 κεκραγέναι
990 967 1045 1034 καὶ
1061 963 1163 1052 ὀχλη-

96 1069 147 1122 120
163 1057 226 1142 ρόν
256 1058 341 1125 εἶναι
360 1061 416 1127 καὶ
435 1059 580 1145 θρασῦν.
616 1059 659 1127 οῦ
679 1076 748 1140 τοῖς
767 1066 1015 1151 δικαιολογοῦσι
1034 1063 1161 1150 μόνοις,

163 1155 246 1225 ἀλλὰ
268 1160 409 1235 καὶτοῖς
428 1155 618 1244 εὐχομένοις
637 1165 737 1226 τοῦτο
756 1160 936 1246 χρήσιμον·
959 1160 1036 1228 ίδοῦ
1055 1163 1095 1248 γέ
1108 1185 1161 1229 τοι

162 1253 280 1324 αῦτίκα
307 1256 394 1343 μάλα
416 1258 576 1335 πλούσιος
596 1260 633 1325 ἐκ
654 1258 858 1326 πενεστάτου
878 1257 1115 1346 καταστήσεται
1140 1256 1159 1327 ὁ

165 1361 277 1441 Τίμων
291 1355 415 1441 βοήσας
431 1356 486 1422 καὶ
502 1356 814 1442 παρρησιασάμενος
830 1359 867 1424 ἐν
879 1363 919 1443 τῇ
931 1354 1010 1445 εῦχη
1020 1358 1075 1424 καὶ
1086 1358 1161 1424 έπι-

163 1458 306 1542 στρέψας
328 1452 389 1522 τόν
406 1463 489 1523 Δία·
517 1461 547 1523 εί
568 1455 605 1523 δὲ
628 1461 737 1543 σιωπῇ
758 1460 921 1523 ἔσκαπτεν
940 1454 1162 1541 έπικεκυφοός,

165 1556 211 1619 έτι
226 1547 270 1617 άυ
286 1557 447 1619 ἔσκαπτεν
461 1550 696 1639 ἀμελούμενος.

246 1656 409 1717 ααονν.
453 1647 538 1718 ’κισ
562 1650 627 1736 ἐγώ
652 1650 714 1719 οὐκ
736 1647 780 1718 σε
802 1649 999 1738 σκειεοιμι,
1029 1644 1059 1718 σ
1081 1657 1162 1737 τεο,

162 1745 240 1833 παρ’
258 1744 371 1814 αὐτόν.

247 1853 374 1914 ΖΕΥΣ.
402 1843 470 1917 Διά
484 1852 519 1916 τί
524 1898 533 1934 ,
557 1840 584 1916 ω’
601 1846 714 1936 ἀριστε
725 1854 872 1936 Πλοῦτε,
891 1850 1064 1917 καὶταῦτα
1079 1851 1163 1933 ἐμοῦ

161 1947 397 2029 κελεῦσαντοςς

248 2051 298 2114 12.
325 2053 489 2115 ΠΑΟῬΤ.
517 2043 590 2116 Ὀτι
603 2044 646 2132 νὴ
663 2053 731 2117 Δία
745 2045 881 2136 ὕβριζεν
894 2051 941 2126 είς
954 2044 1012 2132 ἐμὲ
1024 2049 1078 2113 καλ
1092 2049 1160 2123 έξε-

163 2145 263 2233 φόρει
281 2147 336 2213 καὶ
350 2147 384 2223 ές
397 2142 503 2213 πολλὰ
518 2148 706 2231 κατεμέριζε
721 2147 894 2215 καὶταῦτα
905 2151 1060 2235 πατρῷον
1070 2139 1162 2230 αῦτρὶ

164 2250 265 2329 φίλον
294 2240 393 2328 ὄντα,
421 2245 476 2311 καὶ
497 2245 678 2329 μονονουχὶ
698 2243 869 2329 δικράνοις
887 2240 1023 2323 έξειόθει
1043 2267 1082 2327 με
1101 2246 1161 2325 τῆς

164 2347 268 2418 οἰκίας
288 2340 443 2427 καθάπερ
459 2344 493 2408 οί
508 2337 544 2407 τὸ
560 2347 628 2427 πῦρ
644 2344 681 2408 έκ
695 2350 763 2409 των
776 2347 897 2427 χειρῶν
911 2337 1150 2425 ἀπορριπτοῦν·

96 2464 143 2520 1²1
163 2465 224 2518 τες.
254 2431 356 2516 αὖθις
370 2429 434 2504 οῦν
451 2433 588 2505 ἀπέλθω
602 2444 795 2522 παρασίτοις
811 2438 866 2505 καὶ
880 2437 994 2516 κόλαξι
1011 2435 1161 2502 καλδταίσ
1273 2458 1274 2463 ’

164 2562 237 2621 ραις
267 2535 605 2622 παραδοθησόμενος;
633 2532 687 2602 ἐπ’
705 2537 868 2621 έκείνονς,
898 2527 1031 2620 ἀΖεῦ,
1054 2534 1163 2620 πέμπε

165 2659 205 2720 με
226 2631 305 2712 τοῦς
320 2637 587 2720 αἰσθησομένους
599 2642 656 2718 τῆς
677 2637 821 2718 δωρεᾶς,
841 2630 920 2711 τοῦς
933 2634 1165 2718 περιέψοντας,

165 2728 214 2812 οἷς
232 2739 338 2818 τίμιος
357 2730 421 2817 έγοδ
444 2733 500 2800 καὶ
520 2730 764 2818 περιπόθητος·
798 2723 891 2799 οῦτοι
912 2732 948 2798 δὲ
964 2734 998 2797 οί
1011 2729 1108 2815 λάροι
1122 2734 1165 2816 τῇ

164 2836 262 2919 πενία
278 2832 505 2915 ζυνέστωσαν,
520 2827 562 2915 ἣν
579 2837 784 2916 προτιμῶσιν
800 2826 910 2916 ἡμῶν,
925 2830 980 2894 καὶ
995 2827 1167 2913 διφθέραν

164 2925 244 3014 παρ’
267 2927 367 3014 αὐτῆς
388 2929 547 3018 λαβόντες
566 2931 621 2996 καὶ
639 2933 794 2997 δίκελλαν
809 2925 1033 3013 ἀγαπάτωσαν
1047 2922 1165 2991 ἄθλιοι

164 3028 318 3112 τέτταρας
339 3022 481 3114 ὀβολοὺς
502 3024 746 3114 ἀποφέροντες,
769 3030 803 3095 οἱ
816 3024 1079 3100 δεκαταλάντους
1094 3026 1167 3089 δω-

163 3121 242 3210 ρεὰς
258 3121 393 3209 ἀμελητὶ
409 3125 611 3210 προϊέμενοι.

249 3228 299 3294 13.
318 3232 443 3293 ΖΕΥΣ.
469 3224 580 3294 Οὐδὲν
594 3232 642 3294 ἔτι
658 3231 811 3292 τοιοῦτον
826 3221 845 3292 ὁ
866 3230 978 3309 Τίμων
990 3221 1169 3308 ἐργάσεται

162 3327 238 3413 περὶ
258 3325 310 3393 σέ·
331 3326 423 3392 πάνυ
443 3322 508 3411 γὰρ
530 3322 634 3393 αὐτόν
654 3321 674 3411 ἡ
699 3328 832 3392 δίκελλα
854 3320 1171 3407 πεπαιδαγώγηκεν,

162 3433 194 3496 εί
213 3425 257 3508 μὴ
278 3424 490 3494 παντάπασιν
506 3421 693 3512 ἀνάλγητός
707 3425 775 3490 ἐστι
788 3420 851 3507 την
867 3417 995 3504 ὀσφῦν,
1019 3414 1064 3496 ῦς
1078 3424 1170 3503 χρῆν
