<?xml version="1.0" encoding="UTF-8"?>
<!DOCTYPE html PUBLIC "-//W3C//DTD XHTML 1.0 Transitional//EN"
    "http://www.w3.org/TR/xhtml1/DTD/xhtml1-transitional.dtd">
<html xmlns="http://www.w3.org/1999/xhtml" xml:lang="en" lang="en">
 <head>
  <title>
</title>
<meta http-equiv="Content-Type" content="text/html;charset=utf-8" />
  <meta name='ocr-system' content='tesseract 3.04.00' />
  <meta name='ocr-capabilities' content='ocr_page ocr_carea ocr_par ocr_line ocrx_word'/>
</head>
<body>
  <div class='ocr_page' id='page_1' title='image "./lucianisamosate03jacogoog_0225.png"; bbox 0 0 2550 3825; ppageno 0'>
   <div class='ocr_carea' id='block_1_1' title="bbox 166 171 811 235">
    <p class='ocr_par' dir='ltr' id='par_1_1' title="bbox 166 171 811 235">
     <span class='ocr_line' id='line_1_1' title="bbox 166 171 811 235; baseline -0.003 -1"><span class='ocrx_word' id='word_1_1' title='bbox 166 171 228 235; x_wconf 83' lang='lat'><strong><em>196</em></strong></span> <span class='ocrx_word' id='word_1_2' title='bbox 522 177 811 235; x_wconf 65' lang='lat' dir='ltr'><strong><em>Aofflalvm’</em></strong></span> 
     </span>
    </p>
   </div>
   <div class='ocr_carea' id='block_1_2' title="bbox 54 333 1166 3160">
    <p class='ocr_par' dir='ltr' id='par_1_2' title="bbox 164 333 1165 811">
     <span class='ocr_line' id='line_1_2' title="bbox 164 333 1160 425; baseline 0.002 -26"><span class='ocrx_word' id='word_1_3' title='bbox 164 334 220 400; x_wconf 83' lang='grc' dir='ltr'><strong><em>καὶ</em></strong></span> <span class='ocrx_word' id='word_1_4' title='bbox 233 336 326 418; x_wconf 77' lang='grc' dir='ltr'><strong><em>μέχρι</em></strong></span> <span class='ocrx_word' id='word_1_5' title='bbox 336 336 397 418; x_wconf 85' lang='grc' dir='ltr'><strong><em>μέν</em></strong></span> <span class='ocrx_word' id='word_1_6' title='bbox 411 360 502 413; x_wconf 92' lang='grc' dir='ltr'><strong><em>τινος</em></strong></span> <span class='ocrx_word' id='word_1_7' title='bbox 516 333 757 420; x_wconf 77' lang='grc' dir='ltr'><strong><em>ὑπεφερόμεθα</em></strong></span> <span class='ocrx_word' id='word_1_8' title='bbox 770 338 807 401; x_wconf 84' lang='grc' dir='ltr'><strong><em>ἐν</em></strong></span> <span class='ocrx_word' id='word_1_9' title='bbox 819 341 865 425; x_wconf 76' lang='grc' dir='ltr'><strong><em>τῷ</em></strong></span> <span class='ocrx_word' id='word_1_10' title='bbox 879 341 1031 424; x_wconf 76' lang='grc' dir='ltr'><strong><em>ποταμῷ,</em></strong></span> <span class='ocrx_word' id='word_1_11' title='bbox 1048 333 1115 402; x_wconf 77' lang='grc' dir='ltr'><strong><em>εἶτα</em></strong></span> <span class='ocrx_word' id='word_1_12' title='bbox 1131 339 1160 401; x_wconf 80' lang='grc' dir='ltr'><strong><em>δ’</em></strong></span> 
     </span>
     <span class='ocr_line' id='line_1_3' title="bbox 164 428 1165 518; baseline -0.001 -19"><span class='ocrx_word' id='word_1_13' title='bbox 164 432 408 516; x_wconf 77' lang='grc' dir='ltr'><strong><em>ἐσεπλεύσαμεν</em></strong></span> <span class='ocrx_word' id='word_1_14' title='bbox 420 434 453 511; x_wconf 90' lang='grc' dir='ltr'><strong><em>ές</em></strong></span> <span class='ocrx_word' id='word_1_15' title='bbox 462 431 499 500; x_wconf 85' lang='grc' dir='ltr'><strong><em>τό</em></strong></span> <span class='ocrx_word' id='word_1_16' title='bbox 512 434 586 510; x_wconf 79' lang='grc' dir='ltr'><strong><em>ἕλος</em></strong></span> <span class='ocrx_word' id='word_1_17' title='bbox 596 434 652 500; x_wconf 79' lang='grc' dir='ltr'><strong><em>καὶ</em></strong></span> <span class='ocrx_word' id='word_1_18' title='bbox 665 429 727 517; x_wconf 88' lang='grc' dir='ltr'><strong><em>τήν</em></strong></span> <span class='ocrx_word' id='word_1_19' title='bbox 737 439 877 517; x_wconf 78' lang='grc' dir='ltr'><strong><em>λίμνην,</em></strong></span> <span class='ocrx_word' id='word_1_20' title='bbox 891 434 924 511; x_wconf 89' lang='grc' dir='ltr'><strong><em>ἐς</em></strong></span> <span class='ocrx_word' id='word_1_21' title='bbox 934 430 976 518; x_wconf 81' lang='grc' dir='ltr'><strong><em>ήν</em></strong></span> <span class='ocrx_word' id='word_1_22' title='bbox 987 428 1005 498; x_wconf 95' lang='lat'>6</span> <span class='ocrx_word' id='word_1_23' title='bbox 1023 430 1165 516; x_wconf 84' lang='grc' dir='ltr'><strong><em>Εὐφρά-</em></strong></span> 
     </span>
     <span class='ocr_line' id='line_1_4' title="bbox 164 526 1164 615; baseline 0 -21"><span class='ocrx_word' id='word_1_24' title='bbox 164 529 221 614; x_wconf 90' lang='grc' dir='ltr'><strong><em>της</em></strong></span> <span class='ocrx_word' id='word_1_25' title='bbox 235 526 441 614; x_wconf 78' lang='grc' dir='ltr'><strong><em>ἀφανίζεται·</em></strong></span> <span class='ocrx_word' id='word_1_26' title='bbox 469 532 714 611; x_wconf 72' lang='grc' dir='ltr'><strong><em>περαιωθέντες</em></strong></span> <span class='ocrx_word' id='word_1_27' title='bbox 733 529 769 597; x_wconf 73' lang='grc' dir='ltr'><strong><em>δέ</em></strong></span> <span class='ocrx_word' id='word_1_28' title='bbox 783 532 839 597; x_wconf 82' lang='grc' dir='ltr'><strong><em>καὶ</em></strong></span> <span class='ocrx_word' id='word_1_29' title='bbox 857 530 983 615; x_wconf 88' lang='grc' dir='ltr'><strong><em>ταύτην</em></strong></span> <span class='ocrx_word' id='word_1_30' title='bbox 999 526 1164 614; x_wconf 85' lang='grc' dir='ltr'><strong><em>ἀφικνού-</em></strong></span> 
     </span>
     <span class='ocr_line' id='line_1_5' title="bbox 164 620 1164 712; baseline 0 -21"><span class='ocrx_word' id='word_1_31' title='bbox 164 635 253 710; x_wconf 88' lang='grc' dir='ltr'><strong><em>μεθα</em></strong></span> <span class='ocrx_word' id='word_1_32' title='bbox 267 630 301 703; x_wconf 84' lang='grc' dir='ltr'><strong><em>ές</em></strong></span> <span class='ocrx_word' id='word_1_33' title='bbox 313 650 345 691; x_wconf 92' lang='grc' dir='ltr'><strong><em>τι</em></strong></span> <span class='ocrx_word' id='word_1_34' title='bbox 358 632 481 712; x_wconf 79' lang='grc' dir='ltr'><strong><em>χωρίον</em></strong></span> <span class='ocrx_word' id='word_1_35' title='bbox 495 631 621 711; x_wconf 79' lang='grc' dir='ltr'><strong><em>ἔρημον</em></strong></span> <span class='ocrx_word' id='word_1_36' title='bbox 633 628 690 693; x_wconf 83' lang='grc' dir='ltr'><strong><em>καί</em></strong></span> <span class='ocrx_word' id='word_1_37' title='bbox 705 622 831 701; x_wconf 73' lang='grc' dir='ltr'><strong><em>ὑλῶδες</em></strong></span> <span class='ocrx_word' id='word_1_38' title='bbox 844 628 899 692; x_wconf 77' lang='grc' dir='ltr'><strong><em>καὶ</em></strong></span> <span class='ocrx_word' id='word_1_39' title='bbox 908 623 1067 710; x_wconf 89' lang='grc' dir='ltr'><strong><em>ἀνήλιον,</em></strong></span> <span class='ocrx_word' id='word_1_40' title='bbox 1083 630 1129 702; x_wconf 87' lang='grc' dir='ltr'><strong><em>είς</em></strong></span> <span class='ocrx_word' id='word_1_41' title='bbox 1145 620 1164 690; x_wconf 89' lang='lat'>6</span> 
     </span>
     <span class='ocr_line' id='line_1_6' title="bbox 164 721 1164 811; baseline -0.003 -20"><span class='ocrx_word' id='word_1_42' title='bbox 164 723 205 811; x_wconf 84' lang='grc' dir='ltr'><strong><em>δή</em></strong></span> <span class='ocrx_word' id='word_1_43' title='bbox 220 722 577 811; x_wconf 80' lang='grc' dir='ltr'><strong><em>ἀποβάντες-ἡγεῖτο</em></strong></span> <span class='ocrx_word' id='word_1_44' title='bbox 595 727 630 792; x_wconf 81' lang='grc' dir='ltr'><strong><em>δὲ</em></strong></span> <span class='ocrx_word' id='word_1_45' title='bbox 646 722 663 792; x_wconf 96' lang='lat'>6</span> <span class='ocrx_word' id='word_1_46' title='bbox 681 724 965 811; x_wconf 73' lang='grc' dir='ltr'><strong><em>Μιθροβαρζάνης</em></strong></span> <span class='ocrx_word' id='word_1_47' title='bbox 982 764 1018 773; x_wconf 94' lang='grc'><strong>-</strong></span> <span class='ocrx_word' id='word_1_48' title='bbox 1034 721 1164 810; x_wconf 84' lang='grc' dir='ltr'><strong><em>βόθρον</em></strong></span> 
     </span>
    </p>

    <p class='ocr_par' dir='ltr' id='par_1_3' title="bbox 96 814 1164 1205">
     <span class='ocr_line' id='line_1_7' title="bbox 96 814 1164 909; baseline -0.006 -18"><span class='ocrx_word' id='word_1_49' title='bbox 96 835 146 891; x_wconf 73' lang='lat'><strong><em>469</em></strong></span> <span class='ocrx_word' id='word_1_50' title='bbox 164 848 200 889; x_wconf 91' lang='grc' dir='ltr'><strong><em>τε</em></strong></span> <span class='ocrx_word' id='word_1_51' title='bbox 222 820 423 909; x_wconf 75' lang='grc' dir='ltr'><strong><em>ὠρυξάμεθα</em></strong></span> <span class='ocrx_word' id='word_1_52' title='bbox 441 824 498 891; x_wconf 75' lang='grc' dir='ltr'><strong><em>καί</em></strong></span> <span class='ocrx_word' id='word_1_53' title='bbox 513 820 554 890; x_wconf 88' lang='grc' dir='ltr'><strong><em>τά</em></strong></span> <span class='ocrx_word' id='word_1_54' title='bbox 570 831 658 908; x_wconf 87' lang='grc' dir='ltr'><strong><em>μήλα</em></strong></span> <span class='ocrx_word' id='word_1_55' title='bbox 679 821 931 907; x_wconf 74' lang='grc' dir='ltr'><strong><em>κατεσφάξαμεν</em></strong></span> <span class='ocrx_word' id='word_1_56' title='bbox 952 822 1007 889; x_wconf 77' lang='grc' dir='ltr'><strong><em>καὶ</em></strong></span> <span class='ocrx_word' id='word_1_57' title='bbox 1026 818 1063 888; x_wconf 92' lang='grc' dir='ltr'><strong><em>τό</em></strong></span> <span class='ocrx_word' id='word_1_58' title='bbox 1084 814 1164 904; x_wconf 77' lang='grc' dir='ltr'><strong><em>αἷμα</em></strong></span> 
     </span>
     <span class='ocr_line' id='line_1_8' title="bbox 163 916 1164 1011; baseline -0.002 -24"><span class='ocrx_word' id='word_1_59' title='bbox 163 922 238 1006; x_wconf 77' lang='grc' dir='ltr'><strong><em>περὶ</em></strong></span> <span class='ocrx_word' id='word_1_60' title='bbox 249 916 355 987; x_wconf 91' lang='grc' dir='ltr'><strong><em>αύτόν</em></strong></span> <span class='ocrx_word' id='word_1_61' title='bbox 365 923 570 1007; x_wconf 83' lang='grc' dir='ltr'><strong><em>ἐσπείσαμεν.</em></strong></span> <span class='ocrx_word' id='word_1_62' title='bbox 582 918 600 988; x_wconf 97' lang='lat'>6</span> <span class='ocrx_word' id='word_1_63' title='bbox 613 920 650 989; x_wconf 72' lang='grc' dir='ltr'><strong><em>δὲ</em></strong></span> <span class='ocrx_word' id='word_1_64' title='bbox 659 921 763 1007; x_wconf 80' lang='grc' dir='ltr'><strong><em>μάγος</em></strong></span> <span class='ocrx_word' id='word_1_65' title='bbox 772 922 810 988; x_wconf 86' lang='grc' dir='ltr'><strong><em>ἐν</em></strong></span> <span class='ocrx_word' id='word_1_66' title='bbox 818 919 965 1011; x_wconf 86' lang='grc' dir='ltr'><strong><em>τοσούτφ</em></strong></span> <span class='ocrx_word' id='word_1_67' title='bbox 977 924 1061 1009; x_wconf 80' lang='grc' dir='ltr'><strong><em>δᾷδα</em></strong></span> <span class='ocrx_word' id='word_1_68' title='bbox 1071 942 1164 985; x_wconf 91' lang='grc' dir='ltr'><strong><em>καιο-</em></strong></span> 
     </span>
     <span class='ocr_line' id='line_1_9' title="bbox 163 1012 1164 1108; baseline -0.002 -24"><span class='ocrx_word' id='word_1_69' title='bbox 163 1021 268 1105; x_wconf 87' lang='grc' dir='ltr'><strong><em>μένην</em></strong></span> <span class='ocrx_word' id='word_1_70' title='bbox 283 1023 367 1103; x_wconf 81' lang='grc' dir='ltr'><strong><em>ἔχων</em></strong></span> <span class='ocrx_word' id='word_1_71' title='bbox 378 1015 488 1086; x_wconf 78' lang='grc' dir='ltr'><strong><em>οὐκέτ’</em></strong></span> <span class='ocrx_word' id='word_1_72' title='bbox 500 1017 641 1107; x_wconf 76' lang='grc' dir='ltr'><strong><em>ἠρεμαίᾳ</em></strong></span> <span class='ocrx_word' id='word_1_73' title='bbox 653 1025 693 1108; x_wconf 76' lang='grc' dir='ltr'><strong><em>τῇ</em></strong></span> <span class='ocrx_word' id='word_1_74' title='bbox 703 1025 816 1106; x_wconf 79' lang='grc' dir='ltr'><strong><em>φωνή,</em></strong></span> <span class='ocrx_word' id='word_1_75' title='bbox 830 1021 1039 1105; x_wconf 75' lang='grc' dir='ltr'><strong><em>παμμέγεθες</em></strong></span> <span class='ocrx_word' id='word_1_76' title='bbox 1050 1018 1102 1100; x_wconf 87' lang='grc' dir='ltr'><strong><em>δέ,</em></strong></span> <span class='ocrx_word' id='word_1_77' title='bbox 1120 1012 1164 1091; x_wconf 80' lang='grc' dir='ltr'><strong><em>όις</em></strong></span> 
     </span>
     <span class='ocr_line' id='line_1_10' title="bbox 163 1108 1164 1205; baseline -0.001 -21"><span class='ocrx_word' id='word_1_78' title='bbox 163 1112 233 1195; x_wconf 80' lang='grc' dir='ltr'><strong><em>οἷός</em></strong></span> <span class='ocrx_word' id='word_1_79' title='bbox 249 1142 285 1183; x_wconf 91' lang='grc' dir='ltr'><strong><em>τε</em></strong></span> <span class='ocrx_word' id='word_1_80' title='bbox 304 1108 366 1202; x_wconf 80' lang='grc' dir='ltr'><strong><em>ἦν,</em></strong></span> <span class='ocrx_word' id='word_1_81' title='bbox 391 1115 593 1205; x_wconf 80' lang='grc' dir='ltr'><strong><em>ἀνακραγύν</em></strong></span> <span class='ocrx_word' id='word_1_82' title='bbox 612 1118 772 1203; x_wconf 88' lang='grc' dir='ltr'><strong><em>δαίμονάς</em></strong></span> <span class='ocrx_word' id='word_1_83' title='bbox 786 1143 822 1185; x_wconf 92' lang='grc' dir='ltr'><strong><em>τε</em></strong></span> <span class='ocrx_word' id='word_1_84' title='bbox 841 1114 927 1200; x_wconf 86' lang='grc' dir='ltr'><strong><em>ὁμοῦ</em></strong></span> <span class='ocrx_word' id='word_1_85' title='bbox 947 1117 1072 1195; x_wconf 85' lang='grc' dir='ltr'><strong><em>πάντας</em></strong></span> <span class='ocrx_word' id='word_1_86' title='bbox 1088 1120 1164 1184; x_wconf 89' lang='grc' dir='ltr'><strong><em>έπε-</em></strong></span> 
     </span>
    </p>

    <p class='ocr_par' dir='ltr' id='par_1_4' title="bbox 54 1212 1079 1398">
     <span class='ocr_line' id='line_1_11' title="bbox 54 1212 709 1301; baseline -0.002 -20"><span class='ocrx_word' id='word_1_87' title='bbox 54 1250 60 1262; x_wconf 90' lang='grc'>·</span> <span class='ocrx_word' id='word_1_88' title='bbox 163 1222 264 1301; x_wconf 82' lang='grc' dir='ltr'><strong><em>βοάτο</em></strong></span> <span class='ocrx_word' id='word_1_89' title='bbox 280 1215 336 1282; x_wconf 80' lang='grc' dir='ltr'><strong><em>καλ</em></strong></span> <span class='ocrx_word' id='word_1_90' title='bbox 348 1212 475 1293; x_wconf 79' lang='grc' dir='ltr'><strong><em>Ποινὰς</em></strong></span> <span class='ocrx_word' id='word_1_91' title='bbox 489 1217 545 1282; x_wconf 81' lang='grc' dir='ltr'><strong><em>καί</em></strong></span> <span class='ocrx_word' id='word_1_92' title='bbox 557 1212 709 1298; x_wconf 81' lang='grc' dir='ltr'><strong><em>Ἐρινύας</em></strong></span> 
     </span>
     <span class='ocr_line' id='line_1_12' title="bbox 247 1309 1079 1398; baseline -0.002 -19"><span class='ocrx_word' id='word_1_93' title='bbox 247 1315 302 1380; x_wconf 81' lang='grc' dir='ltr'><strong><em>καί</em></strong></span> <span class='ocrx_word' id='word_1_94' title='bbox 317 1321 436 1398; x_wconf 83' lang='grc' dir='ltr'><strong><em>νυχίαν</em></strong></span> <span class='ocrx_word' id='word_1_95' title='bbox 445 1309 586 1397; x_wconf 77' lang='grc' dir='ltr'><strong><em>Ἑκάτην</em></strong></span> <span class='ocrx_word' id='word_1_96' title='bbox 601 1315 656 1381; x_wconf 81' lang='grc' dir='ltr'><strong><em>καὶ</em></strong></span> <span class='ocrx_word' id='word_1_97' title='bbox 672 1310 812 1398; x_wconf 76' lang='grc' dir='ltr'><strong><em>ἐπαινὴν</em></strong></span> <span class='ocrx_word' id='word_1_98' title='bbox 827 1312 1079 1397; x_wconf 81' lang='grc' dir='ltr'><strong><em>Περσεφόνειαν</em></strong></span> 
     </span>
    </p>

    <p class='ocr_par' dir='ltr' id='par_1_5' title="bbox 94 1408 1163 1886">
     <span class='ocr_line' id='line_1_13' title="bbox 94 1408 1162 1498; baseline -0.005 -18"><span class='ocrx_word' id='word_1_99' title='bbox 94 1428 146 1483; x_wconf 74' lang='lat'><strong><em>470</em></strong></span> <span class='ocrx_word' id='word_1_100' title='bbox 163 1409 374 1496; x_wconf 76' lang='grc' dir='ltr'><strong><em>παραμιγνὺς</em></strong></span> <span class='ocrx_word' id='word_1_101' title='bbox 389 1409 457 1496; x_wconf 77' lang='grc' dir='ltr'><strong><em>ἅμα</em></strong></span> <span class='ocrx_word' id='word_1_102' title='bbox 470 1414 527 1479; x_wconf 81' lang='grc' dir='ltr'><strong><em>καλ</em></strong></span> <span class='ocrx_word' id='word_1_103' title='bbox 537 1412 724 1498; x_wconf 90' lang='grc' dir='ltr'><strong><em>βαρβαρικά</em></strong></span> <span class='ocrx_word' id='word_1_104' title='bbox 735 1437 810 1477; x_wconf 90' lang='grc' dir='ltr'><strong><em>τινα</em></strong></span> <span class='ocrx_word' id='word_1_105' title='bbox 823 1411 878 1478; x_wconf 80' lang='grc' dir='ltr'><strong><em>καὶ</em></strong></span> <span class='ocrx_word' id='word_1_106' title='bbox 892 1409 1002 1496; x_wconf 85' lang='grc' dir='ltr'><strong><em>ἀσημα</em></strong></span> <span class='ocrx_word' id='word_1_107' title='bbox 1017 1408 1162 1495; x_wconf 85' lang='grc' dir='ltr'><strong><em>ὀνόματα</em></strong></span> 
     </span>
     <span class='ocr_line' id='line_1_14' title="bbox 164 1501 1162 1594; baseline -0.002 -18"><span class='ocrx_word' id='word_1_108' title='bbox 164 1512 219 1576; x_wconf 83' lang='grc' dir='ltr'><strong><em>καὶ</em></strong></span> <span class='ocrx_word' id='word_1_109' title='bbox 245 1508 492 1594; x_wconf 89' lang='grc' dir='ltr'><strong><em>πολυσύλλαβα.</em></strong></span> <span class='ocrx_word' id='word_1_110' title='bbox 526 1514 576 1576; x_wconf 87' lang='lat'><strong><em>10.</em></strong></span> <span class='ocrx_word' id='word_1_111' title='bbox 600 1506 705 1585; x_wconf 84' lang='grc' dir='ltr'><strong><em>εύθὺς</em></strong></span> <span class='ocrx_word' id='word_1_112' title='bbox 724 1501 788 1575; x_wconf 89' lang='grc' dir='ltr'><strong><em>ούν</em></strong></span> <span class='ocrx_word' id='word_1_113' title='bbox 809 1507 940 1577; x_wconf 80' lang='grc' dir='ltr'><strong><em>ἅπαντα</em></strong></span> <span class='ocrx_word' id='word_1_114' title='bbox 960 1511 1068 1577; x_wconf 85' lang='grc' dir='ltr'><strong><em>ἐκεῖνα</em></strong></span> <span class='ocrx_word' id='word_1_115' title='bbox 1085 1510 1162 1575; x_wconf 86' lang='grc' dir='ltr'><strong><em>ἐσα-</em></strong></span> 
     </span>
     <span class='ocr_line' id='line_1_15' title="bbox 162 1601 1162 1697; baseline -0.002 -22"><span class='ocrx_word' id='word_1_116' title='bbox 162 1608 278 1676; x_wconf 91' lang='grc' dir='ltr'><strong><em>λεύετο</em></strong></span> <span class='ocrx_word' id='word_1_117' title='bbox 292 1608 347 1673; x_wconf 80' lang='grc' dir='ltr'><strong><em>καὶ</em></strong></span> <span class='ocrx_word' id='word_1_118' title='bbox 360 1603 426 1674; x_wconf 85' lang='grc' dir='ltr'><strong><em>ὑπὸ</em></strong></span> <span class='ocrx_word' id='word_1_119' title='bbox 441 1615 499 1693; x_wconf 84' lang='grc' dir='ltr'><strong><em>τῆς</em></strong></span> <span class='ocrx_word' id='word_1_120' title='bbox 513 1610 640 1697; x_wconf 86' lang='grc' dir='ltr'><strong><em>έπφδής</em></strong></span> <span class='ocrx_word' id='word_1_121' title='bbox 654 1605 822 1691; x_wconf 82' lang='grc' dir='ltr'><strong><em>τοῦδαφος</em></strong></span> <span class='ocrx_word' id='word_1_122' title='bbox 832 1603 1059 1692; x_wconf 80' lang='grc' dir='ltr'><strong><em>ἀνερρήγνυτο</em></strong></span> <span class='ocrx_word' id='word_1_123' title='bbox 1073 1601 1162 1691; x_wconf 76' lang='grc' dir='ltr'><strong><em>καλή</em></strong></span> 
     </span>
     <span class='ocr_line' id='line_1_16' title="bbox 163 1700 1163 1791; baseline 0.001 -21"><span class='ocrx_word' id='word_1_124' title='bbox 163 1701 270 1786; x_wconf 82' lang='grc' dir='ltr'><strong><em>ὑλακή</em></strong></span> <span class='ocrx_word' id='word_1_125' title='bbox 287 1710 347 1770; x_wconf 84' lang='grc' dir='ltr'><strong><em>τοῦ</em></strong></span> <span class='ocrx_word' id='word_1_126' title='bbox 358 1707 530 1791; x_wconf 80' lang='grc' dir='ltr'><strong><em>Κερβέρου</em></strong></span> <span class='ocrx_word' id='word_1_127' title='bbox 543 1707 598 1771; x_wconf 80' lang='grc' dir='ltr'><strong><em>καλ</em></strong></span> <span class='ocrx_word' id='word_1_128' title='bbox 612 1704 793 1789; x_wconf 84' lang='grc' dir='ltr'><strong><em>πόρρωθεν</em></strong></span> <span class='ocrx_word' id='word_1_129' title='bbox 809 1704 948 1789; x_wconf 84' lang='grc' dir='ltr'><strong><em>ήκούετο</em></strong></span> <span class='ocrx_word' id='word_1_130' title='bbox 963 1706 1018 1771; x_wconf 81' lang='grc' dir='ltr'><strong><em>καί</em></strong></span> <span class='ocrx_word' id='word_1_131' title='bbox 1028 1700 1065 1770; x_wconf 85' lang='grc' dir='ltr'><strong><em>τό</em></strong></span> <span class='ocrx_word' id='word_1_132' title='bbox 1076 1709 1163 1789; x_wconf 83' lang='grc' dir='ltr'><strong><em>πρᾶ-</em></strong></span> 
     </span>
     <span class='ocr_line' id='line_1_17' title="bbox 164 1793 831 1886; baseline 0.001 -20"><span class='ocrx_word' id='word_1_133' title='bbox 164 1826 231 1885; x_wconf 90' lang='grc' dir='ltr'><strong><em>γμα</em></strong></span> <span class='ocrx_word' id='word_1_134' title='bbox 247 1798 477 1886; x_wconf 78' lang='grc' dir='ltr'><strong><em>ὑπερκατηφὲς</em></strong></span> <span class='ocrx_word' id='word_1_135' title='bbox 490 1793 534 1884; x_wconf 87' lang='grc' dir='ltr'><strong><em>ήν</em></strong></span> <span class='ocrx_word' id='word_1_136' title='bbox 548 1803 604 1867; x_wconf 82' lang='grc' dir='ltr'><strong><em>καὶ</em></strong></span> <span class='ocrx_word' id='word_1_137' title='bbox 616 1802 831 1883; x_wconf 86' lang='grc' dir='ltr'><strong><em>σκυθρωπόν.</em></strong></span> 
     </span>
    </p>

    <p class='ocr_par' dir='ltr' id='par_1_6' title="bbox 244 1895 1076 1984">
     <span class='ocr_line' id='line_1_18' title="bbox 244 1895 1076 1984; baseline 0.001 -19"><span class='ocrx_word' id='word_1_138' title='bbox 244 1902 392 1965; x_wconf 76' lang='grc' dir='ltr'><strong><em>ἔδδεισεν</em></strong></span> <span class='ocrx_word' id='word_1_139' title='bbox 407 1895 439 1965; x_wconf 91' lang='grc' dir='ltr'><strong><em>δ’</em></strong></span> <span class='ocrx_word' id='word_1_140' title='bbox 452 1895 641 1982; x_wconf 85' lang='grc' dir='ltr'><strong><em>ὑπένερθεν</em></strong></span> <span class='ocrx_word' id='word_1_141' title='bbox 658 1896 739 1978; x_wconf 84' lang='grc' dir='ltr'><strong><em>ἀναξ</em></strong></span> <span class='ocrx_word' id='word_1_142' title='bbox 757 1900 881 1984; x_wconf 81' lang='grc' dir='ltr'><strong><em>ἐνέρων</em></strong></span> <span class='ocrx_word' id='word_1_143' title='bbox 894 1896 1076 1976; x_wconf 73' lang='grc' dir='ltr'><strong><em>Ἀιδωνεύς.</em></strong></span> 
     </span>
    </p>

    <p class='ocr_par' dir='ltr' id='par_1_7' title="bbox 162 1994 1165 2963">
     <span class='ocr_line' id='line_1_19' title="bbox 163 1994 1162 2084; baseline -0.002 -21"><span class='ocrx_word' id='word_1_144' title='bbox 163 2002 378 2080; x_wconf 86' lang='grc' dir='ltr'><strong><em>κατεφαίνετο</em></strong></span> <span class='ocrx_word' id='word_1_145' title='bbox 392 1994 456 2080; x_wconf 88' lang='grc' dir='ltr'><strong><em>γάρ</em></strong></span> <span class='ocrx_word' id='word_1_146' title='bbox 470 1995 533 2082; x_wconf 85' lang='grc' dir='ltr'><strong><em>ήδη</em></strong></span> <span class='ocrx_word' id='word_1_147' title='bbox 548 1995 587 2064; x_wconf 86' lang='grc' dir='ltr'><strong><em>τά</em></strong></span> <span class='ocrx_word' id='word_1_148' title='bbox 604 2005 755 2084; x_wconf 85' lang='grc' dir='ltr'><strong><em>πλεῖστα,</em></strong></span> <span class='ocrx_word' id='word_1_149' title='bbox 775 1994 866 2083; x_wconf 80' lang='grc' dir='ltr'><strong><em>καλή</em></strong></span> <span class='ocrx_word' id='word_1_150' title='bbox 881 2003 979 2083; x_wconf 85' lang='grc' dir='ltr'><strong><em>λίμνη</em></strong></span> <span class='ocrx_word' id='word_1_151' title='bbox 993 1997 1048 2066; x_wconf 86' lang='grc' dir='ltr'><strong><em>καὶ</em></strong></span> <span class='ocrx_word' id='word_1_152' title='bbox 1059 1994 1077 2063; x_wconf 93' lang='lat'>6</span> <span class='ocrx_word' id='word_1_153' title='bbox 1089 2003 1162 2062; x_wconf 90' lang='grc' dir='ltr'><strong><em>Πυ-</em></strong></span> 
     </span>
     <span class='ocr_line' id='line_1_20' title="bbox 163 2090 1161 2180; baseline -0.005 -19"><span class='ocrx_word' id='word_1_154' title='bbox 163 2095 375 2179; x_wconf 84' lang='grc' dir='ltr'><strong><em>ριφλεγέθων</em></strong></span> <span class='ocrx_word' id='word_1_155' title='bbox 390 2095 518 2161; x_wconf 80' lang='grc' dir='ltr'><strong><em>καὶτοῦ</em></strong></span> <span class='ocrx_word' id='word_1_156' title='bbox 528 2094 729 2172; x_wconf 78' lang='grc' dir='ltr'><strong><em>Πλούτωνος</em></strong></span> <span class='ocrx_word' id='word_1_157' title='bbox 743 2091 783 2160; x_wconf 87' lang='grc' dir='ltr'><strong><em>τά</em></strong></span> <span class='ocrx_word' id='word_1_158' title='bbox 798 2099 956 2180; x_wconf 86' lang='grc' dir='ltr'><strong><em>βασίλεια.</em></strong></span> <span class='ocrx_word' id='word_1_159' title='bbox 978 2090 1161 2160; x_wconf 86' lang='grc' dir='ltr'><strong><em>κατελθόν-</em></strong></span> 
     </span>
     <span class='ocr_line' id='line_1_21' title="bbox 162 2188 1162 2278; baseline -0.003 -21"><span class='ocrx_word' id='word_1_160' title='bbox 162 2218 215 2269; x_wconf 88' lang='grc' dir='ltr'><strong><em>τες</em></strong></span> <span class='ocrx_word' id='word_1_161' title='bbox 231 2189 264 2257; x_wconf 89' lang='grc' dir='ltr'><strong><em>δ’</em></strong></span> <span class='ocrx_word' id='word_1_162' title='bbox 280 2189 369 2275; x_wconf 85' lang='grc' dir='ltr'><strong><em>ὅμως</em></strong></span> <span class='ocrx_word' id='word_1_163' title='bbox 384 2189 439 2259; x_wconf 84' lang='grc' dir='ltr'><strong><em>διά</em></strong></span> <span class='ocrx_word' id='word_1_164' title='bbox 452 2200 514 2259; x_wconf 84' lang='grc' dir='ltr'><strong><em>τοῦ</em></strong></span> <span class='ocrx_word' id='word_1_165' title='bbox 530 2192 694 2278; x_wconf 81' lang='grc' dir='ltr'><strong><em>χάσματος</em></strong></span> <span class='ocrx_word' id='word_1_166' title='bbox 705 2189 767 2260; x_wconf 86' lang='grc' dir='ltr'><strong><em>τόν</em></strong></span> <span class='ocrx_word' id='word_1_167' title='bbox 782 2191 844 2278; x_wconf 61' lang='grc' dir='ltr'><strong><em>μὲν</em></strong></span> <span class='ocrx_word' id='word_1_168' title='bbox 854 2189 1089 2276; x_wconf 85' lang='grc' dir='ltr'><strong><em>Ῥαδάμανθυν</em></strong></span> <span class='ocrx_word' id='word_1_169' title='bbox 1103 2188 1162 2255; x_wconf 84' lang='grc' dir='ltr'><strong><em>εύ-</em></strong></span> 
     </span>
     <span class='ocr_line' id='line_1_22' title="bbox 164 2287 1163 2377; baseline -0.001 -20"><span class='ocrx_word' id='word_1_170' title='bbox 164 2316 267 2376; x_wconf 89' lang='grc' dir='ltr'><strong><em>ρομεν</em></strong></span> <span class='ocrx_word' id='word_1_171' title='bbox 280 2296 449 2358; x_wconf 77' lang='grc' dir='ltr'><strong><em>τεθνεῶτα</em></strong></span> <span class='ocrx_word' id='word_1_172' title='bbox 464 2297 586 2377; x_wconf 81' lang='grc' dir='ltr'><strong><em>μικροῦ</em></strong></span> <span class='ocrx_word' id='word_1_173' title='bbox 606 2297 678 2359; x_wconf 90' lang='grc' dir='ltr'><strong><em>δεῖν</em></strong></span> <span class='ocrx_word' id='word_1_174' title='bbox 691 2289 758 2360; x_wconf 82' lang='grc' dir='ltr'><strong><em>ὑπὸ</em></strong></span> <span class='ocrx_word' id='word_1_175' title='bbox 772 2297 833 2359; x_wconf 85' lang='grc' dir='ltr'><strong><em>τού</em></strong></span> <span class='ocrx_word' id='word_1_176' title='bbox 850 2293 959 2368; x_wconf 87' lang='grc' dir='ltr'><strong><em>δέους·</em></strong></span> <span class='ocrx_word' id='word_1_177' title='bbox 989 2287 1008 2357; x_wconf 91' lang='lat'>6</span> <span class='ocrx_word' id='word_1_178' title='bbox 1024 2289 1061 2357; x_wconf 71' lang='grc' dir='ltr'><strong><em>δὲ</em></strong></span> <span class='ocrx_word' id='word_1_179' title='bbox 1074 2290 1163 2374; x_wconf 87' lang='grc' dir='ltr'><strong><em>Κέρ-</em></strong></span> 
     </span>
     <span class='ocr_line' id='line_1_23' title="bbox 163 2385 1163 2477; baseline -0.004 -21"><span class='ocrx_word' id='word_1_180' title='bbox 163 2397 260 2477; x_wconf 90' lang='grc' dir='ltr'><strong><em>βερος</em></strong></span> <span class='ocrx_word' id='word_1_181' title='bbox 285 2385 449 2474; x_wconf 83' lang='grc' dir='ltr'><strong><em>ὑλάκτησε</em></strong></span> <span class='ocrx_word' id='word_1_182' title='bbox 473 2392 535 2475; x_wconf 91' lang='grc' dir='ltr'><strong><em>μέν</em></strong></span> <span class='ocrx_word' id='word_1_183' title='bbox 558 2416 590 2457; x_wconf 94' lang='grc' dir='ltr'><strong><em>τι</em></strong></span> <span class='ocrx_word' id='word_1_184' title='bbox 615 2393 670 2458; x_wconf 80' lang='grc' dir='ltr'><strong><em>καὶ</em></strong></span> <span class='ocrx_word' id='word_1_185' title='bbox 694 2396 910 2475; x_wconf 84' lang='grc' dir='ltr'><strong><em>παρεκίνησε,</em></strong></span> <span class='ocrx_word' id='word_1_186' title='bbox 934 2385 1016 2475; x_wconf 82' lang='grc' dir='ltr'><strong><em>ταχύ</em></strong></span> <span class='ocrx_word' id='word_1_187' title='bbox 1037 2390 1076 2454; x_wconf 93' lang='grc' dir='ltr'><strong><em>δέ</em></strong></span> <span class='ocrx_word' id='word_1_188' title='bbox 1097 2411 1163 2472; x_wconf 89' lang='grc' dir='ltr'><strong><em>μου</em></strong></span> 
     </span>
     <span class='ocr_line' id='line_1_24' title="bbox 163 2483 1165 2574; baseline -0.003 -21"><span class='ocrx_word' id='word_1_189' title='bbox 163 2487 367 2570; x_wconf 88' lang='grc' dir='ltr'><strong><em>κρούσαντος</em></strong></span> <span class='ocrx_word' id='word_1_190' title='bbox 381 2483 442 2572; x_wconf 87' lang='grc' dir='ltr'><strong><em>τήν</em></strong></span> <span class='ocrx_word' id='word_1_191' title='bbox 452 2487 561 2573; x_wconf 88' lang='grc' dir='ltr'><strong><em>λύραν</em></strong></span> <span class='ocrx_word' id='word_1_192' title='bbox 575 2495 772 2574; x_wconf 79' lang='grc' dir='ltr'><strong><em>παραχρῆμα</em></strong></span> <span class='ocrx_word' id='word_1_193' title='bbox 784 2487 930 2573; x_wconf 79' lang='grc' dir='ltr'><strong><em>ἐκηλήθη</em></strong></span> <span class='ocrx_word' id='word_1_194' title='bbox 945 2483 1012 2553; x_wconf 83' lang='grc' dir='ltr'><strong><em>ὑπὸ</em></strong></span> <span class='ocrx_word' id='word_1_195' title='bbox 1026 2491 1088 2552; x_wconf 84' lang='grc' dir='ltr'><strong><em>τοῦ</em></strong></span> <span class='ocrx_word' id='word_1_196' title='bbox 1103 2486 1165 2570; x_wconf 89' lang='grc' dir='ltr'><strong><em>μέ-</em></strong></span> 
     </span>
     <span class='ocr_line' id='line_1_25' title="bbox 163 2580 1164 2670; baseline 0 -22"><span class='ocrx_word' id='word_1_197' title='bbox 163 2588 251 2660; x_wconf 88' lang='grc' dir='ltr'><strong><em>λους.</em></strong></span> <span class='ocrx_word' id='word_1_198' title='bbox 282 2584 351 2648; x_wconf 78' lang='grc' dir='ltr'><strong><em>ἐπεὶ</em></strong></span> <span class='ocrx_word' id='word_1_199' title='bbox 370 2585 408 2650; x_wconf 74' lang='grc' dir='ltr'><strong><em>δὲ</em></strong></span> <span class='ocrx_word' id='word_1_200' title='bbox 421 2580 506 2666; x_wconf 82' lang='grc' dir='ltr'><strong><em>πρὸς</em></strong></span> <span class='ocrx_word' id='word_1_201' title='bbox 519 2581 581 2668; x_wconf 85' lang='grc' dir='ltr'><strong><em>τήν</em></strong></span> <span class='ocrx_word' id='word_1_202' title='bbox 595 2590 717 2670; x_wconf 86' lang='grc' dir='ltr'><strong><em>λίμνην</em></strong></span> <span class='ocrx_word' id='word_1_203' title='bbox 731 2583 940 2670; x_wconf 88' lang='grc' dir='ltr'><strong><em>ἀφικόμεθα,</em></strong></span> <span class='ocrx_word' id='word_1_204' title='bbox 965 2588 1087 2669; x_wconf 84' lang='grc' dir='ltr'><strong><em>μικροῦ</em></strong></span> <span class='ocrx_word' id='word_1_205' title='bbox 1101 2580 1164 2666; x_wconf 66' lang='grc' dir='ltr'><strong><em>μέν</em></strong></span> 
     </span>
     <span class='ocr_line' id='line_1_26' title="bbox 163 2674 1164 2768; baseline -0.001 -23"><span class='ocrx_word' id='word_1_206' title='bbox 163 2676 238 2745; x_wconf 82' lang='grc' dir='ltr'><strong><em>οὐδ’</em></strong></span> <span class='ocrx_word' id='word_1_207' title='bbox 261 2680 528 2766; x_wconf 85' lang='grc' dir='ltr'><strong><em>έπεραιάθημεν·</em></strong></span> <span class='ocrx_word' id='word_1_208' title='bbox 555 2674 600 2767; x_wconf 78' lang='grc' dir='ltr'><strong><em>ἦν</em></strong></span> <span class='ocrx_word' id='word_1_209' title='bbox 616 2680 681 2766; x_wconf 84' lang='grc' dir='ltr'><strong><em>γάρ</em></strong></span> <span class='ocrx_word' id='word_1_210' title='bbox 698 2690 820 2768; x_wconf 78' lang='grc' dir='ltr'><strong><em>πλῆρες</em></strong></span> <span class='ocrx_word' id='word_1_211' title='bbox 837 2681 902 2768; x_wconf 86' lang='grc' dir='ltr'><strong><em>ήδη</em></strong></span> <span class='ocrx_word' id='word_1_212' title='bbox 917 2679 954 2749; x_wconf 85' lang='grc' dir='ltr'><strong><em>τό</em></strong></span> <span class='ocrx_word' id='word_1_213' title='bbox 975 2689 1164 2767; x_wconf 77' lang='grc' dir='ltr'><strong><em>πορθμεῖον</em></strong></span> 
     </span>
     <span class='ocr_line' id='line_1_27' title="bbox 163 2775 1163 2866; baseline 0 -23"><span class='ocrx_word' id='word_1_214' title='bbox 163 2777 218 2843; x_wconf 85' lang='grc' dir='ltr'><strong><em>καὶ</em></strong></span> <span class='ocrx_word' id='word_1_215' title='bbox 232 2781 375 2862; x_wconf 88' lang='grc' dir='ltr'><strong><em>οίμωγής</em></strong></span> <span class='ocrx_word' id='word_1_216' title='bbox 389 2775 582 2866; x_wconf 88' lang='grc' dir='ltr'><strong><em>ἀνάπλεων,</em></strong></span> <span class='ocrx_word' id='word_1_217' title='bbox 598 2786 794 2866; x_wconf 88' lang='grc' dir='ltr'><strong><em>τραυματίαι</em></strong></span> <span class='ocrx_word' id='word_1_218' title='bbox 809 2781 846 2849; x_wconf 78' lang='grc' dir='ltr'><strong><em>δὲ</em></strong></span> <span class='ocrx_word' id='word_1_219' title='bbox 860 2780 982 2858; x_wconf 87' lang='grc' dir='ltr'><strong><em>πάντες</em></strong></span> <span class='ocrx_word' id='word_1_220' title='bbox 992 2781 1163 2860; x_wconf 85' lang='grc' dir='ltr'><strong><em>ἐπέπλεον,</em></strong></span> 
     </span>
     <span class='ocr_line' id='line_1_28' title="bbox 164 2869 1165 2963; baseline -0.001 -22"><span class='ocrx_word' id='word_1_221' title='bbox 164 2869 183 2941; x_wconf 92' lang='lat'>6</span> <span class='ocrx_word' id='word_1_222' title='bbox 199 2873 260 2957; x_wconf 75' lang='grc' dir='ltr'><strong><em>μὲν</em></strong></span> <span class='ocrx_word' id='word_1_223' title='bbox 274 2870 311 2940; x_wconf 86' lang='grc' dir='ltr'><strong><em>τό</em></strong></span> <span class='ocrx_word' id='word_1_224' title='bbox 326 2876 459 2960; x_wconf 86' lang='grc' dir='ltr'><strong><em>σκέλος,</em></strong></span> <span class='ocrx_word' id='word_1_225' title='bbox 477 2873 494 2943; x_wconf 91' lang='lat'>6</span> <span class='ocrx_word' id='word_1_226' title='bbox 511 2878 548 2944; x_wconf 72' lang='grc' dir='ltr'><strong><em>δὲ</em></strong></span> <span class='ocrx_word' id='word_1_227' title='bbox 561 2874 623 2961; x_wconf 86' lang='grc' dir='ltr'><strong><em>τήν</em></strong></span> <span class='ocrx_word' id='word_1_228' title='bbox 638 2877 803 2963; x_wconf 88' lang='grc' dir='ltr'><strong><em>κεφαλήν,</em></strong></span> <span class='ocrx_word' id='word_1_229' title='bbox 820 2874 839 2945; x_wconf 90' lang='lat'>6</span> <span class='ocrx_word' id='word_1_230' title='bbox 855 2877 891 2945; x_wconf 73' lang='grc' dir='ltr'><strong><em>δέ</em></strong></span> <span class='ocrx_word' id='word_1_231' title='bbox 905 2877 985 2946; x_wconf 85' lang='grc' dir='ltr'><strong><em>ἀλλο</em></strong></span> <span class='ocrx_word' id='word_1_232' title='bbox 1000 2903 1031 2944; x_wconf 91' lang='grc' dir='ltr'><strong><em>τι</em></strong></span> <span class='ocrx_word' id='word_1_233' title='bbox 1045 2897 1165 2943; x_wconf 86' lang='grc' dir='ltr'><strong><em>συντε-</em></strong></span> 
     </span>
    </p>

    <p class='ocr_par' dir='ltr' id='par_1_8' title="bbox 94 2972 1166 3160">
     <span class='ocr_line' id='line_1_29' title="bbox 94 2972 1166 3062; baseline -0.001 -21"><span class='ocrx_word' id='word_1_234' title='bbox 94 2986 144 3043; x_wconf 73' lang='lat' dir='ltr'><strong>m</strong></span> <span class='ocrx_word' id='word_1_235' title='bbox 164 2974 349 3056; x_wconf 89' lang='grc' dir='ltr'><strong><em>τριμμένος,</em></strong></span> <span class='ocrx_word' id='word_1_236' title='bbox 361 2973 566 3059; x_wconf 75' lang='grc' dir='ltr'><strong><em>ἐμοὶδοκεῖν,</em></strong></span> <span class='ocrx_word' id='word_1_237' title='bbox 578 2980 615 3042; x_wconf 82' lang='grc' dir='ltr'><strong><em>ἔκ</em></strong></span> <span class='ocrx_word' id='word_1_238' title='bbox 625 3001 715 3053; x_wconf 90' lang='grc' dir='ltr'><strong><em>τινος</em></strong></span> <span class='ocrx_word' id='word_1_239' title='bbox 725 2980 872 3061; x_wconf 89' lang='grc' dir='ltr'><strong><em>πολέμου</em></strong></span> <span class='ocrx_word' id='word_1_240' title='bbox 883 2975 1053 3062; x_wconf 88' lang='grc' dir='ltr'><strong><em>παρόντες.</em></strong></span> <span class='ocrx_word' id='word_1_241' title='bbox 1075 2972 1166 3059; x_wconf 82' lang='grc' dir='ltr'><strong><em>ὅμως</em></strong></span> 
     </span>
     <span class='ocr_line' id='line_1_30' title="bbox 163 3060 1165 3160; baseline 0.004 -27"><span class='ocrx_word' id='word_1_242' title='bbox 163 3064 197 3134; x_wconf 89' lang='grc' dir='ltr'><strong><em>δ’</em></strong></span> <span class='ocrx_word' id='word_1_243' title='bbox 216 3060 280 3134; x_wconf 82' lang='grc' dir='ltr'><strong><em>οὖν</em></strong></span> <span class='ocrx_word' id='word_1_244' title='bbox 294 3065 312 3133; x_wconf 90' lang='lat'>6</span> <span class='ocrx_word' id='word_1_245' title='bbox 328 3073 494 3155; x_wconf 86' lang='grc' dir='ltr'><strong><em>βέλτιστος</em></strong></span> <span class='ocrx_word' id='word_1_246' title='bbox 507 3072 632 3155; x_wconf 84' lang='grc' dir='ltr'><strong><em>Χάρων</em></strong></span> <span class='ocrx_word' id='word_1_247' title='bbox 646 3070 691 3151; x_wconf 77' lang='grc' dir='ltr'><strong><em>ὡς</em></strong></span> <span class='ocrx_word' id='word_1_248' title='bbox 705 3070 770 3140; x_wconf 75' lang='grc' dir='ltr'><strong><em>εἶδε</em></strong></span> <span class='ocrx_word' id='word_1_249' title='bbox 783 3071 846 3160; x_wconf 87' lang='grc' dir='ltr'><strong><em>τήν</em></strong></span> <span class='ocrx_word' id='word_1_250' title='bbox 859 3080 1015 3160; x_wconf 78' lang='grc' dir='ltr'><strong><em>λεοντῆν,</em></strong></span> <span class='ocrx_word' id='word_1_251' title='bbox 1038 3075 1165 3157; x_wconf 84' lang='grc' dir='ltr'><strong><em>οληθείς</em></strong></span> 
     </span>
    </p>
   </div>
   <div class='ocr_carea' id='block_1_3' title="bbox 163 3162 1167 3457">
    <p class='ocr_par' dir='ltr' id='par_1_9' title="bbox 163 3162 1167 3457">
     <span class='ocr_line' id='line_1_31' title="bbox 163 3162 1167 3258; baseline 0.003 -28"><span class='ocrx_word' id='word_1_252' title='bbox 163 3189 204 3250; x_wconf 90' lang='grc' dir='ltr'><strong><em>με</em></strong></span> <span class='ocrx_word' id='word_1_253' title='bbox 218 3164 278 3232; x_wconf 85' lang='grc' dir='ltr'><strong><em>τόν</em></strong></span> <span class='ocrx_word' id='word_1_254' title='bbox 292 3162 454 3250; x_wconf 87' lang='grc' dir='ltr'><strong><em>Ἡρακλέα</em></strong></span> <span class='ocrx_word' id='word_1_255' title='bbox 474 3167 575 3252; x_wconf 69' lang='grc' dir='ltr'><strong><em>εἶναι,</em></strong></span> <span class='ocrx_word' id='word_1_256' title='bbox 597 3171 767 3250; x_wconf 84' lang='grc' dir='ltr'><strong><em>έσεδέξατό</em></strong></span> <span class='ocrx_word' id='word_1_257' title='bbox 787 3197 828 3257; x_wconf 83' lang='grc' dir='ltr'><strong><em>με</em></strong></span> <span class='ocrx_word' id='word_1_258' title='bbox 845 3175 898 3239; x_wconf 81' lang='grc' dir='ltr'><strong><em>καὶ</em></strong></span> <span class='ocrx_word' id='word_1_259' title='bbox 920 3171 1167 3258; x_wconf 85' lang='grc' dir='ltr'><strong><em>διεπόρθμευσέ</em></strong></span> 
     </span>
     <span class='ocr_line' id='line_1_32' title="bbox 163 3262 1166 3355; baseline 0.003 -26"><span class='ocrx_word' id='word_1_260' title='bbox 163 3288 198 3329; x_wconf 89' lang='grc' dir='ltr'><strong><em>τε</em></strong></span> <span class='ocrx_word' id='word_1_261' title='bbox 213 3262 354 3348; x_wconf 86' lang='grc' dir='ltr'><strong><em>ἀσμενος</em></strong></span> <span class='ocrx_word' id='word_1_262' title='bbox 364 3267 418 3333; x_wconf 82' lang='grc' dir='ltr'><strong><em>καὶ</em></strong></span> <span class='ocrx_word' id='word_1_263' title='bbox 429 3263 572 3353; x_wconf 77' lang='grc' dir='ltr'><strong><em>ἀποβᾶσι</em></strong></span> <span class='ocrx_word' id='word_1_264' title='bbox 584 3269 762 3354; x_wconf 88' lang='grc' dir='ltr'><strong><em>διεσήμηνε</em></strong></span> <span class='ocrx_word' id='word_1_265' title='bbox 775 3266 838 3355; x_wconf 86' lang='grc' dir='ltr'><strong><em>τήν</em></strong></span> <span class='ocrx_word' id='word_1_266' title='bbox 847 3267 1007 3355; x_wconf 88' lang='grc' dir='ltr'><strong><em>ἀτραπόν.</em></strong></span> <span class='ocrx_word' id='word_1_267' title='bbox 1031 3273 1082 3337; x_wconf 94' lang='lat' dir='ltr'><strong><em>ll.</em></strong></span> <span class='ocrx_word' id='word_1_268' title='bbox 1093 3268 1166 3335; x_wconf 83' lang='grc' dir='ltr'><strong><em>ἐπεὶ</em></strong></span> 
     </span>
     <span class='ocr_line' id='line_1_33' title="bbox 164 3355 1165 3457; baseline 0.006 -28"><span class='ocrx_word' id='word_1_269' title='bbox 164 3366 200 3430; x_wconf 77' lang='grc' dir='ltr'><strong><em>δὲ</em></strong></span> <span class='ocrx_word' id='word_1_270' title='bbox 219 3355 303 3449; x_wconf 85' lang='grc' dir='ltr'><strong><em>ήμεν</em></strong></span> <span class='ocrx_word' id='word_1_271' title='bbox 324 3367 361 3431; x_wconf 90' lang='grc' dir='ltr'><strong><em>ἐν</em></strong></span> <span class='ocrx_word' id='word_1_272' title='bbox 381 3371 426 3457; x_wconf 75' lang='grc' dir='ltr'><strong><em>τῷ</em></strong></span> <span class='ocrx_word' id='word_1_273' title='bbox 447 3366 569 3455; x_wconf 77' lang='grc' dir='ltr'><strong><em>σκότῳ,</em></strong></span> <span class='ocrx_word' id='word_1_274' title='bbox 596 3369 715 3455; x_wconf 86' lang='grc' dir='ltr'><strong><em>προήει</em></strong></span> <span class='ocrx_word' id='word_1_275' title='bbox 740 3369 802 3453; x_wconf 67' lang='grc' dir='ltr'><strong><em>μὲν</em></strong></span> <span class='ocrx_word' id='word_1_276' title='bbox 824 3367 842 3436; x_wconf 94' lang='lat'>6</span> <span class='ocrx_word' id='word_1_277' title='bbox 867 3368 1165 3456; x_wconf 72' lang='grc' dir='ltr'><strong><em>Μιθροβαρζάνης,</em></strong></span> 
     </span>
    </p>
   </div>
   <div class='ocr_carea' id='block_1_4' title="bbox 0 0 1281 3825">
    <p class='ocr_par' dir='ltr' id='par_1_10' title="bbox 0 0 1281 3825">
     <span class='ocr_line' id='line_1_34' title="bbox 0 0 1281 3825; baseline 0 0"><span class='ocrx_word' id='word_1_278' title='bbox 0 0 1281 3825; x_wconf 95' lang='lat' dir='ltr'><strong><em> </em></strong></span> 
     </span>
    </p>
   </div>
  </div>
 </body>
</html>
