2550 3825
438 210 501 268 ΚΑ
511 210 677 270 ΤΑΠΛΟ
691 212 753 269 ΡΣ.
1035 210 1096 275 287

178 375 281 436 ΕΡΜ.
302 373 472 450 Μίκυλλε,
490 366 533 436 σὺ
551 367 582 436 δ’
600 367 702 437 οὐδὲν
716 371 879 456 οίμάζειςς
901 375 956 440 καλ
972 370 1039 458 μὴν
1055 369 1098 440 οῦ

96 469 191 552 θίμις
205 463 365 551 ἀδακρυτὶ
380 469 578 536 διαπλεῦσαί
589 494 672 535 τινα.
987 525 990 530 .

178 571 277 634 ΜΙΚ.
299 563 439 651 Ἄπαγε·
468 564 569 634 οὐδέν
583 569 674 636 ἐστιν
691 566 745 654 ἐφ’
761 566 826 658 ὅτῳ
842 569 1021 656 οἰμώξομαι
1040 566 1091 636 εῦ-

95 668 217 730 πλοῦν.

177 769 281 829 ΕΡΜ.
296 759 405 849 Ὅμως
419 757 484 829 κάν
500 762 622 846 μικρόν
637 788 668 829 τι
682 767 714 841 ἐς
731 761 768 830 τὸ
781 769 860 843 ἔθος
875 767 1094 845 ἐπιστέναξον.

178 866 277 928 ΜΙΚ.
303 859 494 946 Οίμάξομαι
505 866 637 945 τοίνυν,
654 863 784 948 ἐπειδή,
804 856 957 951 ὦἙρμῆ,
973 868 1025 932 σοὶ
1039 868 1097 931 δο-

95 973 153 1026 κεῖ.
183 968 272 1044 οἶμοι
291 965 359 1026 τῶν
378 960 610 1045 καττυμάτων·
643 970 732 1047 οίμοι
751 968 820 1029 νῦν
837 967 1009 1047 κρηπίδων
1029 970 1097 1030 νῦν

95 1064 262 1125 παλαιῶν·
285 1054 415 1124 ὀττοτοῖ
431 1064 499 1125 τῶν
519 1065 659 1141 σαθρῶν
681 1055 914 1145 ὑποδημάτων.
946 1058 1057 1126 οὐκέτι
1078 1055 1095 1125 ὁ

95 1161 307 1242 κακοδαίμων
318 1158 427 1225 ἕωθεν
439 1163 484 1234 εἰς
496 1159 638 1241 ἑσπέραν
649 1155 761 1236 άσιτος
773 1162 918 1245 διαμενῶ
925 1209 934 1239 ,
947 1154 1096 1225 οὐδὲτοῦ

95 1262 252 1343 χειμῶνος
262 1252 470 1341 άυνπόδητός
481 1280 515 1321 τε
525 1254 579 1321 καὶ
588 1251 774 1341 ἡμίγυμνος
782 1255 1010 1341 περινοστήσω
1019 1250 1097 1332 τοῦς

94 1350 233 1431 ὀδόντας
253 1349 319 1419 ὑπὸ
340 1359 400 1419 τοῦ
416 1351 542 1437 κρύους
562 1359 766 1438 συγκροτῶν.
799 1360 847 1430 τίς
870 1351 935 1438 ἄρα
951 1379 1018 1440 μου
1034 1349 1095 1439 τὴν
1113 1367 1165 1421 64³

95 1458 214 1537 σμίλην
231 1434 363 1530 ἔξεάκαὶ
378 1447 414 1517 τὸ
432 1451 664 1536 κευτητηριον;

178 1556 280 1616 ΕΡΜ.
298 1546 432 1627 Ἱκανῦς
449 1549 666 1635 τεθρήνηται·
693 1546 812 1635 σχεδὸν
828 1549 865 1618 δὲ
884 1547 947 1637 ἤδη
965 1552 1019 1617 καί
1034 1576 1095 1616 κα-

94 1647 373 1734 ταπεπλεῦααμεν.

177 1750 227 1812 21.
249 1753 345 1814 ΧΑΡ.
360 1745 439 1832 ’Ἀγε
456 1744 496 1832 δὴ
517 1743 556 1814 τδ
573 1758 740 1834 πορθμεῖα
762 1755 894 1835 πρῶτον
914 1748 993 1839 ἡμῖν
1010 1747 1095 1816 άπό-

93 1848 183 1910 δοτε·
207 1840 318 1910 καὶσὺ
334 1842 407 1923 δός·
429 1841 519 1933 παρά
531 1843 667 1912 πάντων
676 1843 740 1932 ἤδη
752 1850 822 1933 ἔχω.
847 1845 904 1927 δὸς
914 1851 968 1916 καὶ
980 1843 1023 1915 σύ
1034 1844 1094 1915 τὸν

93 1940 233 2027 ὀβολόν,
251 1936 278 2009 ὦ
295 1951 457 2012 Μίκυλλε.

176 2044 276 2108 ΜΙΚ.
297 2046 438 2125 Παίζεις,
452 2034 477 2107 ά
489 2042 621 2127 Χάρων,
634 2039 655 2128 ἢ
666 2041 746 2109 καθ’
759 2040 890 2129 ὕδατος,
902 2052 995 2130 φασί,
1010 2044 1094 2131 γρά-

93 2164 167 2222 φεις
181 2136 270 2221 παρὰ
285 2138 465 2217 Μικύλλου
482 2138 556 2206 τινά
574 2136 697 2225 ὀβολὸν
711 2144 917 2223 προσδοκῶν.
942 2139 1046 2226 ἀρχὴν
1058 2140 1094 2205 δὲ

94 2232 173 2302 οῦδὲ
191 2232 264 2301 οίδα
279 2240 309 2303 εί
322 2235 532 2321 τετράγωνόν
546 2238 635 2303 ἐστιν
650 2232 668 2301 ὁ
686 2231 804 2320 ὀβολὸς
818 2229 840 2319 ἢ
856 2236 1072 2320 στρογγύλον.

176 2340 273 2400 ΧΑΡ.
290 2328 332 2400 Ὦ
347 2339 448 2418 καλῆς
468 2338 637 2410 ναυτιλίας
653 2335 708 2399 καὶ
726 2333 920 2413 ἐπικερδοῦς
940 2331 1092 2416 τήμερον.

91 2428 288 2517 ἀποβαίνετε
306 2428 336 2497 δ’
353 2428 458 2516 ὅμως·
482 2427 546 2514 ἐγω
568 2428 604 2496 δὲ
618 2432 742 2506 ἵππους
756 2430 810 2494 καὶ
826 2433 908 2513 βοῦς
922 2429 976 2495 καί
990 2427 1095 2505 κύνας

91 2530 147 2597 καλ
156 2525 195 2595 τά
205 2524 304 2595 λοιπά
314 2533 378 2617 ζῷα
387 2530 527 2613 μέτειμι·
540 2530 734 2594 διαπλεῦσαι
742 2522 807 2611 γάρ
816 2524 880 2611 ἤδη
889 2521 1024 2592 κάκεῖνα
1035 2528 1094 2592 δεῖ.

174 2632 309 2694 ΚΛΩΘ.
323 2624 449 2711 ’Ἀπανε
462 2622 600 2709 αὐτοῦς,
617 2618 771 2711 οδἙρμη,
787 2622 1006 2711 παραλαβών·
1028 2621 1091 2709 ἐμοὶ

91 2726 127 2793 δὲ
145 2722 228 2809 αῦτη
244 2726 277 2803 ἐς
290 2720 326 2792 τὸ
339 2721 519 2811 ἀντιπέραν
530 2722 802 2810 ἀναπλευσοῦμαι
813 2722 1027 2810 Ίνδοπάτρην
1038 2726 1093 2792 καλ

85 2823 295 2910 Ἡραμίθρην
305 2819 383 2901 τοῦς
394 2830 508 2908 Σῦρας
519 2823 694 2902 διάξουσα·
711 2828 849 2890 τεθνᾶσι
859 2818 924 2907 γάρ
934 2818 998 2908 ἤδη
1009 2818 1092 2907 πρὸς

90 2919 243 3008 άλλήλων
257 2923 331 3004 περὶ
345 2928 405 3006 γῆς
420 2918 510 3007 ὅρων
523 2922 712 3007 μαχόμενοι.

174 3026 278 3086 ΕΡΜ.
300 3024 493 3105 Προΐωμεν,
518 3011 545 3085 ὦ
560 3011 668 3085 οὗτοι·
692 3024 818 3103 μᾶλλον
833 3017 868 3084 δὲ
883 3015 1004 3095 πάντες
1020 3018 1092 3102 ἑξῆς

90 3116 214 3183 ἕπεσθέ
226 3140 291 3201 μοι.
948 3100 965 3141 ‘

173 3220 223 3279 22.
243 3218 342 3282 ΜΙΚ.
362 3205 400 3280 32
418 3211 605 3298 Ἡράκλεις,
623 3220 684 3281 τοῦ
700 3212 812 3299 ζόφον.
842 3220 910 3279 ποῦ
925 3207 1093 3278 νῦνδκα-

88 3310 147 3385 λδς
159 3311 341 3396 Μίμιλλος;
355 3305 378 3398 ἦ
389 3318 436 3399 τςῦ
447 3315 572 3399 διαγνῷ
583 3336 633 3389 τις
644 3313 792 3378 ἐνταῦθα
804 3315 834 3378 εἰ
842 3316 987 3377 καλλίων
998 3309 1092 3393 Φρύ-

89 3432 149 3490 νης
162 3413 323 3493 Σιμμίχη;
344 3404 528 3494 πάνταγὰρ
543 3417 598 3475 ίσα
613 3409 667 3475 καὶ
679 3404 823 3493 ὁμόχροα
835 3409 890 3474 καὶ
901 3403 1001 3473 οὐδὲν
1012 3405 1088 3473 οῦτε
1108 3418 1158 3472 644
