2550 3825
179 203 243 266 312
536 208 820 267 AOYKIANOY

1 445 2 454 ῃ
180 365 296 447 πόρρω
321 363 510 452 Ἀφροδίτης
528 369 582 432 καὶ
601 372 755 450 Χαρίτων
777 361 832 454 ᾖς,
861 365 922 434 ούκ
948 369 985 434 ἐν
1007 369 1120 456 εἰρήνῃ
1141 363 1178 434 τό

1 531 2 536 ,
111 481 164 535 683
182 470 318 550 πρᾶγμα
332 461 411 531 οὐδὲ
431 461 448 529 ὁ
470 468 626 541 κίνδυνος
639 462 941 551 εὐκαταφρόνητος·
964 458 1031 532 εἶτα
1046 464 1109 550 μάρ
1124 467 1179 531 καὶ

181 561 350 649 ὀφθαλμοὶ
370 566 528 649 βασιλέως
548 569 680 648 πολλοί,
706 562 748 630 ού
764 563 870 649 μόνον
883 563 1010 651 τάληθῆ
1026 562 1180 649 ὁρῶντες,
1222 610 1228 620 -

181 659 252 730 ἀλλ’
269 659 322 728 ἀεί
335 687 366 727 τι
377 665 431 728 καὶ
448 669 803 748 προσεπιμετροῦντες,
818 662 862 740 ὥς
875 661 919 749 μή
934 663 1107 744 νυστάζειν
1118 668 1179 729 δο-

180 773 280 827 κοῖεν.
311 763 364 825 δεί
384 751 447 824 οὖν
464 757 574 843 ὥσπερ
597 762 633 826 ἐν
648 775 715 838 τοῖς
729 768 903 845 Περσικοῖς
927 765 1072 843 δείπνοις
1088 761 1181 827 κάτω

182 858 323 924 νεύοντα
345 867 560 925 κατακεῖσθαι
582 857 714 924 δεδιότα
737 861 782 944 μή
807 885 855 936 τις
879 855 1038 942 εύνοῦχός
1060 878 1096 925 σε
1123 862 1180 944 ίδῃ

182 955 434 1042 προσβλέψαντα
453 961 512 1044 μιᾷ
532 961 599 1021 τῶν
619 961 846 1039 παλλακίδων,
872 958 941 1023 ἐπεὶ
956 954 1055 1035 ἀλλος
1068 981 1106 1043 με
1121 953 1175 1022 εύ-

183 1059 302 1138 νοῦχος
321 1056 535 1139 ἐντεταμένον
554 1054 658 1121 πάλαι
680 1051 716 1119 τό
738 1054 835 1132 τόξον
855 1059 954 1139 ἔχων,
981 1050 1004 1120 ἀ
1024 1054 1069 1139 μὴ
1082 1056 1175 1138 θέμις

183 1147 312 1234 ὁρῶντα
324 1155 493 1232 διαπείρας
502 1158 548 1240 τῷ
560 1156 659 1239 οἰστῷ
669 1150 790 1236 μεταξύ
801 1157 953 1230 πίνοντος
963 1150 1026 1238 τὴν
1035 1151 1178 1237 γνάθου.

182 1254 233 1314 30.
257 1245 312 1313 εἶτ’
335 1245 494 1315 ἀπελθόν
515 1255 575 1315 τοῦ
600 1251 739 1314 δείπνου
763 1249 883 1333 μικρόν
903 1274 935 1314 τι
962 1251 1177 1332 κατέδαρθες·

184 1342 250 1411 ὑπὸ
263 1344 298 1411 δὲ
310 1340 401 1432 φ’δὴν
410 1342 644 1427 ἀλεκτρυόνων
653 1342 885 1431 ἀνεγρόμενος,
895 1340 938 1412 Ὦ
951 1350 1092 1423 δείλαιος
1101 1345 1178 1428 ἐγώ,

184 1442 264 1528 φής,
280 1443 334 1508 καὶ
350 1439 483 1524 ἀθλιος,
499 1445 571 1519 οἵας
580 1440 638 1519 τάς
652 1441 752 1509 πάλαι
762 1440 931 1529 διατριβάς
940 1441 1114 1510 ἀπολιπών
1124 1444 1179 1508 καί

184 1544 332 1623 ἑταίρους
346 1542 400 1606 καὶ
413 1547 488 1627 βίον
501 1538 700 1626 ἀπράγμονα
714 1541 769 1607 καὶ
779 1538 889 1607 ύπνον
902 1542 1128 1627 μετρούμενον
1139 1550 1178 1628 τῃ
1250 1537 1262 1558 ’

184 1641 345 1724 ἐπιθυμίᾳ
359 1640 413 1704 καί
429 1638 629 1721 περιπάτους
645 1640 855 1722 ἐλευθερίους
866 1645 911 1715 είς
921 1634 993 1707 οἷον
1003 1638 1179 1724 βάραθρον

114 1749 166 1804 689
186 1738 299 1818 φέρων
313 1732 455 1820 ἐμαυτόν
471 1738 644 1803 ἐνσέσεικα.
675 1742 763 1813 τίνος
777 1738 890 1820 ἕνεκα,
913 1728 1043 1820 ἀθεοί,
1062 1731 1177 1820 ἢτίςὸ

183 1829 331 1916 λαμπρός
340 1823 437 1909 οὗτος
448 1832 569 1917 μισθός
580 1837 685 1915 ἐστιν;
702 1832 743 1900 ού
753 1831 817 1920 γάρ
830 1837 884 1901 καὶ
896 1833 1002 1912 ἄλλως
1011 1860 1067 1920 μοι
1077 1841 1180 1924 πλείω

183 1928 313 1994 τούτων
327 1930 509 2011 ἐκπορίζειν
524 1928 670 1997 δυνατόν
684 1924 727 2017 ἦν
737 1935 790 1999 καὶ
805 1940 934 2019 προσῆν
946 1933 983 1999 τό
999 1932 1180 2018 ἐλεύθερον

184 2028 239 2092 καὶ
255 2023 291 2091 τό
312 2026 421 2093 πάντα
436 2026 490 2094 ἐπ’
508 2030 672 2107 ἐξουσίας;
693 2035 758 2096 νῦν
772 2030 808 2097 δὲ
822 2028 859 2097 τό
874 2038 935 2097 τού
949 2030 1069 2115 λόγου,
1095 2033 1181 2097 λέων

184 2122 289 2211 κρόκῃ
310 2127 435 2209 δεθείς,
458 2125 529 2192 ἀνω
546 2128 600 2193 καὶ
620 2127 712 2193 κάτω
733 2128 966 2213 περισύρομαι,
991 2126 1027 2195 τό
1044 2128 1181 2195 πάντων

184 2232 363 2309 οἴκτιστον,
380 2221 442 2291 ούκ
456 2222 642 2309 εὐδοκιμεῖν
656 2222 749 2303 είδεδς
763 2224 841 2311 ούδέ
853 2228 1086 2311 κεχαρισμένος
1096 2222 1179 2292 εἶναι

186 2319 386 2407 δυνάμενος·
403 2322 532 2408 ἰδιώτης
543 2323 606 2408 γάρ
616 2327 718 2408 ἔγωγε
728 2324 962 2391 τῶντοιούτων
971 2326 1024 2391 καὶ
1035 2322 1181 2407 ἀτεχνος,

185 2421 239 2487 καὶ
253 2418 393 2505 μάλιστα
408 2420 701 2505 παραβαλλόμενος
715 2418 856 2504 ἀνδράσι
866 2424 983 2506 τέχνην
997 2419 1033 2487 τό
1044 2428 1181 2505 πρᾶγμα
1209 2435 1213 2441 “

184 2520 425 2601 πεποιημένοις.
449 2514 491 2595 ὡς
507 2520 611 2585 δὲκαὶ
627 2516 802 2603 ἀχάριστός
816 2524 880 2603 είμι
893 2522 947 2585 καὶ
963 2517 1079 2603 ἥκιστα
1094 2539 1181 2603 συμ-

184 2615 334 2698 ποτικός,
350 2611 426 2680 οὐδ’
444 2613 525 2681 ὅσον
539 2620 664 2699 γέλωτα
675 2622 809 2701 ποιῆσαι
824 2614 1021 2701 δυνάμενος·
1044 2623 1182 2701 συνίημι

185 2716 221 2779 δὲ
234 2709 278 2790 ἀς
286 2715 341 2779 καί
352 2714 474 2797 ἐνοχλῶ
485 2714 643 2791 πολλάκις
654 2714 871 2799 βλεπόμενος,
883 2716 937 2781 καὶ
948 2712 1085 2799 μάλισθ’
1099 2712 1182 2781 ὅταν

183 2809 288 2896 ἡδίων
308 2806 406 2885 αὐτὸς
423 2807 526 2876 αὑτοῦ
547 2810 630 2879 εἶναι
653 2817 754 2899 θέλῃ·
786 2813 987 2898 σκυθρωπός
1005 2811 1069 2900 γάρ
1091 2812 1182 2902 αὐτῷ
1273 2847 1274 2896 g

185 2912 288 2990 δοκεῖ,
311 2907 365 2972 καὶ
382 2904 466 2984 ὅλως
481 2906 542 2975 οὐκ
565 2915 628 2994 ἔχω
643 2908 733 2987 ὅπως
752 2906 948 2994 ἁρμόσωμαι
963 2910 1047 2996 πρός
1066 2910 1179 2978 αύτόν.

114 3024 167 3079 590
185 3001 228 3090 ἢν
250 3002 311 3089 μὲν
333 3002 397 3087 χάρ
420 3007 471 3072 ἐπὶ
491 3012 553 3071 τοῦ
570 3015 697 3091 σεμνοῦ
718 3007 873 3093 φυλάττω
893 3011 1052 3094 ἐμαυτόν,
1079 3006 1183 3094 ἀηδὴς

184 3106 279 3181 ἔδοξα
293 3103 347 3168 καὶ
361 3105 540 3188 μονονουχὶ
554 3108 729 3190 φευκτέος,
744 3101 788 3190 ἢν
804 3108 839 3173 δὲ
848 3106 1007 3192 μειδιάσω
1022 3109 1076 3175 καὶ
1092 3110 1183 3191 ῥυθ·

183 3208 268 3286 μίσω
282 3199 318 3267 τό
337 3200 516 3284 πρόσωπον
535 3208 580 3280 είς
594 3199 630 3269 τό
648 3202 800 3289 ἥδιστον,
816 3206 1064 3290 κατεφρόνησεν
1075 3200 1182 3279 εύθύς

183 3299 238 3365 καὶ
253 3300 421 3383 διίπτυσε,
445 3300 499 3366 καὶ
519 3301 555 3366 τό
573 3308 706 3386 πρᾶγμα
725 3301 843 3388 ὅμοιον
862 3307 955 3369 δοκεῖ
966 3301 1076 3385 ὥσπερ
1090 3298 1133 3366 ἀν
1151 3308 1184 3366 εἰ

183 3422 232 3473 τις
252 3401 428 3483 κωμφδίαν
448 3394 662 3479 ὑποκρίναιτο
677 3400 836 3485 τραγικόν
856 3414 1065 3482 προσωπεῖον
1084 3424 1173 3475 περι·
