2550 3825
460 206 766 265 ωνωονιωοω
1054 199 1115 276 317
1148 209 1151 216 ·

114 372 201 445 νεῖν,
219 367 249 428 εἰ
258 369 318 430 καί
330 389 378 439 τις
394 361 509 440 ἄλλος·
531 359 596 447 ἐγώ
611 358 677 447 γάρ
695 358 760 429 κάν
775 359 830 453 ἐφ’
847 360 994 440 ἅπαντας
1008 368 1116 429 ἔλθω-

112 483 174 543 μεν
189 460 388 546 πειρώμενοι
398 464 452 529 καὶ
466 469 563 528 τοῦτο
576 462 794 547 ἐργασώμεθά
806 487 896 548 ποτε,
913 464 1045 532 οὐδέπω
1055 463 1116 530 οὐ·

112 553 148 621 δὲ
162 561 260 623 τοῦτο
276 560 378 642 δῆλον
393 563 530 626 ἔσεσθαι
545 564 683 643 νομίζω,
707 567 740 626 εί
750 584 799 636 τις
813 561 846 638 ἐξ
861 557 973 626 αὐτῶν
993 565 1058 644 ἔχει
1077 562 1115 625 τὸ

113 651 315 738 ζητούμενον
331 650 353 740 ἢ
369 655 490 733 πάντες
503 653 624 740 ὁμοίως
638 653 810 740 άγνοοῠσι.

195 773 299 834 ΕΡΜ.
325 773 367 834 Τί
382 767 461 852 φής;
481 765 559 836 οὐδὲ
576 768 705 834 τούτων
719 793 768 845 τις
781 766 913 845 πάντως
927 773 1010 853 ἔχεις
1132 779 1184 834 807

197 883 296 942 AYK.
310 875 463 962 Ἄδηλον.
483 877 568 965 ἤσοι
586 876 754 946 άδάνατον
769 884 863 947 δοκεῖ
872 877 1021 956 ἅπαντας
1031 883 1116 959 ψεύ-

112 979 248 1059 δεσθαι,
266 972 303 1042 τὸ
320 974 351 1041 δ’
367 975 490 1062 άληθὲς
505 976 585 1046 άλλο
600 1006 631 1046 τι
648 977 831 1063 εἶναιπρὸς
846 975 989 1065 μηδενὸς
1003 976 1116 1045 αὐτῶν

111 1097 164 1138 πω
180 1070 383 1159 εὑρημένονς

195 1192 247 1253 66.
268 1194 372 1254 ΕΡΜ.
394 1197 473 1267 Πῶς
489 1186 562 1256 οἷόν
577 1216 628 1270 τες

194 1304 294 1366 ΛΤΚ.
312 1297 445 1376 Οὕτως·
468 1304 550 1366 ἔστω
560 1297 625 1384 γάρ
637 1297 655 1366 ὀ
667 1299 729 1384 μὲν
739 1297 868 1386 ἀληθὴς
879 1296 1115 1385 άριθμδςὴμίν

112 1405 254 1482 εἴκοσιν,
278 1392 366 1482 οἷον,
389 1396 539 1484 κυάμους
552 1422 601 1474 τις
616 1405 742 1463 είκοσιν
759 1400 791 1474 ἐς
804 1395 866 1484 τὴν
882 1411 974 1482 χεῖρα
990 1395 1114 1481 λαβών,

112 1493 381 1579 ἐπικλεισάμενος
392 1493 543 1578 ἐρωτάτω
555 1495 634 1561 δέκα
646 1493 749 1580 τινάς,
764 1492 882 1561 ὁπόσοι
895 1495 978 1562 είσὶν
988 1498 1023 1560 οί
1030 1492 1115 1560 κύα-

111 1615 169 1676 μοι
185 1592 221 1657 ἐν
235 1599 274 1679 τῇ
290 1595 372 1677 χειρὶ
387 1593 508 1678 αὐτοῦ,
525 1597 559 1660 οἱ
571 1591 606 1658 δὲ
623 1592 804 1672 εἰκάζοντες
819 1589 836 1659 δ
854 1594 916 1677 μὲν
930 1589 1027 1675 ἑπτά,
1044 1588 1113 1657 ὁδέ

111 1690 225 1773 πέντε,
250 1686 268 1755 ὁ
284 1689 319 1756 δὲ
334 1690 512 1774 τριάκοντα
527 1693 731 1775 λεγέτωσαν,
752 1686 770 1755 ὁ
787 1691 826 1756 δέ
838 1715 885 1766 τις
901 1692 979 1757 δέκα
994 1684 1015 1775 ἢ
1033 1713 1113 1755 πεν-

111 1789 299 1871 τεκαίδεκα,
317 1788 371 1854 καὶ
387 1785 471 1864 ὅλως
485 1785 583 1863 άλλος
594 1785 698 1853 άλλον
713 1782 786 1852 τινά
798 1783 961 1871 ἀριθμόν·
985 1786 1114 1871 ἐνδέχε-

111 1910 164 1951 ται
182 1886 295 1970 μέντοι
311 1887 365 1953 καὶ
381 1882 463 1953 κατά
479 1885 582 1971 τύχην
596 1881 671 1953 τινά
691 1882 892 1970 ἀληθεῦσαι,
907 1877 1023 1971 ἦγάρς

196 1989 299 2049 ΕΡΜ.
326 1989 403 2050 Ναί.
817 1996 820 2000 ’

197 2102 297 2162 ΛΤΚ.
321 2094 372 2163 Οὐ
391 2094 458 2181 μην
475 2092 554 2164 οὐδὲ
571 2102 668 2161 τοῦτο
686 2093 869 2179 άδάνατον,
893 2094 1041 2172 ἅπαντας
1055 2093 1115 2163 άλ-

110 2200 174 2259 λον
185 2189 306 2269 άλλους
318 2189 485 2278 άριθμούς
497 2198 618 2276 εἰπεῖν,
629 2185 709 2269 τούς
720 2198 852 2272 ψευδεῖς
863 2194 917 2259 καὶ
929 2190 991 2257 οὐκ
1005 2190 1114 2274 ὄντας,

110 2292 238 2375 μηδένα
252 2292 288 2356 δὲ
301 2288 412 2359 αὐτῶν
424 2290 529 2376 φάναι
543 2288 593 2357 ὅτι
607 2300 733 2358 είκοσιν
747 2290 764 2359 ὁ
778 2289 863 2377 άνηρ
875 2291 1025 2376 κυάμους
1038 2294 1111 2375 ἔχει.

109 2383 133 2471 ἢ
150 2394 184 2454 τί
198 2387 280 2473 φής;
506 2391 508 2396 ’

196 2508 300 2591 ΕΡΜ.
326 2499 398 2569 Οὐκ
412 2501 591 2572 άδάνατον.

195 2621 295 2681 AYK.
318 2614 411 2682 Κατά
430 2613 532 2684 ταύτά
553 2621 671 2683 τοίνυν
685 2612 829 2692 ἅπαντες
842 2616 904 2699 μὲν
923 2619 957 2682 οί
976 2622 1114 2698 φιλοσο-

111 2720 254 2798 φοῦντες
275 2712 337 2798 τὴν
354 2710 571 2800 εὐδαιμονίαν
592 2719 745 2799 ζητοῦσιν
766 2710 884 2782 ὁποῖόν
904 2720 939 2781 τί
952 2716 1036 2799 ἐστι,
1059 2715 1113 2781 καὶ

110 2810 267 2889 λέγουσιν
281 2808 380 2889 άλλος
391 2810 471 2880 ἄλλο
484 2839 515 2879 τι
530 2810 635 2898 αὐτὴν
652 2809 753 2897 εἶναι,
772 2808 790 2877 ὁ
805 2811 867 2896 μὲν
879 2802 1024 2900 ἡδονήν,
1042 2810 1061 2879 ὁ
1078 2814 1113 2879 δὲ

110 2908 148 2977 τὸ
163 2909 284 2995 καλόν,
299 2907 366 2977 δδέ
380 2907 442 2977 ὅσα
457 2911 553 2994 ἕτερά
565 2931 648 2996 φασι
658 2913 732 2995 περὶ
746 2907 856 2996 αὐτῆς.
881 2910 967 2990 είκός
977 2914 1039 2997 μὲν
1051 2904 1114 2978 οὖν

111 3009 166 3075 καὶ
181 3006 310 3075 τούτων
325 3010 362 3073 ἕν
380 3034 411 3074 τι
429 3006 513 3075 εἶναι
528 3007 565 3075 τὸ
584 3008 760 3094 εὔδαιμον,
779 3006 841 3076 οὐκ
858 3008 994 3087 άπεικός
1010 3011 1115 3076 δὲκαὶ

112 3103 191 3173 ἄλλο
208 3132 241 3173 τι
260 3103 339 3189 παρ’
356 3102 439 3172 αὐτά
458 3107 576 3173 πάντα.
604 3110 658 3175 καὶ
673 3111 826 3193 ἐοίκαμεν
841 3105 935 3194 ἡμεῖς
949 3106 1115 3174 άνάπαλιυ

109 3201 131 3291 ἦ
148 3208 262 3291 ἐχρῆν,
280 3206 359 3288 πρὶν
374 3202 436 3290 τὴν
451 3202 556 3290 άρχὴν
572 3202 700 3290 εὑρεῖν,
716 3208 906 3292 ἐπείγεσθαι
917 3204 1000 3290 πρὸς
1010 3203 1047 3272 τὸ
1062 3209 1116 3271 ιε’-

109 3312 175 3382 λος.
198 3308 265 3372 ἔδει
281 3301 313 3370 δ’
331 3301 421 3389 οἶμαι
434 3304 598 3390 πρότερον
612 3303 762 3391 φανερὰν
774 3308 933 3392 γενέσθαι
947 3302 997 3372 ὅτι
1011 3309 1115 3389 ἐγνω-

109 3422 183 3470 σται
198 3400 340 3481 τάληθὲς
361 3405 415 3471 καὶ
435 3404 567 3482 πάντως
582 3408 647 3488 ἔχει
661 3429 709 3481 τις
723 3400 803 3469 αὐτὸ
826 3401 920 3481 είδώς
934 3410 1001 3471 τῶν
1015 3410 1112 3482 φιλοὲ
1131 3418 1184 3473 808
