2550 3825
172 205 292 262 ΠΕΡΙ
313 205 414 264 ΤΩΝ
434 207 526 263 Em
543 206 711 265 ΜΙΣΘΩ
732 206 1022 265 ΣΥΝΟΝΤΩΝ.
1052 201 1114 264 315

109 361 224 446 ἐπειδῆ
238 388 317 431 ποτε
332 367 386 432 καὶ
401 366 453 432 ἐπὶ
467 363 528 431 τόν
542 364 753 450 Θεσμόπολιν
768 372 897 450 καθῆκε
913 363 950 432 τό
964 370 1113 448 σκῶμμα,

109 460 191 540 Περὶ
206 459 241 526 δέ
256 462 518 548 Θεσμοπόλιδος,
534 469 613 548 ἔφη,
629 466 727 529 τοῦτο
739 463 845 548 μόνον
858 469 963 530 εἰπεῖν
973 467 1046 547 έχω,
1064 459 1115 528 ότι

108 551 183 622 ἀντὶ
198 565 353 626 Στωϊκοῦ
373 559 436 646 ῆδη
455 558 604 639 Κυνικός
624 557 704 646 ἡμῖν
720 563 902 644 γεγένηται.
937 556 972 626 τό
995 555 1027 625 δ’
1050 550 1115 623 οῦν

108 657 261 721 κυνίδιον
276 660 330 723 καὶ
345 663 513 726 τετοκέναι
531 662 568 726 ἐν
581 653 627 747 τῷ
647 664 785 744 τρίβωνι
801 665 847 745 τῶ
864 667 925 725 τοῦ
939 655 1115 742 Θεσμοπό-

108 755 199 827 mog
211 753 396 841 ἐπυθόμην.
420 763 471 824 35.
484 763 620 824 τοιαῦτα
631 759 832 841 ἐντρυφῶσι,
849 756 1024 843 μᾶλλονδὲ
1036 757 1115 820 ἐνυ-

107 853 257 934 βρίζουσι
280 867 348 931 τοῖς
372 858 510 933 ξυνοῦσι
532 854 614 921 κατά
636 852 759 940 μικρόν
781 851 905 932 αὐτοῦς
927 853 1114 939 χειροήθεις

106 952 146 1033 τῆ
160 943 256 1030 ῦβρει
270 951 584 1032 παρασκευάζοντες.
614 949 688 1018 οἶδα
703 948 735 1017 δ’
752 947 816 1036 ἐγῶ
831 953 885 1017 καὶ
905 951 1028 1038 ρῆτορα
1043 956 1112 1016 τῶν
1130 959 1181 1014 694

107 1043 285 1128 καρχάρων
301 1049 353 1114 ἐπὶ
371 1056 418 1139 τῷ
440 1052 562 1137 δείπνῳ
583 1047 808 1116 κελευσθέντα
827 1047 1050 1133 μελετήσαντα
1066 1046 1112 1133 μά

106 1139 167 1207 τόν
182 1139 239 1208 Δί’
258 1141 320 1210 οῦκ
339 1143 562 1230 ἀπαιδεύτως,
586 1143 670 1212 ἀλλά
685 1145 777 1212 πάνυ
798 1153 903 1229 τορῶς
923 1149 979 1213 καὶ
994 1150 1113 1230 ξυγκε-

107 1242 332 1325 κροτημένως·
364 1245 514 1331 ἐπῃνεῖτο
537 1250 623 1328 γοῦν
637 1241 759 1327 μεταξῦ
781 1244 951 1310 πινόντων
968 1242 1009 1310 οῦ
1029 1240 1113 1326 πρὸς

106 1335 199 1422 ὕδωρ
213 1343 479 1426 μεμετρημένον,
498 1338 582 1408 ἀλλά
598 1337 683 1423 πρός
697 1349 794 1407 οίνου
808 1339 978 1426 ἀμφορέας
994 1343 1111 1424 λέγων,

105 1438 161 1502 καὶ
175 1442 273 1503 τοῦτο
285 1434 470 1524 ὑποστῆναι
481 1435 518 1504 τό
531 1437 682 1522 τόλμημα
694 1439 746 1504 ἐπὶ
757 1443 939 1514 διακοσίαις
953 1441 1112 1521 δραχμαῖς

107 1536 243 1618 ἐλέγετο.
264 1543 367 1602 ταῦτα
378 1537 440 1621 μὲν
450 1529 515 1602 οῦν
530 1545 609 1612 ἴσως
621 1539 745 1620 μέτρια.
768 1531 811 1620 ῆν
821 1537 858 1601 δέ
868 1532 1037 1618 ποιητικός
1048 1531 1103 1599 αῦ

106 1629 161 1708 τός
180 1627 202 1717 ἢ
226 1631 455 1718 συγγραφικὸς
472 1631 489 1700 ὁ
512 1633 670 1711 πλούσιος
688 1627 727 1722 ῆ,
756 1631 845 1720 παρά
864 1629 901 1698 τῦ
918 1636 1055 1698 δεῖπνον
1070 1628 1109 1696 τά

107 1728 211 1796 αὑτοῦ
221 1734 399 1822 ῥαψῳδῶν,
410 1733 483 1801 τότε
496 1737 550 1800 καὶ
559 1733 700 1819 μάλιστα
712 1737 931 1817 διαρραγῆναι
941 1728 1003 1816 χρῆ
1015 1733 1111 1796 ἐπαι-

105 1835 232 1896 νοῦντα
248 1833 303 1898 καὶ
320 1832 546 1923 κολακεύοντα
562 1833 615 1899 καλ
634 1831 780 1914 τρόπους
794 1834 939 1897 ἐπαίνων
958 1829 1109 1894 καινοτέ-

106 1953 187 2009 ρους
202 1930 410 1997 ἐπινοοῦντα.
439 1934 501 1999 είσλ
516 1929 547 1997 δ’
563 1938 597 1998 οἳ
609 1933 664 1998 καὶ
681 1932 732 1998 ἐπὶ
749 1930 863 1997 κάλλει
876 1928 1110 2013 θαυμάζεσθαι

106 2026 272 2109 ἐθέλουσι,
282 2028 336 2092 καὶ
348 2031 401 2095 δεῖ
414 2024 592 2105 Ἀδῶνιδας
604 2027 726 2107 αὐτοῦς
736 2032 790 2096 καὶ
797 2026 996 2104 Ὑακίνθους
1005 2024 1110 2093 ἀκού-

107 2144 173 2203 ειν,
198 2119 326 2206 πήχεως
342 2126 447 2190 ἐνίοτε
466 2121 527 2209 τῆν
547 2127 623 2211 ῥῖνα
638 2132 779 2211 ἔχοντας.
810 2123 853 2191 σῦ
870 2124 901 2191 δ’
925 2120 989 2191 οῦν
1005 2122 1047 2189 ἀν
1064 2121 1108 2209 μῆ

106 2220 261 2305 ἐπαινῆς,
284 2222 317 2298 ἐς
330 2218 388 2299 τάς
402 2229 596 2308 λιθοτομίας
614 2220 673 2301 τάς
686 2228 873 2289 Διονυσίου
889 2219 995 2297 εῦθῦς
1011 2219 1111 2307 ἀφίξη

107 2314 151 2394 ῶς
168 2318 222 2384 καὶ
240 2326 383 2402 φθονῶν
402 2324 457 2389 καὶ
473 2321 702 2408 ἐπιβουλεύων
719 2317 819 2407 αὐτῷ.
846 2316 907 2404 χρῆ
929 2322 965 2385 δὲ
981 2320 1036 2387 καὶ
1051 2338 1110 2385 σο-

108 2442 193 2499 φους
214 2417 268 2482 καὶ
287 2416 428 2505 ῥήτορας
448 2418 535 2487 εἶναι.
554 2418 693 2502 αύτούς,
714 2414 780 2485 κάν
800 2428 833 2485 εῖ
848 2445 880 2484 τι
901 2423 1111 2484 σολοικίσαν-

105 2540 157 2591 τες
171 2514 332 2601 τῦχωσιν,
361 2515 442 2585 αῦτό
459 2525 557 2586 τοῦτο
572 2524 629 2603 τῆς
648 2514 792 2599 Ἀττικῆς
807 2517 936 2582 καὶτοῦ
950 2511 1110 2599 Ὑμηττοῦ

104 2610 245 2698 μεστούς
266 2618 378 2683 δοκεῖν
398 2614 477 2695 τοῦς
497 2616 619 2701 λόγους
640 2616 694 2682 καλ
710 2614 817 2699 νόμον
838 2611 921 2680 εἶναι
937 2611 973 2681 τό
990 2610 1109 2682 λοιπόν
1127 2633 1179 2689 095

105 2708 193 2777 οῦτω
210 2714 327 2796 λέγειν.
351 2720 401 2781 36.
423 2721 528 2781 καίτοι
543 2711 673 2800 φορητά
686 2722 764 2791 ἴσως
778 2709 818 2778 τά
829 2719 897 2779 τῶν
911 2710 1056 2798 ἀνδρῶν.
1075 2716 1113 2778 αί

105 2810 140 2878 δέ
155 2803 218 2876 οῦν
231 2827 443 2895 γυναῖκες-
456 2816 510 2880 καλ
527 2811 591 2897 γάρ
605 2804 651 2879 αῦ
666 2812 720 2878 καὶ
734 2810 811 2877 τόδε
825 2808 892 2877 ῦπό
908 2818 976 2877 τῶν
989 2838 1110 2897 γυναι-

105 2916 174 2975 κῶν
189 2912 422 2997 σπουδάζεται,
436 2910 473 2979 τό
494 2910 582 2979 εἷναί
593 2936 685 2984 τινας
696 2906 810 2986 αὐταῖς
824 2912 1110 2995 πεπαιδευμένους

104 3014 230 3092 μισθοῦ
251 3004 421 3089 ὑποτελεῖς
443 3010 603 3089 ξυνόντας
624 3010 679 3075 καλ
703 3015 749 3096 τῷ
769 3014 893 3098 φορείφ
911 3011 1108 3094 ἑπομένους·

105 3108 142 3171 ἓν
156 3104 222 3191 γάρ
239 3131 270 3172 τι
291 3108 344 3173 καὶ
365 3115 462 3175 τοῦτο
477 3114 545 3175 τῶν
566 3106 678 3175 ἀλλων
698 3108 982 3193 καλλωπισμάτων
997 3106 1111 3183 αῦταῖς

105 3206 211 3288 δοκεῖ,
228 3199 272 3289 ῆν
287 3208 419 3291 λέγηται
438 3204 481 3285 ῶς
496 3208 755 3291 πεπαιδευμέναι
769 3208 807 3273 τέ
821 3212 883 3274 είσι
899 3208 954 3272 καὶ
970 3203 1110 3290 φιλόσο-

105 3326 163 3385 φοι
175 3303 228 3370 καλ
240 3310 397 3371 ποιοῦσιν
409 3302 537 3392 ᾅσματα
549 3302 591 3372 οῦ
601 3302 689 3371 πολύ
701 3309 759 3389 τῆς
768 3308 934 3387 Σαπφοῦς
946 3298 1110 3368 ἀποδεον-

106 3428 143 3466 τα
158 3441 197 3449 -
216 3400 271 3469 διά
292 3398 333 3486 δῆ
356 3409 460 3468 ταῦτα
479 3400 671 3488 μισθωτούς
696 3405 751 3470 καλ
771 3394 869 3468 αῦται
894 3400 1110 3486 περιάγονται
