2550 3825
436 176 747 235 ΕΡΜΟΤΙΜΟΣ.
1030 171 1092 233 335

90 333 276 418 εἰρημένον,
289 330 333 410 ῶς
342 329 407 414 ἄρα
418 330 565 420 ,βραγδς
574 333 636 419 μὲν
645 333 665 400 ὁ
675 341 757 419 βίος,
766 332 875 420 μακρὴ
885 333 921 400 δὲ
931 332 950 419 ἡ
962 334 1093 417 τέχνη.“

89 435 195 494 καίτοι
210 430 334 508 ἐκεῖνος
343 435 491 515 ἰατρικῆς
504 432 579 516 πέρι
588 429 683 498 ταῦτ’
699 438 831 517 ἔλεγεν,
846 430 1094 518 εὐμαθεστέρου

89 525 296 611 πράγματος·
326 535 508 613 φιλοσοφία
527 530 563 596 δὲ
579 531 634 597 καὶ
648 539 765 619 μακρῷ
777 536 824 619 τῷ
844 530 954 618 χρόνῳ
974 526 1094 612 ἀνέφι-

89 647 175 707 κτος,
193 618 237 709 ἦν
251 620 295 709 μη
310 623 402 690 πάνυ
415 650 464 701 τις
480 627 706 712 ἐγρηγορότως
715 625 828 705 ἀτενὲς
842 625 893 694 ἀεὶ
905 627 958 693 καί
968 623 1094 710 γοργὸν

89 719 260 810 ἀποβλέπῃ
273 724 307 801 ές
314 721 434 808 αὐτήν,
448 724 502 790 καὶ
513 720 549 814 τό
561 725 768 809 κινδύνευμα
783 722 824 791 οό
835 727 911 809 περὶ
921 729 1059 809 μικρῶν,
1071 716 1093 806 ἢ
1118 792 1121 797 ,

89 819 212 888 ἄθλιον
224 811 356 890 εἰναιέν
366 829 412 912 τῷ
424 830 535 911 πολλῶ
547 831 614 890 τῶν
625 829 768 893 ἰδιωτῶν
777 833 931 915 συρφετῷ
940 847 1094 907 παραπο-

90 915 266 1004 λόμενονῆ
281 917 518 1006 εὐδαιμονῆσαι
532 923 815 1008 φιλοσοφήσαντα.

173 1050 203 1111 2.
221 1049 319 1112 AYK.
339 1042 387 1112 Τὰ
399 1046 461 1131 μέν
472 1038 578 1130 ἆθλα,
594 1040 820 1132 ῶἙρμότιμε,
834 1047 1008 1132 θαυμάσια
1020 1042 1091 1131 ἡλί-
1111 1058 1161 1114 741

89 1167 131 1208 κα
148 1149 288 1227 εἰρηκας.
323 1139 417 1227 οἶμαί
432 1168 470 1228 γε
485 1141 552 1228 μην
566 1142 608 1210 οὐ
622 1144 738 1230 πόρρω
754 1163 791 1218 σε
805 1141 890 1210 εἶναι
910 1140 1038 1226 αὐτῶν,
1064 1152 1097 1210 εἰ

89 1262 127 1324 γε
139 1235 201 1324 χρὴ
220 1238 359 1318 εἰκάζειν
378 1245 425 1330 τῷ
442 1263 479 1306 τε
498 1240 624 1330 χρόνῳ,
653 1239 781 1307 ὁπόσον
801 1249 1011 1326 φιλοσοφεῖς,
1037 1241 1092 1307 καί

89 1339 224 1424 προσέτι
234 1345 279 1429 τῷ
289 1339 383 1431 πόνῳ
394 1337 468 1408 οἷόν
478 1363 535 1426 μοι
545 1337 587 1407 οὐ
597 1343 733 1426 μέτριον
744 1343 780 1407 ἐκ
791 1345 918 1407 πολλοῦ
926 1337 990 1425 ἤδη
1005 1344 1092 1424 ἔχειν

90 1441 210 1514 δοκεῖς·
244 1441 274 1504 εἰ
289 1436 355 1522 γόρ
375 1463 407 1505 τι
427 1440 609 1523 μέμνημαι,
637 1435 756 1523 σχεδόν
771 1445 895 1505 εἰκόσιν
916 1442 971 1523 έτη
987 1435 1092 1503 ταῦτά

90 1541 196 1622 έστιν,
218 1533 277 1623 ἀφ’
296 1529 338 1604 οὗ
353 1556 390 1604 σε
406 1535 506 1604 οὐδὲν
521 1537 601 1604 ἄλλο
618 1544 779 1604 ποιοῦντα
795 1536 940 1620 έῶρακα,
961 1529 983 1619 ἢ
1001 1530 1091 1617 παρὰ

89 1633 167 1713 τοὺς
184 1635 404 1713 διδασκάλους
424 1640 591 1720 φοιτῶντα
610 1637 665 1702 καὶ
681 1632 725 1713 ὡς
745 1631 782 1701 τό
803 1631 891 1700 πολὺ
909 1634 941 1710 ές
961 1637 1092 1718 βιβλίον

90 1733 312 1818 ἐπικεκυφότα
332 1735 386 1800 καί
407 1729 628 1819 ὑπομνήματα
648 1739 716 1800 τῶν
729 1737 922 1799 συνουσιῶν
941 1727 1093 1815 ἀπογρα-

90 1831 256 1919 φόμενον,
283 1828 391 1918 ῶχρὸν
411 1827 463 1900 ιἰεἰ
482 1828 546 1898 ὑπὸ
566 1835 756 1918 φροντίδων
777 1831 832 1898 καὶ
855 1825 902 1896 τδ
912 1835 1006 1915 σῶμα
1030 1853 1092 1893 κα-

90 1931 300 2017 τεσκληκότα.
315 1935 437 2009 δοκεῖς
452 1934 492 1999 δέ
509 1957 565 2017 μοι
580 1928 655 1998 ἀλλ’
673 1928 751 1999 οὐδὲ
765 1927 848 2015 ὄναρ
865 1928 944 1995 ποτὶ
961 1924 1090 1993 ἀνιέναι

90 2027 248 2113 σεαυτόν,
264 2026 370 2105 οὕτως
383 2026 461 2105 ὅλος
473 2026 501 2094 εἰ
515 2031 552 2094 ἐν
565 2037 611 2118 τῷ
627 2030 801 2115 πράγματι.
824 2026 918 2095 ταῦτ’
934 2021 997 2093 οὖν
1012 2047 1091 2092 σκο-

90 2126 247 2214 πουμένῳ
264 2151 320 2210 μοι
335 2132 438 2213 φαίνῃ
454 2122 515 2191 οὐκ
532 2129 565 2203 ές
578 2124 711 2212 μακρὰν
728 2126 947 2210 ἐπιλήψεσθαι
962 2131 1018 2209 τῆς
1033 2121 1090 2189 εὐ·
1109 2136 1160 2191 742

91 2226 279 2307 δαιμονίας,
297 2230 331 2289 εἰ
335 2248 373 2306 γε
384 2219 428 2307 μὴ
440 2222 584 2307 λέληθας
597 2220 748 2309 ἡμᾶςκαὶ
760 2221 861 2289 πάλαι
873 2220 956 2309 αὐτῇ
967 2220 1090 2287 συνῶν.

124 2350 126 2356 ’
173 2352 276 2417 ΕΡΜ.
299 2347 431 2434 Πόθεν,
454 2338 635 2435 ῶΛνκλνε,
657 2348 693 2427 δς
706 2356 771 2415 νῦν
785 2346 925 2433 ἄρχομαι
940 2346 1092 2431 παρακό-

90 2471 184 2512 πτειν
203 2447 235 2524 ἐς
255 2443 317 2529 τὴν
337 2442 435 2525 ὁδόν;
466 2443 485 2531 ἡ
508 2443 539 2512 δ’
559 2443 670 2533 Ἀρετὴ
693 2446 785 2513 πάνυ
805 2442 920 2529 πόρρω
934 2438 1017 2508 κατὰ
1031 2438 1092 2509 τόν

86 2540 239 2610 Ἡσίοδον
253 2548 338 2610 οἰκεῖ
347 2545 402 2611 καί
418 2548 507 2610 ἔστιν
523 2540 541 2611 ὁ
557 2542 649 2630 οίμος
663 2540 714 2611 ἐπ’
732 2538 838 2627 αὐτὴν
848 2538 974 2626 μακρός
988 2565 1023 2605 τε
1036 2542 1091 2607 καὶ
1217 2591 1221 2597 .

90 2639 208 2724 ὄρθιος
228 2643 283 2708 καὶ
302 2642 439 2727 τρηχύς,
466 2646 589 2727 ἰδρῶτα
603 2639 666 2709 οὐκ
682 2638 796 2726 ὀλίγον
811 2644 895 2725 ἔχων
913 2652 981 2715 τοῖς
998 2634 1091 2705 ὁδοι-

90 2738 214 2823 πόροις.

173 2856 271 2919 ΛΤΚ.
298 2847 368 2935 Οὐχ
382 2847 480 2917 ἱκανὰ
492 2842 554 2918 οὖν
567 2853 707 2932 ἵδρωταί
714 2871 783 2935 σοι,
800 2838 828 2915 a}
835 2844 1017 2933 Ἑρμότιμε,
1035 2849 1090 2913 καὶ

92 2948 329 3033 ὡδοιπόρηται,

173 3066 277 3127 EPM.
301 3058 369 3143 02'5,
389 3068 492 3146 φημί·
514 3057 692 3144 οὐδὲνγὰρ
707 3054 752 3125 δν
767 3058 944 3143 έκῶλνέμε
963 3080 1090 3122 πανευ-

89 3162 230 3241 δαίμονα
246 3154 330 3225 εἰναι
343 3158 394 3223 έπί
408 3164 454 3245 τῶ
472 3155 562 3247 ἅκρςο
577 3154 776 3242 γενόμενον·
803 3152 840 3222 τὸ
859 3156 895 3221 δέ
908 3160 975 3221 νῶν
987 3149 1090 3237 ἀρχό-

89 3262 178 3341 μεθα
192 3258 254 3340 ἔτι,
270 3248 299 3321 ιό
313 3260 447 3322 Λυκῖνε.

172 3371 202 3437 3.
225 3374 323 3435 AYK.
340 3365 435 3436 Ἀλλόι
447 3366 509 3453 τήν
522 3391 560 3454 γε
574 3363 680 3454 ἀρχὴν
691 3362 709 3434 ό
721 3362 821 3444 αότδς
831 3357 929 3442 οὗτος
941 3362 1090 3443 Ἡῶοδος
