2550 3825
441 200 748 257 ΕΡΜΟΤΙΜΟΣ.
1032 192 1094 258 357

93 355 136 436 ὡς
156 353 200 424 ἀν
217 355 311 434 είδῶς
331 354 374 424 .τά
396 365 546 424 πλεῖστα·
575 365 619 447 τῷ
639 354 707 442 ’γάρ
723 364 949 447 ’Συρακουσίῳ
968 359 1098 425 Γέλωνί

92 474 173 541 φασι
191 459 338 531 δυσῶδες
354 452 438 520 εἶναι
453 452 489 520 τό
506 455 611 540 στόμα
626 457 681 522 καλ
697 461 794 523 τοῦτο
809 457 861 523 ἐπὶ
876 452 963 522 πολὺ
980 459 1096 522 διαλα-

92 564 168 622 θεῖν
188 549 309 636 αὐτόν,
332 549 470 631 οὐδενός
485 559 672 639 τολμῶντος
692 557 835 641 ἐλέγχειν
848 556 1019 640 τύραννον
1034 552 1096 620 ἀν-

93 657 171 736 δρα,
191 652 284 737 μέχρι
301 649 342 736 δή
363 676 437 717 τινα
453 665 596 736 γυναῖκα
614 656 712 738 ξένην
722 663 986 738 συνενεχθεῖσαν
1006 648 1096 740 αὐτῷ
1110 663 1128 719 7
1132 663 1170 722 76

91 756 250 836 τολμῆσαι
265 749 319 816 καὶ
335 752 438 815 εἰπεῖν
452 747 542 827 ὅπως
553 755 634 835 ἔχοι·
657 746 717 816 τόν
728 750 764 817 δὲ
776 748 865 833 παρά
877 747 938 836 την
951 752 1095 835 γυναῖκα

92 847 236 916 ἐλθόντα
257 842 320 930 τὴν
337 848 458 913 ἑαυτοῦ
480 844 670 932 ὀργίζεσθαι
689 845 739 913 ὅτι
761 844 823 914 οὐκ
845 847 988 933 ἐμήνυσε
1012 843 1095 928 πρὸς

92 942 197 1013 αὐτόν
209 949 314 1013 εἰδυῖα
326 945 467 1030 μάλιστα
478 941 539 1031 τὴν
550 942 806 1032 δυσωδίαν,“την
819 946 855 1012 δέ
863 952 1096 1030 παραιτεῖσθαι

92 1041 296 1129 συγγνώμην
315 1046 401 1127 ἔχειν
422 1040 522 1131 αὐτῇ·
549 1039 633 1128 ὑπὲρ
648 1040 714 1128 γάρ
735 1050 796 1110 τοῦ
811 1042 855 1129 μὴ
871 1049 1094 1127 πεπειρᾶσθαι

92 1141 197 1210 ἀλλον
208 1138 330 1225 ἀνδρὸς
341 1141 423 1227 μηδὲ
433 1139 586 1227 ὁμιλῆσαι
597 1148 738 1227 πλησίον
749 1146 905 1226 οἰηθῆναι
914 1139 1017 1207 ἀπασι
1026 1153 1095 1216 τοῖς

93 1237 234 1324 ἀνδράσι
249 1239 382 1307 τοιοῦτό
395 1267 426 1306 τι
441 1238 603 1306 ἀποπνεῖν
614 1245 674 1306 τοῦ
691 1238 859 1324 στόματος.
882 1239 936 1305 καὶ
948 1234 966 1304 δ
979 1235 1095 1323 Ἑρμό-

93 1364 185 1423 τιμος
204 1345 385 1423 τοιγαροῦν
400 1336 456 1406 ἅτε
471 1339 587 1424 μόνοις
604 1350 672 1414 τοῖς
686 1344 847 1415 Στωικοῖς
862 1337 988 1424 ξυνῶν,
1012 1345 1093 1424 φαίη

92 1432 136 1512 ἀν
152 1432 169 1504 δ
184 1437 341 1521 Πλάτων,
366 1433 500 1514 εἰκότως1
513 1433 629 1520 ἀγνοεῖ
642 1432 740 1502 ὁποῖα
753 1442 821 1502 τῶν
835 1433 946 1505 ἀλλων
961 1435 1002 1503 τά
1017 1435 1094 1503 στό-

93 1534 179 1620 ματά
194 1536 292 1602 ἐστιν.
315 1533 414 1621 ὅμοια
429 1532 459 1602 δ’
473 1530 517 1601 ἀν
528 1537 582 1601 καλ
592 1534 788 1620 Χρύσιππος
802 1542 888 1601 είποι
898 1528 921 1620 ἢ
931 1539 978 1601 ἔτι
992 1539 1094 1600 πλείω
1153 1573 1155 1576 -

93 1629 238 1716 τούτων,
264 1641 355 1715 εἴπερ
374 1629 483 1700 λιπῶν
500 1629 605 1700 αὐτόν
625 1630 761 1717 ἀκριτον
783 1634 835 1700 ἐπὶ
856 1629 897 1700 τά
913 1632 1094 1708 Πλάτωνος

93 1728 271 1815 ὁρμήσαιμι
292 1731 469 1809 πιστεύσας
483 1733 548 1798 τινὶ
562 1737 628 1796 τῶν
643 1731 736 1821 μόνφ
753 1731 906 1799 Πλάτωνι
928 1728 1092 1817 ὡμιληκό-

94 1853 170 1894 των.
199 1829 251 1896 ἑνί
263 1855 298 1896 τε
320 1829 409 1920 λόγφ
425 1829 574 1908 ξυνελών
589 1855 690 1915 φημι,
714 1827 789 1917 ἀχρι
802 1824 847 1897 ἀν
867 1829 992 1917 ἀδηλον
1008 1820 1030 1917 ᾖ
1044 1836 1093 1904 τίς

94 1925 222 2013 ἀληθής
242 1930 309 1994 ἐστι
324 1936 514 2016 προαίρεσις
535 1932 572 1994 ἐν
590 1935 788 2017 φιλοσοφίᾳ,
812 1934 976 2016 μηδεμίαν
990 1933 1094 2013 αίρεῖ-

93 2038 191 2094 σθαι·
213 2024 310 2113 ὕβρις
325 2026 389 2111 γάρ
406 2030 438 2105 ές
452 2025 511 2105 τάς
526 2026 628 2103 ἀλλος
641 2024 678 2093 τό
697 2035 858 2094 τοιοῦτον.

177 2128 227 2190 35.
251 2130 354 2190 ΕΡΜ.
374 2116 413 2191 Ὦ
429 2130 571 2208 Λυκῖνε,
594 2122 678 2207 πρός
697 2133 754 2210 τῆς
768 2123 909 2209 Ἑστίας,
930 2124 1095 2191 Πλάτωνα

93 2222 156 2309 μὲν
179 2224 233 2288 καὶ
257 2218 483 2308 Ἀριστοτέλην
507 2225 562 2290 καὶ
583 2219 778 2304 Ἐπίκουρον
800 2222 952 2300 καὶτοὺς
974 2220 1095 2297 ἀλλους

75 2326 77 2329 ’
93 2319 246 2407 ἀτρεμεῖν
257 2321 421 2407 ἐάσωμεν·
444 2319 485 2389 οὐ
498 2320 563 2408 γάρ
579 2318 651 2389 κατ’
665 2320 721 2406 ἐμὲ
737 2318 1017 2406 ἀνταγωνίζεσθαι
1033 2316 1095 2385 οδ.

93 2432 177 2497 τοῖς·
208 2416 256 2487 νῶ
274 2423 324 2505 δέ,
347 2421 411 2506 ίγῶ
426 2447 462 2489 τε
478 2423 533 2489 καλ
549 2419 609 2503 σό,
629 2416 685 2506 ἐφ’
700 2417 794 2506 ἡμῶν
811 2418 922 2487 αὐτῶν
937 2418 1096 2499 ἐξετάσω·

93 2544 173 2604 μεν,
197 2524 227 2586 εί
245 2518 397 2585 τοιοῦτόν
412 2522 479 2587 ἐστι
493 2517 529 2587 τό
552 2526 750 2606 φιλοσοφίας
770 2527 921 2605 πρᾶγμα,
942 2514 1015 2586 οἷον
1030 2513 1095 2601 έγῶ

93 2645 179 2704 φημι
195 2614 275 2684 αὐτό
290 2614 383 2685 εἶναι.
406 2624 572 2697 Αἰθίοπας
583 2621 622 2687 δέ
634 2644 672 2704 γε
687 2615 780 2705 ἢτήν
788 2620 940 2696 Γέλωνος
950 2631 1093 2703 γυναῖκα
1110 2624 1163 2685 m

92 2725 128 2786 τί
142 2723 207 2786 ἔδει
223 2725 336 2785 καλεῖν
353 2720 389 2785 ἐκ
403 2724 635 2805 Συρακουσῶν
650 2720 702 2786 ἐπὶ
715 2715 775 2785 τόν
789 2717 909 2803 λόγους

177 2823 277 2886 ΛΤΚ.
303 2813 392 2884 Ἀλλ’
410 2819 528 2884 ἐκεῖνοι
543 2816 605 2902 μὲν
625 2815 794 2885 ἀπίτωσαν
809 2814 977 2899 ἐκποδῶν,
998 2824 1031 2882 εί
1043 2822 1096 2881 σοι

94 2922 231 2985 δοκοῦσι
244 2916 388 3000 περιττοὶ
403 2913 486 2983 εἶναι
501 2914 583 3000 πρὸς
596 2911 656 2981 τόν
670 2915 788 2999 λόγον·
815 2912 858 2981 σύ
877 2914 912 2981 δὲ
925 2916 998 2998 λέγε
1013 2911 1095 2999 ἤδη·

93 3013 291 3103 θαυμαστόν
304 3014 369 3100 γάρ
385 3041 416 3080 τι
431 3016 518 3096 ἐρεῖν
532 3019 650 3092 ἔοικας.

177 3123 281 3185 ΕΡΜ.
303 3122 410 3181 Δοκεῖ
420 3139 490 3199 μοι,
507 3105 534 3179 ῶ
549 3120 690 3199 Λυκῖνε,
711 3115 765 3180 καὶ
781 3114 872 3180 πάνυ
889 3108 1034 3180 δυνατόν
1050 3107 1097 3177 εδ-

93 3239 150 3279 ναι
170 3213 258 3297 μόνα
279 3208 319 3278 τά
336 3217 404 3277 τῶν
418 3217 580 3277 Στωικῶν
601 3210 793 3296 ἐκμαθόντα
817 3211 938 3277 εἰδέναι
955 3206 1097 3294 τάληθὲς

93 3306 159 3375 ἀπὸ
174 3310 318 3393 τούτων,
334 3303 400 3375 κάν
414 3308 457 3393 μὴ
470 3304 510 3374 τά
528 3314 595 3374 τῶν
611 3306 723 3376 ἀλλων
737 3309 896 3395 έπεξέλθη
910 3332 960 3383 τις
975 3308 1095 3390 ἐκμαν-

92 3411 213 3476 θάνων
227 3410 355 3475 ἕκαστα.
377 3402 498 3473 οὑτωσὶ
521 3407 556 3472 δὲ
572 3406 704 3474 σκόπει·
732 3402 776 3492 ἤν
791 3431 840 3483 τις
859 3408 938 3491 λέγη
959 3399 1042 3487 πρός
1060 3402 1097 3469 σὲ
