2550 3825
363 181 607 237 ΝΕΚΡΙΚΟΙ
634 181 894 240 ΔΙΑΛΟΓΟΙ.
1072 179 1131 247 157

211 349 251 408 Μ
257 348 312 408 ΙΝ.
327 339 464 408 Οὐκοῦν
476 344 512 406 ἐν
523 340 614 423 μέρει
626 337 780 424 ἑκάτερος
792 340 927 430 εἰπάτω,
939 343 982 408 σύ
994 342 1030 409 δέ
1041 351 1134 429 πρώ-

125 463 180 517 τος
195 435 214 505 ὁ
232 444 337 525 Λίβυς
353 444 436 524 λέγε.

209 544 239 604 2.
262 544 338 604 AN.
354 535 412 604 Ἓν
426 537 488 621 μὲν
502 543 617 621 τοῦτο,
636 527 663 603 ὦ
678 541 812 619 Μίνως,
833 535 991 624 ώνάμην,
1009 536 1061 606 ότι
1078 541 1133 605 έν-

124 641 237 703 ταῦβα
248 637 303 703 καλ
313 633 375 721 τὴν
386 633 526 703 Ἑλλάδα
539 633 658 721 φωνην
669 637 848 720 ἐξέμαθον·
866 634 950 705 ώστε
961 635 1041 705 ούδέ
1051 637 1133 705 ταύ·

5 759 8 765 ’
124 760 165 822 τη
176 736 279 801 πλέον
294 725 392 811 οὗτος
407 732 576 819 ἐνέγκαιτό
592 759 669 818 μου.
690 736 775 820 φημὶ
790 737 827 802 δὲ
838 735 978 814 τούτους
991 737 1132 822 μάλιστα
1216 797 1219 804 ,

125 836 265 900 ἐπαίνου
280 829 391 911 ἀξίους
407 829 505 916 εἶναι,
524 829 597 898 ὅσοι
607 828 645 898 τό
661 831 766 917 μηδὲν
777 835 810 912 ἐξ
822 830 922 919 άρχῆς
938 833 1032 913 ὄντες
1043 833 1132 921 ὅμως

124 934 176 1000 έπλ
191 934 274 1017 μέγα
289 929 527 1016 προεχώρησαν
543 927 588 996 δι’
608 928 723 998 αύτών
738 932 884 1018 δύναμίν
900 959 935 1000 τε
951 935 1132 1020 περιβαλό-

125 1056 220 1117 μενοι
240 1032 295 1097 καὶ
310 1028 395 1109 άξιοι
412 1028 566 1108 δόξαντες
582 1026 691 1115 ἀρχῆς.
721 1030 820 1118 ἔγωγ’
840 1025 904 1098 ούν
919 1029 989 1118 μετ’
1007 1030 1131 1118 ὀλίγων
1148 1066 1150 1075 ·

124 1227 259 1318 ἀδελφῷ
273 1235 437 1314 μεγίστων
453 1225 604 1312 ἠξιώθην
620 1226 753 1311 άριστος
768 1229 913 1314 κριθείς,
935 1231 990 1296 καὶ
1003 1229 1081 1306 τούς
1095 1254 1131 1294 τε

127 1333 329 1413 Κελτίβηρας
350 1322 440 1395 εἷλον
456 1329 510 1394 καὶ
526 1332 688 1394 Γαλατῶν
703 1328 867 1415 ἐκράτησα
883 1335 952 1394 τών
968 1329 1131 1408 ἑσπερίων

124 1427 177 1492 καὶ
193 1421 233 1492 τά
249 1427 376 1512 μεγάλα
388 1424 449 1512 ὅρη
464 1420 612 1512 ὑπερβάς
622 1423 662 1492 τά
675 1429 750 1511 περὶ
760 1422 820 1492 τόν
831 1424 1129 1511 Ἠριδανὸνάπαυ-
1147 1448 1199 1502 382

123 1553 164 1593 τα
179 1529 386 1613 κατέδραμον
400 1530 455 1595 καὶ
472 1525 677 1602 ἀναστάτους
692 1526 830 1610 ἐποίησα
840 1523 1002 1601 τοσαύτας
1018 1523 1130 1601 πόλεις

126 1622 249 1709 κοίτην
259 1621 401 1710 πεδινὴν
411 1623 550 1693 Ἰταλίαν
561 1622 788 1709 ἐχειρωσάμην
798 1624 853 1689 καὶ
864 1628 957 1708 μέχρι
967 1629 1035 1689 τῶν
1046 1647 1131 1705 προ-

125 1727 264 1789 ασ-τείωυ
284 1729 342 1808 τῆς
364 1721 574 1808 προύχούσης
596 1724 723 1800 πόλεως
739 1716 849 1808 ἦλθον
871 1724 925 1790 καὶ
950 1723 1130 1800 τοσούτους

123 1819 300 1888 ἀπέκτεινα
320 1829 397 1906 μιᾶς
424 1819 563 1908 ἡμέρας,
592 1821 676 1890 ὥστε
695 1820 773 1900 τούς
795 1825 991 1900 δακτυλίους
1018 1819 1130 1888 αύτώυ

124 1926 296 2008 μεδίμνοις
318 1919 542 2009 ἀπομετρῆσαι
568 1925 622 1990 καὶ
644 1921 722 2000 τούς
742 1921 911 2008 ποταμούς
934 1930 1129 2010 γεφυρῶσαι

124 2034 263 2104 νεκροῖς.
298 2022 473 2088 καὶταῦτα
493 2021 601 2088 πάντα
622 2026 745 2106 ἔπραξα
768 2020 845 2089 ούτε
862 2022 1036 2109 Ἄμμωνος
1058 2018 1131 2098 υίὸς

124 2113 367 2203 ὀνομαζόμενος
379 2116 455 2186 ούτε
466 2116 546 2197 θεὸς
559 2117 642 2187 εἶναι
655 2120 943 2205 προσποιούμενος
953 2116 975 2206 ἦ
987 2120 1129 2187 ἐνύπνια

124 2222 182 2301 τῆς
203 2212 326 2302 μητρός
351 2216 498 2301 διεξιών,
526 2214 599 2285 ἄλλ’
628 2215 809 2301 ἅνθρωπος
834 2215 918 2284 εἶναι
943 2215 1128 2304 ὁμολογῶν,

124 2328 317 2400 στρατηγοῖς
341 2342 376 2382 τε
402 2330 470 2396 τοῖς
498 2315 737 2392 συνετωτάτοις
759 2311 1049 2400 ἀντεξεταζόμενος
1073 2317 1128 2383 καὶ

124 2414 338 2498 στρατιώταις
354 2430 422 2493 τοῖς
435 2415 675 2502 μαχιμωτάτοις
686 2414 974 2501 συμπλεκόμενος,
992 2412 1034 2481 ού
1046 2416 1127 2500 Μή·
1145 2431 1197 2486 383

124 2517 205 2590 δους
214 2514 268 2580 καλ
276 2510 467 2599 Ἀρμενίους
476 2514 779 2599 καταγωνιζόμενος
787 2508 1040 2598 ὑποφεύγοντας
1049 2514 1129 2598 πρὶν

124 2611 259 2678 διώκειν
276 2608 350 2683 τινά
361 2616 416 2679 καὶ
426 2620 471 2703 τῷ
481 2612 680 2699 τολμήσαντι
695 2611 938 2698 παραδιδόντας
950 2608 1056 2690 εύθύς
1066 2610 1128 2698 τὴν

123 2715 232 2795 νίκην.
274 2714 305 2777 3.
328 2708 540 2795 Ἀλέξανδρος
563 2712 599 2778 δὲ
622 2711 780 2801 πατρῴαν
800 2707 904 2797 άρχὴυ
924 2709 1129 2797 παραλαβών

123 2808 246 2895 ηὔξησε
261 2812 316 2877 καὶ
330 2807 419 2894 παρά
434 2808 521 2878 πολύ
538 2813 674 2890 ἐξέτεινε
690 2809 897 2895 χρησάμενος
912 2817 951 2898 τῇ
962 2816 1019 2894 τῆς
1029 2808 1129 2894 τύχης

123 2906 220 2993 ὁρμῇ.
247 2909 316 2974 ἐπεὶ
336 2904 366 2974 δ’
388 2900 452 2974 ούυ
473 2910 605 2995 ἐνίκησέ
621 2934 658 2975 τε
679 2910 733 2975 καί
755 2906 814 2975 τόν
836 2905 982 2991 ὄλεθρον
999 2909 1128 2974 ἐκεῖνον

123 3014 272 3087 Δαρεῖον
286 3007 323 3072 έν
341 3002 433 3094 Ἰσσῷ
451 3032 487 3073 τε
503 3008 558 3073 καὶ
570 3004 741 3092 Ἀρβήλοις
761 3006 957 3090 ἐκράτησεν,
984 3002 1129 3082 ἀποστὰς

124 3110 192 3169 τών
207 3103 372 3193 πατρῴων
392 3116 657 3190 προσκυνεῖσθαι
678 3103 772 3192 ἠξίου
791 3107 845 3172 καὶ
869 3107 902 3181 ἐς
917 3108 1046 3171 δίαιταν
1067 3100 1129 3190 τὴν

124 3197 284 3287 Μηδικὴν
308 3202 540 3291 μετεδιῄτησεν
562 3201 682 3269 ἑαυτὸν
706 3207 761 3271 καὶ
785 3203 972 3288 ἐμιαιφόνει
996 3205 1033 3269 έν
1060 3215 1126 3279 τοῖς
1145 3221 1195 3274 384

3 3302 16 3315 ‘
124 3306 320 3383 συμποσίοις
333 3298 411 3377 τούς
432 3308 550 3385 φίλους
570 3303 625 3368 καλ
642 3302 894 3387 συνελάμβανεν
908 3302 960 3367 ἐπὶ
977 3299 1125 3390 θανάτῳ,

124 3393 187 3480 ἐγώ
205 3398 240 3463 δὲ
255 3388 339 3480 ἦρξα
353 3395 403 3465 ἐπ’
421 3407 493 3483 ίσης
507 3404 564 3483 τῆς
578 3404 750 3483 πατρίδος,
766 3401 821 3466 καὶ
838 3396 951 3485 ἐπειδὴ
967 3401 1128 3484 μετεπέμ·
1171 3476 1173 3480 .
