2550 3825
171 195 293 253 ΠΕΡΙ
313 196 413 255 ΤΩΝ
433 197 524 253 Em
539 196 708 255 ΜΙΣΘΩ
728 198 1016 257 ΣΥΝΟΝΤΩΝ.
1047 191 1109 256 297

109 350 153 431 ὡς
170 353 250 439 φής,
273 351 344 421 κατ’
360 350 537 440 ἠλιβάτων.
571 360 600 422 εί
619 359 657 422 δέ
674 380 722 431 τις
736 353 787 423 ἀεί
803 358 904 441 πίνης
924 356 978 423 καὶ
995 349 1109 440 ἐνδεής

108 454 162 518 καί
176 447 366 536 ὑπόμισθος
379 447 427 517 ἀν
441 461 542 520 οίεται
565 458 684 519 πενίαν
701 449 791 542 αύτῷ
805 453 911 542 τούτῳ
926 456 1109 535 διαπεφευ-

107 550 218 634 γέναι,
241 545 303 616 ούκ
318 546 391 615 οἶδα
406 555 475 628 πῶς
494 548 676 628 ὁτοιοῦτος
696 546 758 617 ούκ
778 545 822 616 ἀν
841 552 967 628 δόξειεν
988 543 1108 615 ἑαυτὸν

108 647 280 726 ἐξαπατᾶν.
312 653 341 715 6.
357 644 451 714 ἀλλοι
468 649 504 715 δὲ
524 654 643 716 πενίαν
660 646 721 734 μὲν
737 643 843 732 αύτὴυ
859 644 922 714 ούκ
939 643 983 712 ἀν
999 653 1108 732 φοβη-

109 753 211 833 θῆναι
234 743 313 814 ούδέ
329 752 580 832 καταπλαγῆναί
592 765 712 831 φασιν,
735 750 766 812 εί
785 745 946 812 ἐδύναντο
967 758 1035 822 τοῖς
1048 740 1108 810 ἀλ-

107 853 178 923 λοις
191 841 312 930 ὁμοίως
327 853 508 922 πονοῦντες
522 847 702 927 ἐκπορίζειν
715 841 755 909 τά
771 841 909 928 ἀλφιτα,
931 848 997 908 νῦν
1015 841 1051 908 δὲ
1064 879 1108 891 --

107 946 332 1028 πεπονηκέναι
345 940 410 1028 γάρ
430 941 541 1021 αῦτοῑς
554 939 593 1009 τά
615 940 749 1028 στόματα
762 937 784 1027 ἢ
799 938 865 1007 ύπὸ
880 940 990 1027 γήρως
1003 935 1024 1025 ή
1039 935 1106 1006 ῦπό.

107 1038 219 1106 νόσων
228 1080 271 1093 -
280 1040 332 1105 ε’πδ
341 1038 441 1124 τήνδε
452 1040 577 1128 ῥᾴστην
587 1031 694 1106 οῦσαν
701 1037 762 1125 τήν
771 1035 988 1124 μισθοφορὰν
998 1034 1107 1123 ἀπην-

107 1137 250 1221 τηκέναι.
271 1132 346 1220 φέρ’
365 1129 429 1231 οὖν
445 1140 583 1222 ίδωμεν,
607 1142 636 1204 εί
648 1133 758 1222 ἀληθῆ
774 1139 908 1220 λέγουσι
922 1137 976 1201 καί
993 1136 1028 1201 ἐκ
1043 1139 1104 1201 τοῦ
1123 1149 1169 1203 661

107 1234 233 1323 ῥᾴστου
246 1231 290 1319 μὴ
308 1230 414 1300 πολλά
429 1234 511 1319 μηδὲ
527 1239 628 1300 πλείω
649 1240 716 1299 τῶν
730 1232 841 1300 ἀλλων
854 1239 997 1299 πονοῦσι
1011 1255 1106 1316 περι-

107 1337 253 1416 γύγνεται
273 1326 385 1408 αύτοίς
397 1327 438 1398 τά
458 1331 632 1417 διδόμενα·
665 1328 742 1418 εύχή
761 1329 826 1416 γάρ
846 1327 890 1397 ἀν
908 1329 1039 1397 ἐοικότα
1054 1337 1105 1413 είη

108 1426 212 1495 ταῦτα’
231 1452 286 1512 γε,
313 1423 357 1513 μὴ
380 1427 572 1512 πονήσαντα
592 1427 675 1511 μηδὲ
690 1427 837 1512 καμόντα
853 1431 986 1514 ἕτοιμον
998 1425 1105 1512 ἀργύ-

109 1550 184 1612 ριον
199 1530 322 1612 λαβεῖν.
352 1521 388 1591 τό
405 1529 444 1592 δέ
461 1526 596 1592 ἐστι-καὶ
611 1527 757 1611 ῥηθῆναι
776 1523 847 1592 κατ’
865 1524 960 1604 ἀξίαν
977 1522 1105 1591 ἀδύνα-

108 1650 183 1694 τον·
206 1628 348 1691 τοσαῦτα
358 1628 500 1690 πονοῦσι
511 1623 566 1702 καί
577 1621 763 1704 κάμνονσιν
774 1624 811 1689 ἐν
821 1637 891 1700 ταῖς
902 1629 1104 1705 συνουσίαις,

110 1719 194 1788 ὥστε
213 1727 367 1800 πλείονος
385 1724 533 1790 ἐνταῦθα
548 1718 601 1786 καὶ
622 1719 786 1785 ἐπὶτοῦτο
802 1717 943 1804 μάλιστα
958 1725 1015 1803 τῆς
1029 1714 1106 1800 ύγι-

110 1824 178 1895 είας
192 1821 339 1903 δεῖσθαι,
357 1825 486 1904 μυρίων
501 1815 609 1884 όντων
621 1813 779 1902 ὁσημέραι
790 1824 857 1883 τῶν
868 1815 1106 1901 ἐπιτριβόντων

109 1912 145 1981 τδ
163 1922 257 2000 σῶμα
271 1919 325 1983 καὶ
345 1911 428 1999 πρός
447 1914 585 1999 ἐσχάτην
604 1909 797 1997 ἀπόγνωσιν
813 1909 1103 1979 καταπονούντων.

109 2016 243 2097 λέξομεν
262 2015 298 2078 δὲ
319 2010 401 2079 αύτά
422 2016 459 2081 ἐν
478 2020 524 2101 τῷ
544 2011 745 2097 προσήκοντι
758 2019 879 2100 καιρῷ,
902 2007 1037 2077 ἐπειδᾶν
1052 2010 1107 2076 καὶ

110 2108 168 2186 τάς
185 2108 285 2189 ἀλλος
301 2110 412 2179 αύτων
427 2116 616 2196 δυσχερείας
630 2114 815 2195 διεξίωμεν·
836 2107 873 2176 τό
892 2112 928 2175 δὲ
942 2116 1007 2174 νῦν
1023 2107 1106 2174 εἶναι

111 2206 229 2275 ίκανδν
242 2201 286 2294 ἦν
301 2208 469 2289 ὑποδεῖξαι
486 2206 529 2286 ὡς
544 2204 619 2274 οὐδ’
631 2211 665 2273 oc
674 2204 728 2273 διά
743 2206 868 2291 ταύτην
881 2209 1033 2288 λέγοντες
1043 2202 1108 2270 αύ-

110 2302 189 2383 τούς
199 2302 421 2375 ἀποδίδοσθαι
436 2304 496 2390 τήν
509 2304 679 2389 πρόφασιν
694 2302 895 2390 ἀληθεύοιεν
910 2300 961 2368 ἀν.
991 2305 1020 2368 7.
1036 2309 1108 2367 λοι-

110 2402 177 2471 πόν
193 2402 301 2490 δήκαὶ
318 2402 542 2490 ἀληθέστατον
558 2403 636 2487 με’ν,
651 2401 769 2488 ἥκιστα
784 2402 819 2467 δὲ
830 2397 914 2482 πρός
927 2396 1039 2465 αὐτῶν
1053 2406 1109 2465 λε-

110 2503 273 2588 γόμενον,
289 2500 411 2588 ἡδονῆς
425 2502 521 2568 ἕνεκα
536 2502 591 2583 καί
605 2506 673 2566 τῶν
687 2505 821 2566 πολλῶν
830 2499 885 2564 καὶ
900 2494 1040 2581 ἀθρόων
1054 2497 1070 2562 ἐ
1088 2533 1109 2546 -

111 2603 217 2668 πίδων
231 2602 377 2685 ἐσπηδοῖν
392 2596 514 2677 αύτούς
530 2601 562 2676 ἐς
575 2596 634 2676 τάς
650 2603 754 2676 οἰκίας
771 2598 1036 2680 καταπλαγέντας
1046 2596 1108 2679 μὲν

109 2695 146 2767 τδ
162 2706 291 2785 πλῆθος
305 2706 365 2766 τοῦ
378 2704 505 2785 χρυσοῦ
518 2698 646 2764 καὶτοῦ
660 2695 827 2780 ἀργύρου,
844 2691 1108 2779 εύδαιμονήσαν-
1146 2760 1149 2765 ,

109 2824 167 2874 τας
181 2798 217 2864 δὲ
235 2798 286 2864 ἐπὶ
300 2810 367 2874 τοῖς
382 2801 527 2873 δείπνοις
543 2798 597 2863 καὶ
611 2802 651 2882 τῇ
664 2792 746 2880 ἀλλη
760 2800 889 2879 τρνφῇ,
913 2795 1108 2867 ἐλπίσαντας

110 2894 146 2962 δὲ
166 2892 248 2961 ὅσον
264 2892 380 2961 αὐτίκα
401 2891 525 2980 χανδόν
540 2889 678 2969 ούδενδς
698 2894 957 2976 ἐπιστομίζοντος
972 2898 1108 2958 πίεσθαι

109 3000 169 3062 τοῦ
180 2998 327 3077 χρυσίου.
340 2999 442 3060 ταῦτα
452 2990 572 3078 ύπάγει
583 2987 705 3067 αύτούς
714 2991 768 3057 καὶ
778 2989 919 3066 δούλους
931 2988 1004 3055 ἀντ’
1014 2991 1109 3056 ἐλευ-

110 3094 223 3172 θέρων
237 3097 381 3176 τίθησιν,
397 3087 457 3175 ούχ
470 3087 491 3175 ἡ
502 3096 569 3155 τῶν
581 3086 770 3174 ἀναγκαίων
779 3094 880 3173 χρεία,
895 3084 937 3173 ἣν
950 3092 1108 3171 ἔφασκον,

109 3186 185 3258 ἀλλ’
200 3187 221 3275 ἡ
244 3196 311 3256 τῦν
331 3186 393 3256 ούκ
409 3185 600 3273 ἀναγκαίων
614 3190 775 3273 ἐπιθυμία
788 3185 875 3254 καὶ-ὁ
891 3193 959 3253 τῶν
974 3192 1108 3253 πολλῶν
1126 3203 1178 3256 662

110 3290 164 3355 καί
174 3294 366 3355 πολυτελῶν
376 3288 512 3355 ἐκείνων
524 3291 625 3372 ζῆλος.
646 3293 826 3371 τοιγαροῦν
838 3282 950 3368 ὥσπερ
961 3286 1110 3369 δυσέρω-

109 3410 166 3463 τας
181 3382 302 3463 αύτούς
317 3387 371 3453 καί
385 3389 628 3469 κακοδαίμονας
645 3379 782 3468 ἐραστάς
798 3387 945 3467 ἔντεχνοί
955 3406 1042 3459 τινες
1056 3384 1110 3448 καὶ
