2550 3825
167 193 229 258 376
512 156 819 260 Λονπικαον

1255 262 1261 306 ι

167 359 348 434 διεξελθεῖν
362 357 408 423 δι’
421 351 548 442 αύτῶν,
565 357 609 435 ῶς
620 365 706 442 ἔχειν
716 359 782 445 ἤδη
790 361 923 428 ἑλέσθαι
933 361 970 428 τό
984 364 1169 449 βέλτιστον,

165 449 237 522 ἀλλ’
256 459 302 522 ἐτι
315 463 375 522 τοῦ
391 462 547 542 μεγίστου
564 459 681 524 ἐνδεῖν.

247 559 350 620 ΕΡΜ.
376 560 474 632 Τίνος
487 554 626 634 τούτου;

245 658 345 719 AYK.
367 657 523 734 Κριτικῆς
533 677 640 737 τινος,
657 644 880 736 ῶθαυμάσιε,
892 657 947 720 καὶ
962 656 1167 738 ἐξεταστικῆς

59 799 61 802 -
163 754 374 833 παρασκευῆς
382 750 437 814 καὶ
448 755 511 815 νοῦ
526 745 616 828 όξέος
626 751 681 816 καλ
693 753 840 826 διανοίας
849 747 1011 838 ἀκριβοῦς
1020 753 1075 819 καί
1085 747 1164 817 ἀδε-
1259 832 1260 835 ¹

59 866 61 870 ’
163 849 307 932 κάστου,
328 845 479 935 οἵανχρη
496 846 658 934 εἶναιτὴν
676 851 751 933 περὶ
765 857 833 915 τῶν
848 852 1054 935 τηλικούτων
1067 851 1164 918 δικά-
1259 888 1260 897 ¹

165 968 308 1032 σουσαν,
328 941 349 1031 ἢ
365 947 472 1033 μάτην
487 942 530 1013 ἀν
551 944 683 1014 άπαντα
699 950 869 1033 ἑωραμένα
890 957 950 1034 εἴη.
982 947 1163 1018 ἀποδοτέον

141 1117 142 1122 1
165 1037 229 1110 ούν
244 1063 326 1128 φησι
340 1043 451 1131 καὶτῷ
469 1042 607 1133 τοιούτῳ
622 1044 746 1129 χρόνον
760 1043 823 1111 ούκ
836 1043 950 1129 ὀλίγον
962 1049 1016 1112 καὶ
1036 1049 1162 1130 προθέ-

164 1166 267 1228 μενον
283 1137 413 1206 ἅπαντα
429 1145 475 1216 εἰς
488 1142 590 1226 μέσον
603 1146 770 1224 αἱρεῖσθαι
784 1145 1000 1228 διαμέλλοντα
1012 1146 1066 1211 καὶ
1080 1150 1163 1229 βρα-

165 1237 310 1304 δύνοντα
331 1238 385 1304 καὶ
400 1237 558 1316 πολλάκις
574 1241 835 1323 ἐπισκοποῦντα,
856 1241 936 1327 μήτε
951 1238 1083 1326 ἡλικίαν
1103 1245 1164 1306 τοῦ

162 1339 317 1421 λέγοντος
329 1333 468 1400 ἑκάστου
483 1335 563 1420 μήτε
584 1343 691 1421 σχῆμα
708 1332 731 1421 ἦ
747 1337 848 1415 δόξαν
862 1340 914 1404 ἐπὶ
932 1346 1032 1428 σοφίᾳ
1047 1335 1165 1405 αἰδού-

162 1457 281 1528 μενον,
302 1429 385 1500 ἀλλά
403 1430 486 1499 κατά
499 1431 577 1510 τούς
590 1430 821 1519 Ἀρεοπαγίτας
836 1430 918 1502 αύτὸ
933 1442 1108 1519 ποιοῦντα,
1132 1439 1167 1500 οἳ
1259 1498 1260 1525 ,

94 1546 145 1601 806
164 1535 201 1597 έν
219 1533 315 1597 νυκτὶ
328 1533 382 1597 καὶ
398 1528 505 1618 σκότῳ
521 1530 726 1615 δικάζουσιν,
744 1527 787 1608 ῶς
800 1529 844 1617 μὴ
860 1535 893 1610 ἐς
906 1531 984 1611 τούς
994 1536 1162 1619 λέγοντας,
1259 1540 1260 1577 ῐ

164 1626 237 1696 ἀλλ’
255 1631 288 1707 ἐς
301 1626 340 1695 τό
356 1628 518 1713 λεγόμενα
532 1625 768 1712 ἀποβλέποιεν·
796 1631 849 1696 καὶ
871 1629 939 1697 τότ’
958 1628 1020 1714 ἤδη
1038 1632 1162 1708 ἐξέσται

155 1748 217 1793 σοι
230 1733 371 1812 βεβαίως
385 1729 528 1813 ἑλομένῳ
543 1732 749 1809 φιλοσοφεῖν.
1259 1782 1260 1795 .

246 1830 348 1891 ΕΡΜ.
373 1820 469 1889 Μετά
485 1819 545 1888 τόν
557 1829 633 1907 βίον
648 1822 730 1906 φής·
752 1825 788 1890 ἐκ
801 1821 865 1909 γάρ
881 1825 1009 1892 τούτων
1024 1821 1161 1902 οὐδενός
1259 1826 1260 1831 ’

163 1920 354 2003 ἀνθρώπων
368 1927 439 2007 βίος
456 1922 659 2001 ἐξαρκέσειεν
673 1916 717 1987 ἀν
732 1919 776 2009 ὡς
791 1924 843 1989 ἐπὶ
857 1922 965 1989 πάντα
980 1925 1093 1990 ἐλθεῖν
1107 1924 1163 1989 καὶ

163 2022 302 2087 ἕκαστον
322 2016 467 2105 ἀκριβῶς
487 2022 611 2086 ἐπιδεῖν
632 2022 688 2086 καλ
708 2020 864 2087 ἐπιδόντα
884 2035 995 2105 κρῖναι
1014 2022 1069 2087 καὶ
1089 2028 1161 2101 κρί-
1259 2053 1260 2088 ι

161 2143 265 2185 ναντα
281 2117 414 2185 ἑλέσθαι
426 2120 480 2185 καλ
492 2118 651 2203 ἑλόμενον
665 2126 890 2205 φιλοσοφῆσαι
895 2170 905 2204 ,
920 2120 1030 2205 μόνως
1043 2114 1160 2204 γάρδὴ
1259 2129 1260 2136 ’

162 2215 268 2295 οὕτως
283 2213 464 2302 εὑρεθῆναι
478 2214 543 2303 φης
557 2214 714 2303 τάληθές,
730 2215 837 2297 άλλως
853 2222 889 2286 δὲ
906 2218 956 2287 ού.

244 2320 295 2382 65.
317 2322 418 2383 ΛΤΚ.
443 2312 546 2383 Ὀκνῶ
563 2314 627 2401 γάρ
648 2336 702 2382 σοι
717 2322 837 2402 εἰπεῖν,
860 2309 1087 2403 εόἙρμότιμε,
1109 2314 1161 2383 ότι

161 2412 239 2481 οὐδὲ
254 2413 353 2481 τοῦτό
369 2438 421 2480 πω
435 2414 569 2498 ἱκανόν,
585 2411 657 2482 ἀλλ’
672 2419 719 2481 ἔτι
732 2439 788 2499 μοι
804 2419 972 2503 δοκοῦμεν
981 2417 1159 2501 λεληθέναι

160 2508 245 2597 ἡμᾶς
255 2507 377 2589 αὐτούς
390 2511 537 2597 οἰόμενοι
554 2514 615 2597 μέν
629 2539 661 2578 τι
675 2508 851 2597 εὑρηκέναι
864 2515 1017 2600 βέβαιον,
1039 2509 1161 2596 εὑρόν-

161 2634 212 2685 τες
226 2608 262 2675 δὲ
277 2605 393 2693 οὐδέν,
411 2604 521 2694 ῶσπερ
534 2612 569 2677 οί
577 2606 766 2687 ἁλιεύοντες
776 2608 934 2688 πολλάκις
947 2613 1105 2687 καθέντες
1119 2606 1160 2676 τὰ

161 2710 277 2773 δίκτυα
296 2707 351 2772 καὶ
372 2706 499 2791 βάρους
518 2705 608 2784 τινός
629 2705 824 2791 αἰσθόμενοι
844 2704 1043 2774 ἀνέλκουσιν
1063 2712 1161 2791 ίχθύς

158 2802 373 2889 παμπόλλους
386 2830 425 2888 γε
441 2806 715 2891 περιβεβληκέναι
729 2806 926 2891 ἐλπιζοντες,
943 2803 1010 2873 εἶτα
1024 2802 1161 2873 έπειδάν

158 2900 308 2987 κάμωσιν
324 2898 552 2986 ἀνασπῶντες,
567 2898 589 2987 ἢ
603 2911 699 2981 λίθος
713 2929 762 2981 τις
780 2900 998 2989 ἀναφαίνεται
1011 2902 1123 2980 αύτοίς
1138 2895 1159 2986 ἦ

158 3000 317 3085 κεράμιον
327 3000 451 3090 ψάμμῳ
463 3007 676 3088 σεσαγμένον.
692 3005 809 3072 σκόπει
820 3001 864 3089 μὴ
877 3006 932 3072 καὶ
940 3002 1034 3089 ,ἡμεῖς
1046 3030 1077 3069 τι
1088 3029 1161 3069 τοι-

158 3104 259 3165 οῦτον
274 3095 516 3184 ἀνεσπάκαμεν.

241 3204 343 3265 ΕΡΜ.
366 3194 419 3264 Οὐ
432 3197 596 3281 μανθάνω
615 3205 650 3265 τί
663 3219 716 3265 σοι
733 3196 772 3265 τό
788 3203 903 3264 δίκτυα
918 3204 1021 3264 ταῦτα
1036 3195 1159 3283 βούλε-
1259 3226 1261 3282 g

158 3318 225 3361 ται·
248 3302 390 3380 ατεχνῶς
403 3294 468 3380 γάρ
483 3322 524 3380 με
538 3296 748 3382 περιβάλλεις
761 3293 882 3374 αὐτοῖς.

237 3397 338 3461 ΛΥΚ.
357 3390 493 3460 Ούκοῦν
506 3400 609 3483 πειρῶ
621 3396 806 3460 διεκδῦναι·
822 3389 886 3459 σύν
897 3400 967 3480 θεῶ
981 3388 1045 3477 γάρ
1057 3389 1157 3458 οἶσθα
1259 3385 1260 3392 ¹
