2550 3825
466 179 715 237 ΝΙΓΡΙΝΟΣ.
1050 176 1092 242 1³

173 342 293 405 ETAI.
316 343 394 415 Πῶς
410 338 532 424 λέγεις;

179 442 305 503 AOYK.
324 432 426 502 ‘0³05
442 436 612 521 πάρεργον
631 435 703 523 ἥκω
724 459 776 505 σοι
798 436 966 525 εὐδαίμων
982 466 1016 505 τε
1033 439 1089 507 καλ

99 534 251 619 μακάριος
267 534 487 619 γεγενημένος
502 537 556 600 καὶ
572 541 671 601 τοῦτο
691 534 732 621 δὴ
757 534 793 603 τὸ
811 534 876 604 ἀπό
892 544 951 620 τῆς
965 543 1090 624 σκηνῆς

99 630 208 719 ὄνομα,
224 635 419 719 τρισόλβιος.

172 741 292 801 ΕΤΑΙ.
308 730 491 818 Ἡράκλεις,
509 732 614 811 οὕτως
631 736 669 800 ἐν
686 741 816 820 βραχεῖς

174 840 304 901 AOYK.
330 835 395 900 Καὶ
409 832 506 918 μάλα.

173 938 292 1000 ΕΤΑΙ.
319 938 361 998 Τί
374 931 410 998 δὲ
423 929 460 997 τό
477 934 561 1015 μέγα
574 932 674 999 τοῦτό
690 935 790 1018 ἐστιν,
806 930 854 1017 ἐφ’
871 930 937 1022 ὅτῳ
953 933 1008 997 καί
1028 956 1086 997 κο-

94 1036 163 1118 μᾷς,
178 1034 235 1097 ἵνα
250 1027 294 1117 μὴ
312 1034 349 1097 ἐν
365 1036 534 1121 κεφαλαίῳ
548 1029 642 1121 μόνῳ
659 1028 938 1117 εὐφραινόμεθα,
962 1034 1088 1114 ἔχωμεν
1182 1049 1184 1052 ·

32 1125 35 1137 '
97 1132 133 1195 δέ
142 1156 174 1196 τι
190 1132 246 1196 καὶ
260 1126 395 1215 ἀκριβὲς
409 1132 530 1197 εἰδέναι
544 1126 581 1196 τό
599 1135 668 1195 πᾶν
681 1126 900 1209 άκοόσαντες;

172 1234 304 1296 AOYK.
328 1224 380 1295 Οὐ
393 1226 593 1311 θαυμαστόν
609 1225 697 1294 εἶναί
713 1247 765 1293 σοι
782 1232 873 1294 δοκεῖ
892 1222 976 1313 πρός
992 1224 1087 1311 Διός,

97 1321 166 1393 ἀντὶ
180 1329 243 1412 μὲν
257 1324 382 1394 δούλου
397 1352 437 1412 με
451 1326 643 1411 ἐλεύθερον,
659 1324 733 1393 ἀντὶ
743 1326 779 1393 δὲ
790 1328 929 1410 πένητος
946 1321 990 1401 ὡς
1005 1321 1088 1410 ἀλη-

93 1430 161 1503 θῶς
176 1423 352 1509 πλούσιον,
368 1421 442 1491 ἀντὶ
457 1427 493 1493 δὲ
510 1422 656 1510 ἀνοήτου
670 1451 705 1491 τε
716 1424 1018 1509 καλτετυφωμένου
1028 1450 1085 1509 γε’
1106 1430 1141 1483 4⁰

92 1525 210 1591 νέσθαι
224 1522 461 1609 μετριότερον;
511 1558 513 1564 v
1011 1588 1013 1592 ,

173 1628 204 1689 2.
227 1629 347 1691 ETAI.
370 1627 542 1708 Μέγιστον
559 1622 620 1708 μὲν
635 1615 714 1688 οὖν·
742 1619 825 1709 ἀτάρ
841 1622 936 1691 οὔπω
952 1625 1089 1711 μανθά-

95 1741 140 1787 νω
156 1727 274 1806 σαφῶς
288 1719 309 1788 ό
323 1748 355 1789 τι
370 1724 425 1790 καὶ
442 1725 557 1807 λέγεις.

172 1828 304 1888 AOYK.
326 1820 483 1906 Ἐστάλην
494 1822 556 1905 μὲν
567 1818 655 1888 εὐθὺ
670 1827 727 1906 της
742 1823 869 1900 πόλεως
884 1823 1090 1909 βουλόμενος

89 1919 205 2006 ἰατρόν
225 1917 414 2006 ὀφθαλμῶν
435 1922 629 1989 θεάσασθαί
646 1947 737 1988 τινα·
759 1919 794 1989 τό
816 1923 881 2007 γάρ
902 1948 959 2008 μοι
979 1923 1090 1999 πάθος

87 2015 122 2086 τό
141 2021 181 2087 έν
196 2025 244 2108 τῳ
260 2016 427 2110 ὀφθαλμῷ
441 2027 567 2105 μᾶλλον
584 2023 775 2088 ἐπετείνετο.

170 2126 294 2187 ΕΤΑΙ.
320 2116 403 2185 Οἶδα
419 2120 548 2186 τούτων
564 2122 703 2206 ἕκαστα,
727 2124 782 2188 καὶ
804 2117 956 2208 ηὐξάμην
972 2123 1012 2188 σέ
1022 2146 1089 2188 τινι

86 2222 262 2306 σπουδαίῳ
278 2221 451 2302 ἐπιτυχεῖν.

169 2308 305 2370 ΛΟΤΚ.
326 2304 441 2382 Δόξαν
456 2295 520 2370 οὖν
537 2329 592 2388 μοι
609 2300 664 2368 διὰ
678 2311 805 2372 πολλοῦ
817 2318 1009 2390 προσειπεῖν
1023 2311 1090 2371 Νι-

85 2414 208 2486 γρῖνον
231 2397 291 2467 τόν
312 2400 527 2469 Πλατωνικὸν
549 2401 755 2488 φιλόσοφον,
783 2405 892 2468 ἕωθεν
913 2400 1091 2481 ἐξαναστὰς

85 2497 127 2576 ὡς
144 2495 255 2566 αὐτόν
269 2496 440 2584 ἀφικόμην
463 2503 517 2566 καὶ
537 2500 644 2579 κόψας
663 2498 725 2585 την
739 2501 855 2586 θύραν
873 2507 934 2567 τοῦ
954 2504 1090 2568 παιδίου

84 2603 357 2684 εἰσαγγείλαντος
371 2595 535 2683 ἐκλήθην·
564 2600 619 2666 καί
636 2597 818 2685 παρελθόν
833 2609 911 2669 είσω
921 2607 1089 2684 καταλαμ-

83 2697 179 2780 βάνω
197 2693 259 2761 τόν
275 2697 336 2780 μὲν
352 2697 389 2762 έν
402 2699 493 2781 χερσὶ
513 2703 645 2783 βιβλίον
659 2702 785 2783 ἔχοντα,
809 2695 933 2775 πολλάς
948 2698 983 2764 δὲ
999 2697 1088 2764 είκό-
1109 2708 1141 2761 41

81 2820 142 2873 νας
157 2801 317 2862 παλαιῶν
338 2801 457 2880 σοφῶν·
474 2797 511 2862 έν
532 2796 646 2886 κύκλῳ
667 2800 828 2883 κειμένας.
860 2794 1036 2881 προῦκειτο
1052 2797 1089 2863 δὲ

81 2897 229 2981 ἐνμέσῳ
245 2895 299 2959 καὶ
315 2892 473 2960 πινάκιόν
490 2901 601 2960 τιτῶν
618 2892 684 2961 ἀπό
699 2900 898 2980 γεωμετρίας
912 2895 1089 2980 σχημάτων

78 2995 403 3078 καταγεγραμμένον
416 2995 471 3059 καί
480 3005 605 3077 σφαῖρα
619 2992 771 3078 καλάμου
782 2989 865 3077 πρὸς
875 2989 912 3060 τό
930 3001 991 3059 τοῦ
1002 3018 1088 3059 παν-

79 3091 134 3172 τός
152 3097 290 3178 μίμημα
314 3087 357 3168 ὡς
380 3091 487 3159 ἐδόκει
507 3094 720 3178 πεποιημένη.
762 3097 793 3160 3.
812 3093 944 3179 σφόδρα
964 3085 1028 3160 οὖν
1047 3118 1087 3177 με

78 3190 305 3277 φιλοφρόνως
329 3187 561 3277 ἀσπασάμενος
580 3188 693 3277 ἠρώτα
708 3189 728 3258 ό
741 3218 773 3258 τι
788 3192 971 3278 πράττοιμι.
995 3189 1087 3278 κάγω

78 3291 195 3358 πάντα
216 3286 427 3375 διηγησάμην
443 3286 543 3379 αὐτῷ,
561 3292 615 3358 καὶ
635 3293 716 3376 δῆτα
738 3293 775 3356 έν
795 3293 888 3376 μέρει
909 3293 965 3358 καὶ
988 3285 1087 3367 αότός

76 3385 203 3468 ἠξίουν
220 3388 342 3455 εἰδέναι
359 3414 390 3454 τι
405 3414 441 3456 τε
457 3387 476 3454 ό
492 3388 630 3470 πράττοι
646 3390 702 3456 καὶ
716 3393 747 3455 εί
758 3381 861 3464 αὖθις
875 3385 966 3471 αὐτῷ
979 3389 1085 3471 ἐγνω-
