2550 3825
170 192 234 257 224
518 195 824 255 AOYKIANOY

172 352 234 422 ούκ
251 352 400 435 ὀνειδίζει
415 359 537 441 λέγων,
548 347 587 421 Ὠ
602 358 748 441 βέλτιστε
758 352 936 442 Ἄπολλον,
952 351 1016 443 ἐγύ
1030 357 1092 441 μέν
1109 372 1171 420 σου

170 450 231 519 τόν
247 448 334 519 νεών
348 455 428 530 τέως
442 450 679 537 ἀστεφάνωτον
693 450 773 520 ὄντα
787 452 946 532 πολλάκις
960 450 1172 538 ἐστεφάνωσα

172 553 227 618 καὶ
242 551 386 618 τοσαῦτά
401 571 454 618 σοι
469 558 569 637 μηρία
588 550 724 636 ταύρων
739 575 774 617 τε
790 554 842 618 καί
859 553 964 637 αίγύν
981 557 1105 620 ἔκαυσα
1120 550 1171 616 ἐπὶ
1271 574 1274 581 ·

170 655 237 715 τῶν
252 656 392 735 βωμῶν,
410 646 453 715 σύ
467 651 504 716 δὲ
517 647 648 735 ἀμελεῖς
661 674 727 735 μου
742 655 879 716 τοιαῦτα
893 649 1104 726 πεπονθότος
1117 648 1173 714 καὶ

171 746 250 835 παρ’
262 749 362 816 ούόέν
372 754 501 825 τίθεσαι
513 746 573 815 τὸν
585 745 769 833 εὐεργέτην.
785 754 965 833 τοιγαροῦν
977 745 1065 815 οὕτω
1076 772 1174 814 κατε·

172 847 371 931 δυσύπησεν
385 843 489 913 αὐτόν
507 849 543 913 ἐκ
560 852 628 913 τῶν
642 845 769 931 λόγων,
786 844 869 914 ὥστε
884 843 1116 932 ἁρπασάμενος
1131 837 1172 909 τά

171 947 249 1024 τόξα
267 948 322 1012 καλ
335 943 420 1029 ὑπὲρ
435 952 496 1011 τού
511 944 733 1030 ναυστάθμου
746 952 888 1024 καθίσας
903 942 1024 1012 ἑαυτὸν
1038 942 1170 1011 κατετό-

173 1048 247 1124 ξευε
264 1050 310 1132 τῷ
323 1049 427 1131 λοιμῷ
440 1040 519 1121 τούς
538 1040 686 1127 Ἀχαιούς
701 1040 815 1121 αύταῖς
828 1041 980 1129 ἡμιόνοις
994 1044 1049 1110 καὶ
1064 1045 1171 1108 κυσίν.

104 1157 156 1212 ⁵29
174 1148 202 1209 4.
219 1142 289 1209 ἐπεὶ
304 1142 340 1206 δὲ
350 1138 437 1220 ἅπαξ
447 1147 509 1207 τοῦ
519 1138 726 1220 ’Λπόλλωνος
739 1142 928 1227 ἐμνήσθην,
943 1141 1105 1228 βούλομαι
1120 1140 1175 1205 καί

173 1238 213 1306 τά
228 1238 311 1306 ἀλλα
329 1242 448 1323 εἰπεῖν,
470 1234 492 1303 ἀ
508 1239 583 1324 περὶ
601 1237 705 1305 αὐτοῦ
726 1244 760 1307 oc
773 1241 872 1325 σοφοὶ
892 1246 961 1307 τῶν
981 1236 1174 1323 ἀνθρώπων

173 1341 345 1423 λέγουσιν,
368 1332 429 1421 ούχ
447 1333 509 1403 ὅσα
532 1338 607 1420 περὶ
621 1334 700 1416 τούς
720 1343 843 1421 ἔρωτας
859 1336 1081 1421 ἐδυστύχησεν
1096 1330 1175 1399 ούθλ

173 1444 235 1503 τοῦ
249 1432 428 1501 Ὑακίνθου
450 1431 510 1501 τόν
524 1433 633 1521 φόνον
653 1432 732 1502 οὐδὲ
746 1442 804 1522 τῆς
819 1434 962 1520 Δάφνης
976 1430 1038 1519 τήν
1052 1428 1175 1513 ὑπερο-

173 1540 270 1618 ψίαν,
287 1530 360 1600 ἀλλ’
379 1531 430 1600 ὅτι
439 1534 494 1600 καὶ
504 1535 758 1612 καταδικασθεὶς
773 1534 825 1601 ἐπὶ
839 1539 884 1623 τῷ
899 1540 967 1600 τῶν
978 1530 1175 1600 Κυκλώπων

175 1630 314 1719 θανάτῳ
324 1627 615 1717 κάξοστρακισθελς
626 1630 681 1698 διὰ
693 1639 791 1699 τοῦτο
802 1634 838 1699 ἐκ
847 1637 908 1698 τού
919 1627 1069 1716 ούρανοῦ
1079 1654 1176 1697 κατε-

176 1730 315 1814 πέμφθη
337 1730 369 1806 ἐς
396 1726 457 1815 τήν
477 1736 541 1814 γήν
566 1727 765 1819 ἀνθρωπίνη
790 1729 992 1815 χρησόμενος
1013 1734 1053 1814 τῇ
1078 1727 1176 1812 τύχη·

176 1825 231 1892 ὅτε
246 1823 286 1910 δή
303 1826 358 1892 καὶ
380 1827 562 1912 ἐθήτευσεν
578 1830 615 1894 ἐν
630 1834 788 1918 Θετταλίᾳ
810 1825 891 1911 παρ’
911 1826 1056 1918 Ἀδμήτῳ
1071 1827 1125 1893 καί
1140 1828 1176 1891 έν

177 1933 308 2011 Φρυγίᾳ
322 1920 412 2009 πάρά
422 1927 645 2011 Λαομέδοντι,
662 1924 751 2012 παρά
765 1927 872 2018 τούτῳ
883 1930 944 2013 μέν
955 1953 993 2014 γε
1007 1923 1049 1994 ού
1062 1925 1176 2012 μόνος,

177 2020 259 2089 ἀλλά
276 2019 357 2107 μετά
371 2029 431 2089 τοῦ
446 2029 656 2102 Ποσειδῶνος
670 2024 852 2112 ἀμφότεροι
864 2025 1104 2100 πλινθεύοντες
1115 2017 1174 2088 ὑπ’

176 2119 315 2206 ἀπορίας
328 2122 382 2188 καὶ
398 2123 609 2209 ἐργαζόμενοι
628 2121 665 2190 τό
680 2138 802 2210 τεῖχος,
825 2125 879 2192 καί
898 2121 975 2192 οὐδὲ
990 2125 1102 2207 ἐντελῆ
1118 2118 1175 2187 τὸν

176 2217 302 2306 μισθόν
316 2224 511 2307 ἐκομίσαντο
531 2222 620 2305 παρά
635 2229 697 2290 τοῦ
712 2223 862 2308 Φρυγός,
888 2219 971 2290 ἀλλά
987 2217 1177 2304 προσάφει-

176 2328 235 2387 λεν
251 2315 364 2396 αύτοῑς
374 2315 511 2405 πλέονή
526 2319 719 2404 τριάκοντα,
738 2327 835 2405 φασί,
854 2316 999 2405 δραχμάς
1018 2315 1177 2402 Τρωϊκάς.

176 2422 206 2485 5.
227 2413 327 2504 ήγάρ
348 2414 391 2484 ού
412 2425 515 2485 ταῦτα
532 2425 794 2504 σεμνολογοῦσιν
815 2422 850 2485 οἱ
867 2417 998 2503 ποιηταί
1018 2416 1179 2500 περὶτῶν

176 2524 269 2585 θεῶν
283 2520 338 2584 καὶ
353 2518 440 2585 πολύ
461 2519 588 2586 τούτων
602 2518 761 2604 ίερωτερα
780 2521 858 2602 περί
870 2541 906 2582 τε
919 2512 1101 2599 Ἡφαίστου
1124 2514 1180 2579 καὶ

176 2618 385 2701 Προμηθέως
404 2618 460 2683 καὶ
472 2618 610 2702 Κρόνον
629 2618 684 2684 καὶ
698 2613 784 2692 Ῥέας
805 2616 859 2683 καὶ
879 2611 999 2700 σχεδόν
1016 2610 1101 2697 ὅλης
1120 2617 1179 2698 τής
1266 2661 1271 2668 .

177 2722 239 2782 τοῦ
252 2712 336 2792 Διός
347 2719 468 2795 οίκίαςς
490 2717 544 2783 καὶ
558 2723 661 2783 ταῦτα
672 2718 958 2797 παρακαλέσαντες
968 2709 1026 2790 τάς
1037 2709 1180 2787 Μούσας

178 2810 353 2899 συνφδούς
367 2815 403 2880 ἐν
419 2813 502 2900 ἀρχῇ
516 2820 583 2880 τῶν
598 2817 703 2899 ἐπῶν,
723 2811 788 2898 ὑφ’
801 2805 848 2878 τόν
861 2809 900 2899 δή
912 2818 1026 2881 ἐνθεοι
1039 2809 1181 2897 γενόμε-

177 2937 231 2978 νοι
247 2904 291 2988 ως
304 2908 340 2977 τό
358 2910 445 2990 εἰκός
460 2911 616 3001 ᾄδουσιν,
637 2909 682 2990 ὡς
703 2910 720 2978 6
735 2911 797 2997 μὲν
811 2911 945 2998 Κρόνος
958 2909 1070 2997 ἐπειδὴ
1089 2909 1181 2994 τάχι-

178 3030 238 3077 στα
256 3012 382 3096 ἐξέτεμε
404 3009 464 3079 τόν
483 3015 606 3096 πατέρα
628 3009 687 3078 τόν
704 3007 880 3096 Οὐρανόν,
902 3008 1074 3097 ἐβασίλευέ
1086 3033 1122 3074 τε
1143 3008 1181 3074 ἐν

108 3130 160 3183 530
179 3106 268 3198 αύτῷ
279 3110 334 3176 καὶ
348 3106 388 3176 τά
403 3111 501 3176 τέκνα
515 3112 697 3197 κατήσθιεν
706 3108 818 3198 Ιόίσπερ
830 3106 847 3177 6
861 3107 1004 3195 Ἀργεῑος
1016 3109 1181 3192 Θυέστης·

177 3207 320 3291 ὕστερον
337 3208 373 3275 δὲ
388 3204 406 3276 6
422 3206 506 3287 Ζεύς
520 3213 653 3289 κλαπεὶς
671 3206 735 3277 ὑπὸ
755 3215 812 3296 τῆς
828 3205 912 3288 Ῥέας
928 3204 1182 3295 ὑποβαλομένης

176 3304 238 3374 τόν
253 3314 353 3375 λίθον
373 3309 407 3385 ἐς
422 3305 484 3393 τήν
500 3310 635 3395 Κρήτην
651 3309 796 3387 ἐκτεθεὶς
817 3306 876 3376 ὑπ’
894 3305 987 3393 αἰγός
1008 3305 1181 3390 ἀνετράφη

177 3405 331 3492 καθάπερ
348 3403 366 3473 6
387 3404 538 3492 Ῥήλεφος
551 3403 617 3474 ὑπὸ
643 3409 771 3494 ἐλάφου
785 3407 839 3475 καὶ
855 3404 871 3472 6
889 3408 1020 3493 Πέρσης
1035 3411 1148 3490 Κῦρος
1163 3397 1180 3468 6
