2550 3825
182 177 224 239 20
525 178 824 238 AOYKIANOT

183 340 243 404 τδν
256 340 402 406 ἐνταῦθα
418 335 581 424 θόρυβον,
598 336 812 421 συκοφάντας
831 342 885 406 καὶ
898 336 1179 425 προσαγορεύσεις

183 436 421 523 ὑπερηφάνους
435 440 489 504 καί
501 441 618 504 δεῖπνα
633 437 688 502 καὶ
702 435 845 514 κόλακας
857 437 912 503 καὶ
922 441 1114 521 μιαιφονίας
1124 435 1179 501 καὶ

185 539 357 621 διαθηκῶν
375 539 573 617 προσδοκίας
588 536 643 601 καὶ
655 540 765 615 φιλίας
781 536 1019 616 ἐπιπλάστονςς
1039 530 1061 619 ἢ
1079 540 1113 602 τί
1124 533 1179 599 καὶ

184 635 323 719 πράξειν
344 638 526 719 διέγνωκας
547 627 617 716 μήτ’
646 629 913 700 ἀπαλλάττεσθαι
934 635 1014 719 μήτε
1035 640 1180 719 χρῆσθαι

183 748 250 811 τοῖς
266 738 453 800 καθεστῶσι
468 729 673 814 δυνάμενος;
713 733 763 797 18.
785 729 874 797 οὑτω
896 730 936 816 δὴ
951 730 1180 817 βουλευσάμε-

186 858 242 910 νος
255 834 310 900 καὶ
327 830 481 912 καθάπερ
494 824 511 893 ὁ
527 823 611 903 Ζεύς
624 823 685 893 τόν
694 825 835 914 Ἕκτορα
846 826 1064 915 ὑπεξαγαγῶν
1076 833 1179 915 ἐμαυ-

183 928 243 999 τόν
259 934 294 999 ἐκ
311 934 446 1017 βελέων,
462 932 574 1012 φησίν,

129 1042 162 1097 ⁶7
270 1034 306 1095 ἔκ
321 1024 345 1094 τ’
363 1026 603 1109 ἀνδροκτασίης
618 1028 654 1089 ἔκ
668 1024 708 1092 θ’
722 1029 859 1110 αἵματος
872 1032 908 1093 ἔκ
923 1053 958 1093 τε
975 1031 1138 1113 κυδοιμοῦ

183 1123 219 1193 τό
231 1122 350 1193 λοιπόν
362 1129 529 1208 οἰκουρεῖν
541 1121 676 1207 εἱλόμην
690 1126 744 1190 καὶ
757 1129 832 1209 βίον
842 1121 917 1191 τινά
928 1132 1048 1192 τοῦτον
1061 1151 1181 1210 γυναι-

184 1225 275 1310 κιόδη
292 1227 346 1291 καί
361 1221 507 1307 άτολμον
528 1234 595 1298 τοῖς
608 1230 743 1300 πολλοῖς
763 1226 928 1289 δοκοῦντα
942 1226 1182 1308 προτιθέμενος

184 1320 268 1410 αὑτῇ
291 1326 471 1407 φιλοσοφία
492 1321 547 1385 καὶ
571 1320 727 1388 Πλάτωνι
754 1320 810 1387 καὶ
831 1317 973 1411 άληθείηι
992 1328 1180 1405 προσλαλῶ,

185 1423 238 1489 καὶ
253 1427 394 1499 καθίσας
407 1415 551 1505 ἐμαυτόν
563 1416 675 1500 ῶσπερ
691 1420 729 1485 ἐν
741 1416 873 1507 θεάτρῳ
888 1418 1082 1510 μυριάνδρῳ
1093 1420 1182 1504 σφό·

185 1524 248 1604 δρα
264 1542 331 1585 που
352 1518 513 1603 μετέωρος
531 1518 698 1583 ἐπισκοπῶ
720 1514 761 1582 τά
786 1518 979 1604 γιγνόμενα,
1000 1526 1099 1585 τοῦτο
1118 1519 1183 1603 μὲν

185 1613 313 1702 πολλὴν
339 1622 554 1700 ψυχαγωγίαν
586 1618 641 1682 καὶ
666 1619 790 1700 γέλωτα
817 1619 972 1700 παρέχειν
997 1617 1182 1700 δυνάμενα,

184 1723 282 1785 τούτο
299 1716 403 1782 δὲκαὶ
420 1728 538 1799 πεῖραν
553 1711 675 1798 άνδρός
693 1710 737 1793 ῶς
753 1712 888 1799 άληθῶς
901 1721 1038 1801 βεβαίου
1054 1722 1181 1801 λαβεῖν.

187 1822 235 1884 19.
255 1819 285 1882 εί
296 1811 361 1899 γάρ
376 1810 437 1898 χρὴ
453 1816 508 1879 καὶ
524 1818 638 1878 κακῶν
651 1817 791 1879 ἔπαινον
805 1818 924 1893 εἰπεῖν,
946 1812 989 1900 μὴ
1011 1811 1186 1901 ὑπολάβῃς

185 1914 294 2001 μεῖζόν
304 1939 335 1979 τι
348 1910 535 1997 γυμνάσιον
547 1906 694 1996 άρετῆςῆ
708 1919 765 1999 τῆς
776 1919 881 1999 ψυχῆς
893 1919 1089 2000 δοκιμασίαν
1098 1910 1185 1999 άλη-

185 2012 349 2094 θεστέραν
362 2013 460 2095 τῆσδε
476 2016 534 2095 τῆς
549 2008 677 2087 πόλεως
691 2014 744 2077 καί
761 2018 819 2097 τῆς
834 2015 984 2079 ἐνταῦθα
1001 2016 1184 2098 διατριβῆς·

186 2109 227 2178 ού
242 2105 308 2195 γάρ
322 2105 444 2194 μικρόν
461 2105 626 2192 άντισχεῖν
639 2108 816 2186 τοσαύταις
832 2108 893 2194 μὲν
908 2111 1109 2195 ἐπιθυμίαις,
1124 2135 1186 2176 το-

185 2207 318 2284 σούτοις
332 2205 368 2272 δὲ
384 2205 533 2290 θεάμασί
543 2231 578 2272 τε
592 2209 646 2272 καὶ
661 2203 848 2292 άκούσμασι
862 2208 1033 2275 πάντοθεν
1046 2209 1188 2276 ἕλκουσι

186 2310 241 2375 καὶ
255 2303 612 2390 άντιλαμβανομίνοις,
634 2302 708 2372 ἀλλ’
731 2303 875 2391 άτεχνῶς
890 2309 943 2372 δεῖ
952 2302 1012 2371 τὸν
1023 2303 1188 2373 Ὀδυσσέα

184 2402 416 2492 μιμησάμενον
435 2411 620 2485 παραπλεῖν
643 2400 728 2470 αὑτά
750 2403 794 2489 μὴ
818 2407 996 2489 δεδεμένον
1018 2400 1063 2469 τῶ
1083 2417 1188 2491 χεῖρε,

130 2517 165 2570 ⁶8
185 2503 297 2572 δειλόν
311 2501 387 2590 γάρ,
402 2504 485 2588 μηδὲ
499 2501 538 2569 τά
558 2495 625 2569 ύτα
640 2509 732 2592 κηρῷ
748 2502 972 2586 φραξάμενον,
983 2497 1060 2568 ἀλλ’
1076 2498 1184 2569 άκού-

185 2628 264 2670 οντα
279 2603 334 2670 καί
353 2602 535 2684 λελυμένον
550 2601 604 2668 καὶ
627 2597 762 2685 άληθῶς
783 2598 1012 2687 ὑπερήφανον.
1055 2606 1106 2668 20.
1130 2607 1186 2670 ἔν.

185 2721 253 2768 εστι
268 2701 304 2767 δὲ
319 2700 373 2766 καὶ
389 2703 591 2782 φιλοσοφίαν
612 2698 786 2783 θαυμάσαι
809 2705 1096 2784 παραθεωροῦντα
1119 2699 1185 2786 τὴν

184 2795 349 2881 τοσαύτην
364 2793 494 2879 άνοιαν,
511 2797 565 2862 καὶ
582 2803 649 2862 τῶν
664 2805 720 2882 τῆς
733 2798 834 2884 τύχης
848 2795 990 2883 άγαθῶν
1011 2825 1191 2884 καταφρο-

185 2910 255 2964 νεῖν
273 2893 403 2978 ὁρῶντα
416 2891 525 2977 ὥσπερ
541 2896 578 2961 ἐν
592 2904 698 2984 σκηνῇ
706 2900 761 2964 καὶ
771 2898 1025 2987 πολυπροσῶπφ
1041 2899 1196 2983 δράματι

185 2991 244 3064 τόν
254 2991 316 3079 μὲν
330 2995 362 3072 ἐξ
378 2994 506 3060 οἰκέτου
519 2994 683 3080 δεσπότην
693 2993 862 3080 προῖόντα,
877 2992 938 3061 τόν
949 2993 980 3060 δ’
993 2993 1065 3062 άντὶ
1074 3004 1197 3064 πλου·

184 3100 260 3162 σίου
271 3093 405 3177 πένητα,
420 3088 479 3159 τόν
492 3095 528 3159 δὲ
542 3093 714 3177 σατράπην
731 3095 766 3159 ἐκ
780 3095 919 3178 πένητος
929 3088 951 3178 ἢ
962 3096 1109 3179 βασιλέα,
1121 3093 1198 3165 τόν

185 3196 221 3260 δὲ
236 3195 336 3276 φίλον
349 3188 481 3276 τούτου,
498 3187 558 3258 τόν
576 3191 611 3258 δὲ
626 3190 762 3276 ἐχθρόν,
777 3187 837 3258 τόν
853 3190 890 3257 δὲ
905 3192 1059 3276 φυγάδα·
1081 3201 1197 3267 τοῦτο

183 3287 248 3372 γάρ
264 3313 314 3356 τοι
329 3290 383 3355 καί
397 3286 434 3356 τό
450 3289 643 3356 δεινότατόν
659 3293 760 3373 ἐστιν,
782 3287 833 3357 ὅτι
848 3298 954 3357 καίτοι
969 3300 1201 3379 μαρτυρομέ-

185 3415 245 3473 νης
259 3393 315 3471 τῆς
335 3386 441 3473 Τύχης
456 3394 583 3469 παίζειν
593 3387 633 3456 τά
645 3396 714 3455 τῶν
729 3388 922 3475 ἀνθρώπων
934 3387 1111 3475 πράγματα
1127 3400 1201 3466 καὶ
