2550 3825
175 176 216 259 ιε
526 182 833 243 Λονπικιιον

260 346 422 411 ΠΛονν.
456 339 529 411 οὐκ
550 340 602 410 εει
622 348 739 427 τοῦτο,
766 332 922 428 θερμῇ,
946 337 1021 408 εντ’
1045 337 1172 407 azam

176 434 239 522 μὲν
261 433 349 506 ἀπίω
371 439 460 527 παρά
480 467 556 508 τινα
569 443 736 526 πεμφθεὶς
752 437 818 507 ὑπὸ
834 446 897 507 τοῦ
912 440 1012 523 Διός,
1033 434 1095 506 οόιι
1108 435 1173 505 οἶδ’

176 533 267 614 ὅπως
283 539 411 623 βραδύς
435 544 500 625 είμι
519 542 573 608 καὶ
591 536 696 625 χωλός
715 536 931 624 ἀμφοτέροις,
955 535 999 616 ῶς
1013 543 1107 623 μόλις
1119 563 1175 604 τε·
1272 563 1273 604 ι

178 642 251 703 λεσν
273 638 325 703 ἐπὶ
345 634 383 705 τό
405 639 523 725 τέρμα,
545 636 819 724 προγηράσαντος
840 639 945 704 ἐνίοτε
964 643 1026 703 τοῦ
1040 639 1174 722 περιμέ-

176 758 304 820 νοντος,
315 730 442 802 ὁπόταν
448 736 484 803 δὲ
490 732 837 825 ἀπαλλάττεσθαιδέη,
848 733 976 823 πτηνόν
988 733 1074 820 ὄψει,
1085 732 1174 802 πολύ

176 838 244 899 τῶν
265 829 408 918 ὀνείρων
431 832 614 919 ύκύτερον·
638 833 707 921 ἅμα
726 842 812 922 γοῦν
831 832 988 921 ἐπεσενὴ
1012 833 1172 919 ὕσπληγξ,

176 927 270 1018 κάγῶ
290 930 354 1019 ἤδη
377 930 646 1021 ἀνακηρύττομαι
663 933 862 1020 νευικηκοός,
884 931 1119 1020 ὑπερπηδήσας
1134 932 1172 1001 τό

177 1029 314 1099 στάδιον
329 1029 408 1099 οὐδὲ
426 1033 567 1100 ἰδόντων
581 1036 685 1101 ἐνίοτε
698 1039 766 1099 τῶν
779 1040 923 1101 θεατῶν.

260 1136 364 1197 ΕΡΜ.
389 1128 462 1198 Ούκ
477 1129 587 1217 ἀληθῆ
604 1138 709 1199 ταῦτα
723 1130 804 1217 φής·
826 1132 892 1217 ἐγῶ
908 1136 949 1218 γέ
960 1159 1012 1201 τοι
1028 1130 1174 1211 πολλοὺς

111 1241 155 1295 131
178 1222 223 1293 ἀν
232 1233 335 1296 εἰπεῖν
348 1234 454 1315 έχοιμί
463 1249 516 1296 σοι
530 1230 608 1314 χθὲς
617 1226 906 1316 μὲνούδὲόβολόν,
918 1229 1002 1299 ῶστε
1012 1239 1174 1318 πρίασθαι

177 1327 318 1413 βρόχον,
335 1326 521 1413 ἐσχηκότας,
536 1324 634 1414 ἀφνω
647 1328 683 1395 δὲ
693 1328 841 1415 τήμερον
852 1336 1032 1408 πλουσίους
1045 1330 1101 1397 καὶ
1111 1353 1176 1396 πο-

177 1432 323 1502 λυτελεῖς
343 1427 396 1493 ἐπὶ
412 1432 534 1494 λευκοῦ
546 1426 683 1512 ζεύγους
694 1428 946 1514 ἐξελαύνοντας,
961 1424 1010 1508 οἷς
1021 1426 1099 1497 οὑδὲ
1110 1425 1176 1497 κάν

177 1521 255 1601 όνος
268 1521 394 1611 ὑπῆρξε
408 1525 549 1593 πῶποτε.
577 1529 632 1594 καὶ
645 1524 736 1613 ὅμως
751 1541 924 1613 πορφυροῖ
937 1530 992 1595 καὶ
1004 1528 1176 1613 χρυσόχει-

178 1647 233 1706 ρες
254 1626 483 1708 περιέρχονται
504 1622 578 1692 οὐδ’
595 1623 689 1693 αύτοὶ
711 1625 925 1704 πιστεύοντες
946 1624 1036 1713 οἶμαι
1056 1625 1108 1696 ότι
1129 1628 1174 1714 μὴ

178 1719 262 1804 ὄναρ
280 1728 492 1791 πλουτοῦσιν.

262 1824 312 1885 21.
345 1825 507 1888 HAOYT.
531 1818 700 1906 -Ἑτεροῖον
715 1820 808 1890 τοῦτ’
825 1825 928 1910 ἐστίν,
947 1815 975 1890 ιά
985 1821 1103 1910 Ἑρμῆ,
1120 1826 1175 1893 καὶ

178 1915 252 2003 ούχλ
266 1932 335 1996 τοῖς
350 1921 496 2004 ἐμαυτοῦ
510 1924 586 1989 ποσὶ
602 1927 724 2009 βαδιζω
738 1923 830 2008 τότε,
851 1919 931 1990 ούδέ
945 1920 963 1991 ὁ
975 1925 1076 2009 Ζεύς,
1099 1921 1174 1992 ἀλλ’

177 2013 195 2084 ὁ
211 2015 375 2084 Πλούτων
392 2015 585 2086 ἀποστέλλει
595 2046 635 2104 με
649 2017 728 2107 παρ’
748 2018 870 2100 αύτούς
881 2020 939 2089 ἅτε
950 2022 1174 2109 πλουτοδότης

176 2118 232 2184 καὶ
245 2116 476 2202 μεγαλόδωρος
489 2119 544 2186 καὶ
558 2117 660 2197 αύτός
677 2120 743 2188 ῶν·
766 2125 863 2206 δηλοῖ
875 2129 960 2206 γοῦν
973 2125 1028 2190 καὶ
1037 2129 1082 2212 τῶ
1094 2120 1172 2190 όνό-

176 2241 261 2301 ματι.
284 2211 419 2283 ἐπειδάν
443 2221 559 2283 τοίνυν
573 2224 826 2304 μετοικισθῆναι
841 2221 900 2308 δέη
913 2246 954 2306 με
967 2217 1042 2303 παρ’
1061 2223 1187 2304 ἐτέρου.

176 2311 261 2398 πρός
275 2316 406 2400 ἕτερον,
427 2317 460 2393 ἐς
476 2317 591 2382 δέλτου
609 2317 809 2403 ἐμβαλόντες
822 2343 862 2404 με
873 2320 928 2386 καί
938 2319 1173 2405 κατασημηνά-

112 2431 160 2486 132
178 2438 274 2500 μενοι
296 2415 457 2499 ἐπιμελῶς
475 2413 628 2500 φορηδὸν
642 2412 805 2500 ἀράμενοι
821 2423 1087 2502 μετακομίζουσι·
1117 2421 1173 2486 καὶ

178 2510 196 2582 ὑ
211 2512 274 2599 μὲν
286 2510 405 2597 νεκρός
420 2515 457 2580 έν
470 2521 629 2602 σκοτεινῷ
643 2521 712 2580 ποῦ
724 2521 782 2599 τῆς
792 2519 897 2592 οἰκίας
907 2514 1078 2597 πρόκειται
1088 2514 1173 2600 ὑπὲρ

177 2607 217 2677 τά
239 2609 365 2694 γόνατα
385 2616 509 2699 παλαιᾷ
529 2618 569 2699 τῇ
584 2608 695 2698 ὀθόνη
710 2611 930 2697 σκεπόμενος,
951 2614 1174 2699 περιμάχητος

177 2719 248 2783 ταῖς
266 2714 397 2792 γαλαῖς,
414 2710 470 2793 ἐμὲ
491 2711 526 2774 δὲ
547 2713 581 2776 οί
601 2711 833 2788 ἐπελπίσαντες
848 2711 886 2777 ἐν
901 2716 941 2797 τῇ
956 2706 1062 2798 ἀγορᾷ
1078 2735 1175 2793 περι-

179 2806 317 2890 μένουσι
337 2805 510 2891 κεχηνότες
529 2804 640 2890 ῶσπερ
660 2805 722 2893 τὴν
735 2807 889 2893 χελιδόνα
902 2811 1175 2894 προσπετομένην

177 2903 359 2988 τετριγότες
373 2909 407 2972 ολ
425 2912 561 2973 νεοττοί.
596 2911 647 2973 22.
667 2904 804 2972 ἐπειδὰν
820 2907 855 2974 δὲ
868 2904 905 2973 τό
920 2921 1058 2992 σημεῖον
1072 2903 1175 2990 ἀφαι-

177 3007 263 3088 ρεθῇ
273 3003 328 3068 καὶ
338 2997 374 3068 τό
387 3007 482 3069 λίνον
494 3005 642 3090 ἐντμηθῇ
653 3001 738 3089 καὶὴ
751 3005 863 3082 δέλτος
872 3001 1015 3092 ἀνοιχθῇ
1025 3005 1078 3071 καί
1089 3000 1174 3068 ἀνα·

111 3119 159 3173 133
177 3105 330 3188 κηρυχθῇ
341 3125 407 3185 μου
418 3098 435 3168 ὁ
448 3099 562 3180 καινὸς
575 3101 814 3189 δεσπότηςῆτοι
820 3105 1036 3189 συγγενήςτις
1046 3099 1068 3190 ἢ
1073 3103 1174 3183 κόλαξ

175 3191 198 3283 ἢ
213 3197 414 3281 καταπύγων
427 3199 554 3284 οἰκέτης
567 3200 603 3265 ἐκ
617 3203 782 3266 παιδικῶν
791 3205 911 3285 τίμιος,
928 3195 1174 3286 ὑπεξυρημένος

177 3299 225 3363 ἐτι
237 3290 299 3381 τὴν
309 3294 453 3380 γνάθον,
476 3293 550 3363 ἀντὶ
560 3303 721 3362 ποικίλων
730 3297 786 3364 καὶ
796 3300 1018 3364 παντοδαπῶν
1028 3294 1174 3383 ἡδονῶν,

176 3388 216 3469 ἀς
237 3388 301 3479 ἤδη
321 3395 441 3479 ἔξωρος
453 3387 502 3460 ῶν
517 3391 725 3481 ὑπηρέτησεν
742 3391 848 3484 αύτῷ,
868 3398 950 3482 μέγα
964 3390 1001 3462 τό
1017 3400 1174 3479 μίσθωμα
