2550 3825
500 209 625 265 ΑΛΙΕ
635 209 701 265 ΤΣ.
1042 203 1104 266 λ53

102 362 302 447 εὐπρέπειαν
312 371 358 454 τῷ
367 363 586 456 ἀθεραπεύτῳ
596 370 752 433 δοκοῦντι
761 371 1009 453 προσχρωμένη.
1023 366 1106 433 ὑπε-

102 469 241 548 φαίνετο
261 467 349 532 δέτι
374 466 430 531 καὶ
453 463 620 549 ψιμύθιον
639 467 694 531 καὶ
715 471 822 548 φῦκος
842 467 897 530 καὶ
917 462 957 531 τά
977 463 1106 549 βήματα

101 561 211 628 πάντα
227 560 389 645 ἑταιρικό-
418 565 472 628 καί
492 563 714 648 ἐπαινουμένη
736 559 802 629 ὑπό
827 570 894 629 τών
911 566 1058 646 ἐραστῶν
1074 564 1106 639 ἐς

102 659 224 736 κάλλος
239 664 363 745 ἔχαιρε,
389 661 444 726 καὶ
459 664 488 726 εί
501 662 574 742 δοίη
594 683 659 742 τις,
681 665 862 743 προχείρως
882 662 1024 745 ἐδέχετο,
1052 660 1107 726 καί

102 753 181 834 τούς
201 759 465 841 πλουσιωτέρους
482 750 526 822 ἀν
545 760 843 842 παρακαθισαμένη
864 761 1005 841 πλησίον
1027 751 1106 834 τοῦς
1124 767 1170 822 581

103 857 246 938 πένητας
258 858 326 919 τῶν
340 855 488 936 έραστών
502 851 582 919 οὐδὲ
598 856 811 939 προσέβλεπε.
835 853 993 932 πολλάκις
1005 852 1042 920 δὲ
1053 856 1107 922 καὶ

103 955 336 1037 γυμνωθείσης
347 948 448 1038 αὐτῆς
460 948 542 1019 κατὰ
557 950 594 1018 τό
606 950 768 1018 ἀκούσιον
786 953 900 1038 ἑώρων
915 955 1106 1037 περιδέραια

103 1072 228 1133 χρυσέα
240 1055 307 1115 τών
317 1056 441 1116 κλοιῶν
451 1050 628 1135 παχύτερα.
650 1052 704 1117 ἐπὶ
715 1051 821 1127 πόδας
834 1042 899 1117 οὖν
912 1046 1018 1127 εύθδς
1029 1047 1106 1116 ἀνέ-

104 1167 250 1230 στρεφον
268 1151 429 1232 οἰκτείρας
451 1147 574 1233 δηλαδὴ
596 1146 675 1226 τοὺς
695 1152 938 1233 κακοδαίμονας
960 1150 1107 1224 ἐκείνους

106 1241 147 1310 ού
161 1251 218 1329 τῆς
230 1244 338 1331 ῥινός,
354 1242 436 1312 ἀλλά
448 1252 509 1312 τοῦ
520 1245 681 1331 πώγωνος
695 1248 894 1331 ἑλκομένους
910 1243 992 1329 πρὸς
1006 1242 1108 1329 αὐτῆς

105 1339 257 1408 καὶκατὰ
273 1366 332 1408 τον
344 1339 459 1420 Ἰξίονα
477 1344 601 1430 εἰδώλῳ
616 1341 690 1410 ἀντὶ
704 1341 872 1429 τῆςἭρας
888 1343 1056 1423 ξυνόντας.

192 1444 241 1506 13.
268 1446 402 1506 ΠΛΑΤ.
433 1447 539 1507 Τοῦτο
563 1443 624 1526 μὲν
646 1438 758 1522 ὀρθῶς
781 1444 890 1521 ἔλεξας
941 1438 1019 1507 οὐδὲ
1044 1437 1106 1525 γάρ

106 1537 272 1622 πρόδηλος
283 1534 362 1605 οὐδὲ
376 1545 459 1604 πᾶσι
469 1539 635 1624 γνώριμος
648 1535 669 1624 ἦ
683 1538 786 1623 θύρα.
809 1534 898 1624 πλὴν
912 1535 996 1605 ἀλλά
1007 1534 1107 1602 οὐδὲν

106 1634 216 1719 δεήσει
231 1637 374 1720 βαδίζειν
391 1637 444 1703 ἐπὶ
463 1633 525 1721 τὴν
540 1642 663 1703 οίκίαν·
692 1638 841 1703 ἐνταῦθα
863 1633 927 1721 γάρ
943 1638 980 1702 έν
997 1641 1108 1720 Κερα-

106 1739 208 1820 μεικῷ
218 1731 453 1818 ὑπομενοῦμεν
466 1732 579 1820 αύτήν.
600 1731 621 1819 ἡ
634 1731 741 1820 δὲῆδη
752 1757 819 1799 που
830 1730 979 1817 ἀφίξεται
992 1734 1108 1799 έπανι-

107 1838 191 1897 οῦσα
211 1833 244 1910 ἐξ
270 1829 481 1921 Ἀκαδημίας,
510 1831 554 1911 ώς
576 1833 807 1921 περιπατήσειε
829 1835 884 1899 καί
904 1834 940 1898 έν
963 1838 1003 1919 τῇ
1023 1837 1108 1897 Ποι-

105 1937 196 2018 κίλη·
218 1940 315 1999 τοῦτο
330 1930 489 2019 ὁσημέραι
510 1946 617 2000 ποιεῖν
631 1927 828 2019 έδοςάύτῇ·
850 1930 1025 2016 μᾶλλονδὲ
1042 1926 1105 2014 ἤδη
1125 1938 1175 1992 582

107 2030 329 2111 προσέρχεται.
349 2026 430 2117 ὁρᾷς
443 2027 506 2115 τὴν
523 2030 679 2116 κόσμιον,
699 2026 761 2115 τὴν
775 2026 840 2095 ἀπὸ
856 2036 917 2095 τοῦ
935 2027 1107 2111 σχήματος,

107 2120 168 2207 τὴν
185 2132 335 2209 προσηνῆ
358 2121 395 2192 τό
414 2129 557 2211 βλέμμα,
581 2123 644 2213 την
663 2127 715 2191 έπί
732 2131 872 2211 συννοίᾳ
894 2122 999 2210 ἠρέμα
1013 2126 1109 2207 βαδί-

108 2225 244 2300 ζουσαν;

191 2325 321 2387 ΛΟΤΚ.
342 2317 474 2397 Πολλὰς
489 2318 603 2404 ὁμοίας
618 2319 688 2403 ὁρώ
702 2320 741 2389 τό
751 2345 787 2386 τε
801 2328 907 2405 σχῆμα
925 2321 981 2387 καί
994 2317 1031 2384 τό
1046 2319 1109 2404 βά·
1126 2332 1176 2384 583

108 2422 207 2502 δισμα
222 2421 277 2486 καί
287 2415 349 2505 τὴν
360 2415 538 2505 ἀναβολήν.
561 2426 666 2486 καίτοι
680 2427 738 2505 μία
754 2418 885 2494 πάντως
895 2414 918 2502 η’
928 2442 966 2501 γε
980 2413 1108 2501 ἀληθὴς
1125 2430 1178 2485 584

107 2522 292 2603 Φιλοσοφία
309 2518 397 2585 ἐστὶν
413 2518 450 2583 ἐν
469 2513 590 2593 αὐταῖς.

189 2623 321 2683 ΠΛΑΤ.
347 2607 401 2684 Πύ
415 2619 530 2701 λέγεις.
559 2613 643 2683 ἀλλά
664 2616 805 2701 δηλώσει
826 2612 897 2701 ἥτις
913 2616 981 2682 έστί
1000 2624 1109 2700 φθεγ-

107 2719 229 2801 ξαμένη
243 2716 359 2801 μόνον.

191 2818 239 2880 14.
264 2821 353 2881 ΦΙΛ.
377 2820 505 2880 Παπαῖ·
537 2820 571 2880 τί
586 2811 731 2880 Πλάτων
750 2812 806 2878 καί
819 2809 1016 2894 Χρύσιππος
1038 2808 1108 2876 ἀνω

107 2912 160 2977 καί
171 2908 392 2996 Ἀριστοτέλης
406 2913 461 2978 καὶ
475 2914 509 2978 οί
521 2908 615 2978 ἀλλοι
631 2910 769 2992 πάντες,
791 2905 875 2975 αύτά
891 2906 932 2994 δὴ
946 2905 987 2974 τά
1002 2906 1109 2992 κεφά-

106 3007 184 3074 λαιά
198 3034 264 3092 μου
279 3014 347 3073 τών
362 3006 587 3092 μαδημάτωνς
607 3016 640 3073 τί
651 2999 754 3084 αὖθις
764 3007 796 3082 ἐς
811 3002 872 3071 τόν
885 3010 977 3090 βίον;
998 2996 1063 3088 ἀραί
1077 3031 1108 3069 τι

107 3101 193 3188 ὑμᾶς
207 3104 321 3171 ἐλύπει
334 3111 402 3171 τών
422 3105 529 3186 κάτως
552 3102 775 3189 ὀργιζομένοις
789 3110 875 3188 γοῦν
891 3104 1026 3169 ἐοίκατε.
1054 3101 1109 3168 καί

107 3206 180 3266 τίνα
197 3209 317 3269 τοῦτον
331 3202 551 3289 ξυλλαβόντες
570 3199 682 3285 ἄγετες
706 3192 729 3285 ἦ
746 3223 812 3265 που
825 3199 1042 3285 τυμβωρύχος
1061 3224 1110 3276 τις

107 3292 128 3380 ἢ
144 3294 354 3385 ἀνδροφόνος
369 3294 391 3386 ἢ
406 3297 575 3383 ίερόσνλός
591 3303 674 3376 έστι;

190 3403 322 3464 ΠΛΑΤ.
345 3394 400 3483 Νη
415 3394 489 3482 Δί,
509 3390 535 3462 ώ
553 3403 754 3482 Φιλοσοφία,
769 3395 907 3465 πόντων
920 3422 959 3483 γε
975 3391 1109 3479 ίεροσύ-
