2550 3825
463 184 776 242 ΕΡΜΟΤΙΜΟΣ.
1059 180 1120 244 381

122 347 233 430 μένων
246 350 378 411 πείθειν
392 340 478 429 ἡμᾶς
498 341 666 428 βιάζονται
682 346 821 427 εἰδέναι,
844 346 881 409 αί
899 342 935 410 δὲ
949 357 1017 419 τοῖς
1030 341 1121 408 πάνυ

121 442 299 528 προδήλοις
309 440 348 508 τά
359 438 568 526 ἀφανέστατα
578 432 806 506 συνάπτουσαι
818 436 919 506 οὐδὲν
927 437 1039 516 αὐτοῖς
1049 465 1121 506 κοι-

121 546 296 605 νωνοῦντα
311 535 491 616 ἀποδείξεις
501 535 590 624 ὅμως
604 533 716 603 αὐτῶν
730 535 814 603 εἶναι
830 537 1035 622 φάσκουσιν,
1055 534 1121 603 ὤσ-

121 659 183 718 περ
197 645 229 702 εί
238 661 286 714 τις
300 645 401 704 οίοιτο
413 633 596 714 ἀποδείξειν
606 632 691 702 εἶναι
704 635 824 720 θεούς,
840 636 924 702 διότι
939 637 1044 722 βωμοὶ
1058 632 1122 700 αὐ-

57 791 58 794 ,
120 739 188 799 τῶν
203 729 296 810 ὅντες
310 740 494 819 φαίνονται.
518 730 616 817 ὥστε,
634 725 661 799 ἀ
670 730 858 819 Ἑρμότιμε,
873 730 936 800 ούκ
954 730 1017 800 οἶδ’
1033 730 1122 811 ὅπως

120 829 275 912 καθάπερ
290 834 325 897 οί
337 833 373 896 ἐν
393 830 505 918 κύκλῳ
524 834 661 907 θέοντες
675 831 726 897 ἐπὶ
746 827 807 915 τήν
828 827 932 916 αὐτὴν
947 827 1051 915 ἀρχὴν
1066 825 1121 896 καὶ
1138 835 1189 890 813

121 924 264 1010 ἀπορίαν
277 929 581 1014 ἐπανεληλύθαμεν.

206 1030 257 1093 71.
279 1033 383 1093 ΕΡΜ.
413 1022 477 1094 Οἷά
500 1052 540 1111 με
561 1027 720 1114 είργάσω,
743 1018 926 1109 εόΛυκῖνε,
948 1025 1121 1108 ἄνθρακάς

121 1147 178 1206 μοι
189 1119 249 1188 τόν
258 1121 436 1207 θησαυρόν
444 1121 630 1209 ἀποφήνας,
646 1125 700 1191 καὶ
713 1119 756 1201 ὡς
767 1128 875 1190 ἐοικεν
887 1120 1058 1191 ἀπολεῖταί
1065 1147 1121 1209 μοι

121 1218 162 1286 τά
177 1228 319 1288 τοσαῦτα
336 1227 391 1308 ἐτη
407 1226 461 1288 καὶ
478 1220 495 1289 ὁ
512 1219 688 1308 κάματοςό
705 1220 819 1298 πολύς.

204 1324 305 1386 ΛΤΚ.
322 1316 428 1405 Ἀλλ’,
444 1312 664 1405 τάῈρμότιμε,
680 1317 767 1386 πολύ
782 1324 916 1387 ἔλαττον
931 1316 1063 1406 ἀνιάσῃ,
1078 1313 1122 1404 ήν

122 1417 282 1503 ἐννοήσῃς
292 1415 343 1484 ότι
355 1414 396 1484 ού
407 1419 509 1503 μόνος
523 1422 584 1497 ἐξω
598 1420 708 1503 μένεις
718 1425 786 1484 τῶν
799 1419 1024 1484 ἐλπισθέντων
1038 1415 1122 1502 ἀγα-

120 1519 212 1596 θῶν,
228 1510 310 1580 ἀλλά
325 1515 461 1600 πάντες,
478 1512 520 1592 ὡς
537 1520 613 1593 ἔπος
631 1519 750 1599 εἰπεῖν,
766 1517 840 1598 περὶ
854 1512 937 1582 όνον
950 1522 1045 1592 σκιᾶς
1057 1512 1122 1598 μά-

120 1636 235 1696 χονται
249 1617 283 1678 οί
296 1619 565 1697 φιλοσοφοῦντες.
580 1607 610 1698 ή
625 1612 753 1697 τίςεάρα
770 1613 906 1679 δύναιτο
922 1609 967 1679 δι’
986 1614 1122 1678 ἐκείνων

122 1707 280 1804 ἁπάντων
294 1718 439 1797 χωρῆσαι
459 1702 507 1778 τόν
523 1716 627 1796 ἐφην;
657 1708 738 1797 ὅπερ
759 1709 927 1778 ἀδύνατον
946 1715 1001 1780 καὶ
1022 1707 1121 1788 αὐτὸς

121 1810 226 1892 λέγεις
237 1809 328 1875 είναι.
351 1817 416 1877 νύν
428 1809 464 1876 δὲ
478 1807 595 1895 ὅμοιόν
605 1835 661 1895 μοι
672 1814 780 1888 δοκεῖς
790 1824 898 1877 ποιεῖν
910 1807 1020 1892 ὥσπερ
1033 1817 1122 1885 εἴτις

122 1907 262 1988 δακρύοι
277 1909 331 1975 καὶ
345 1914 473 1998 αἰτιῷτο
484 1905 546 1994 τήν
558 1909 677 1995 τύχην,
694 1907 744 1977 ὅτι
755 1906 799 1995 μή
816 1910 952 1976 δύναιτο
965 1905 1122 1975 ἀνελθεῖν

122 2005 155 2079 ἐς
172 2001 231 2067 τόν
245 1999 408 2088 οὐρανόν,
422 2000 443 2089 ή
460 2002 510 2070 ὅτι
524 2002 567 2089 μὴ
582 2007 705 2091 βύθιος
718 2003 846 2084 ὑποδύς
858 2012 903 2083 είς
917 2002 979 2091 τήν
994 2005 1122 2072 θάλατ-

122 2127 184 2167 ταν
197 2097 261 2166 ἀπὸ
277 2097 431 2180 Σικελίας
449 2106 482 2180 ἐς
498 2104 640 2188 Κύπρον
654 2103 870 2189 ἀναδύσεται,
891 2100 912 2190 ή
928 2104 979 2170 ὅτι
998 2102 1042 2189 μὴ
1060 2102 1122 2187 ἀρ-

121 2200 195 2277 θεὶς
208 2196 331 2285 πτηνὸς
348 2198 542 2288 αύθημερόν
558 2199 622 2268 ἀπὸ
637 2210 694 2288 τῆς
701 2196 856 2279 Ἑλλάδος
870 2206 915 2278 είς
927 2199 1051 2280 Ἰνδούς
1068 2227 1122 2267 τε-

124 2306 187 2368 λεῖ·
209 2294 246 2364 τὸ
263 2295 295 2363 δ’
312 2306 419 2365 αίτιον
433 2305 489 2382 τῆς
505 2296 627 2384 λύπης,
644 2296 696 2365 ότι
709 2296 854 2384 ήλπίκει,
876 2296 982 2382 οἶμαι,
1000 2292 1022 2382 ή
1038 2295 1121 2379 όναρ

123 2399 200 2465 ποτε
215 2395 297 2466 ίδων
310 2405 461 2467 τοιοῦτον
474 2394 494 2483 ή
510 2395 610 2476 αὐτός
624 2393 715 2486 αύτῷ
725 2393 931 2480 ἀναπλάσας,
947 2393 989 2462 ού
1002 2395 1123 2480 πρότε-

122 2522 184 2581 ρον
200 2496 350 2575 ἐξετάσας
367 2501 397 2563 εί
413 2493 529 2582 ἐφικτά
545 2493 672 2581 εύχεται
687 2497 742 2563 καὶ
756 2492 839 2563 κατὰ
853 2492 915 2581 τήν
935 2492 1122 2580 ἀνθρώπου

123 2595 236 2681 φύσιν.
266 2596 321 2661 καὶ
341 2590 380 2679 δή
402 2596 456 2661 καὶ
473 2598 526 2681 σε’,
549 2587 714 2679 ύὲταῖρε,
742 2592 847 2662 πολλά
868 2594 923 2662 καὶ
943 2592 1120 2679 θαυμαστὰ

123 2691 401 2774 ὀνειροπολοῦντα
417 2694 517 2774 νύξας
532 2692 549 2761 ὁ
567 2693 666 2779 λόγος
679 2690 743 2759 ἀπό
762 2699 822 2759 τοῦ
838 2691 950 2760 ύπνου
967 2697 1121 2779 ἐκθορεῖν

123 2796 292 2877 ἐποίησεν·
323 2789 390 2858 εἶτα
410 2790 521 2881 όργίζη
539 2790 630 2881 αὐτῷ
650 2798 697 2858 ἐτι
714 2791 810 2876 μόλις
825 2788 903 2870 τούς
923 2788 1121 2880 ὀφθαλμούς

121 2890 267 2975 ἀνοίγων
278 2892 333 2956 καὶ
343 2888 404 2958 τόν
414 2890 524 2959 ύπνον
536 2889 577 2958 ού
587 2893 708 2979 ῥᾳδίως
720 2887 956 2975 ἀποσειόμενος
968 2888 1028 2978 ὑφ’
1041 2888 1122 2977 ἡδο-

121 2994 180 3073 νής
196 2978 244 3053 τόν
261 2987 372 3072 ἕύρας.
396 2988 558 3074 πάσχουσι
574 2987 609 3055 δὲ
624 2984 704 3053 αύτὸ
716 2988 771 3053 καὶ
783 2991 817 3054 ολ
828 2985 890 3073 τήν
901 2987 1003 3061 κενὴν
1012 3014 1120 3068 μακα-
1138 3002 1188 3057 814

122 3091 198 3168 ρίαν
215 3087 342 3162 ἑαυτοῖς
356 3082 634 3171 ἀναπλάττοντες,
651 3080 696 3170 ήν
707 3082 827 3170 μεταξύ
842 3094 1046 3154 πλουτουσιν
1060 3085 1122 3152 αύ-

121 3196 188 3260 τοῖς
202 3185 256 3250 καὶ
274 3181 469 3268 θησαυρούς
483 3182 703 3269 ἀνορύττουσι
718 3184 772 3249 καί
785 3184 1001 3270 βασιλεύουσι
1016 3185 1070 3250 καὶ
1081 3180 1121 3250 τά

121 3280 205 3350 ἀλλα
214 3279 480 3367 εὐδαιμονοῦσιν,
491 3322 529 3335 -
541 3276 593 3349 οἷα
604 3279 710 3351 πολλὰ
722 3279 743 3368 ή
756 3279 837 3360 θεὸς
845 3284 952 3368 ἐκείνη
962 3284 1122 3371 ῥᾳδιουρ-

123 3395 189 3467 γεῖ,
204 3378 224 3467 ή
240 3377 347 3468 Εύχή,
364 3380 594 3467 μεγαλόδωρος
609 3374 693 3449 ούσα
709 3377 861 3467 καὶπρὸς
877 3379 977 3448 οὐδὲν
991 3378 1122 3449 ἀντιλό-
