2550 3825
411 199 548 256 ΘΕΩΝ
572 198 829 257 ΔΙΑΛΟΓΟΙ.
1057 199 1118 262 105

121 351 273 441 γράματα
283 356 437 441 καθάπερ
450 353 494 434 ὡς
507 352 641 441 ἀληθῶς
652 356 785 439 ἑταίραν
794 357 880 446 τινά,
891 356 974 427 ἀλλά
987 356 1119 446 γυμνὸν
1231 439 1236 448 ,

121 447 155 518 τό
172 451 293 530 κάλλος
309 451 539 520 ἐπιδεικνύειν.

202 556 301 616 ΠΛΡ.
324 543 377 616 Ed
394 549 573 636 λέγουσι
539 575 575 617 το
591 553 666 636 περὶ
680 558 741 618 τοῦ
754 561 888 640 κεστοῦ,
905 558 960 624 καὶ
973 553 1117 623 ἀπόθου.

202 654 300 715 ΑΦΡ.
329 654 370 715 Τί
387 642 451 716 οὖν
472 645 543 734 οὐχὶ
559 648 690 734 καλσά,
716 643 743 718 ά
759 649 903 740 Ἀθηνᾶ,
930 652 992 742 την
1012 654 1120 739 κόρυν

121 739 290 829 ἀφελοῦσα
308 743 410 831 ψιλὴν
423 771 485 831 την
501 743 651 832 κεφαλὴν
662 751 896 834 ἐπιδεικνύεις,
911 749 984 819 ἀλλ’
997 754 1120 819 ἐπισεί-

122 869 167 922 εις
179 840 239 912 τόν
253 845 362 931 λόφον
378 842 479 913 καὶ
445 871 505 912 τον
520 845 679 932 δικαστην
694 854 825 934 φοβεϊς;
846 877 867 936 η
854 845 992 928 “δε’διας
1005 850 1050 935 μή
1065 868 1116 915 σοι
1135 864 1188 920 262

2 966 4 986 ¹
121 942 337 1030 ἐλέγχηται
302 971 340 1012 το
360 941 509 1031 γλαυκόν
528 952 595 1012 τῶν
615 942 774 1031 ὀμμάτων
795 945 879 1015 ἀνευ
892 955 953 1014 τοῦ
970 953 1119 1033 φοβεροῦ

5 1116 10 1133 1
121 1041 344 1128 βλεπόμενον;

203 1149 273 1210 ΑΘ.
292 1139 377 1209 'mov‘
393 1162 445 1209 σοι
459 1139 479 1228 ἡ
496 1141 598 1227 κόρυς
613 1141 697 1228 αὕτη
712 1141 889 1232 ἀφῄρηται.

203 1246 302 1307 ΛΦΡ.
321 1236 406 1307 ’1δού
420 1245 479 1305 καί
488 1259 541 1306 σοι
556 1238 573 1306 ὁ
592 1241 716 1317 κεστός.

204 1347 305 1409 ΗΡΑ.
324 1337 419 1408 ’Λλλά
437 1337 694 1427 ἀποδυσώμεθα.

205 1443 255 1506 ll.
277 1445 375 1505 ΠΛΡ.
398 1429 436 1504 Ὦ
452 1445 520 1505 Ζεῦ
532 1439 682 1522 τεράστιε
695 1446 752 1524 τῆς
767 1440 864 1522 θέας,
888 1443 950 1503 τοῦ
965 1435 1119 1517 κάλλους,

122 1542 177 1620 τῆς
190 1532 321 1621 ἡδονῆς.
345 1537 399 1601 οἵα
413 1537 475 1620 μὲν
491 1531 511 1621 ἡ
530 1537 712 1620 παρθένος,
738 1531 780 1611 ὡς
795 1534 831 1600 δὲ
845 1530 1019 1618 βασιλικόν
1034 1529 1118 1617 αὕτη

121 1633 175 1700 καὶ
189 1629 314 1718 σεμνόν
324 1629 511 1717 ἀπολάμπει
525 1634 580 1699 καὶ
592 1629 726 1716 ἀληθῶς
737 1629 831 1709 ἀξιον
841 1638 902 1697 τοῦ
912 1628 1013 1715 Διός,
1029 1626 1119 1706 ὡςδὲ

123 1727 184 1818 ὁρᾷ
201 1728 259 1814 ἥδε
274 1726 394 1816 ἡδέως,
419 1733 473 1797 καὶ
486 1729 664 1815 γλαφυρόν
680 1755 711 1794 τι
726 1730 780 1795 καὶ
796 1725 1018 1813 προσαγωγὸν
1030 1730 1120 1812 ἐμει-

123 1830 235 1894 δίασεν
245 1824 371 1894 -ἀλλ’
389 1826 452 1914 ἤδη
466 1829 528 1914 μὲν
543 1826 615 1906 ἀλις
626 1833 688 1912 ἔχω
702 1834 759 1914 τῆς
775 1825 1001 1912 εὐδαιμονίας·
1022 1831 1053 1894 εί
1062 1829 1121 1892 δο-

123 1938 174 1991 κεῖ
186 1926 239 2008 δέ,
254 1926 309 1992 καὶ
323 1930 390 2015 ίδίμ
404 1923 485 1994 καθ’
502 1927 643 2010 ἑκάστην
659 1928 784 1992 ε’πιδεῖν
795 1924 974 2012 βούλομαι,
998 1920 1041 2003 ὡς
1056 1930 1121 1991 νῦν

123 2047 159 2106 γε
179 2019 364 2109 ἀμφίβολός
386 2029 451 2109 εἰμι
474 2026 529 2091 καὶ
557 2022 618 2091 οὐκ
642 2021 715 2090 οἶδα
741 2021 863 2108 πρόςό
888 2050 920 2089 τι
943 2020 1122 2108 ἀποβλέψω

123 2118 229 2204 πάντη
243 2117 301 2197 τάς
316 2118 409 2200 όψεις
424 2121 682 2206 περισπώμενος.

209 2223 306 2285 ΛΦΡ.
332 2216 428 2286 Οὕτω
446 2224 603 2303 ποιῶμεν.

205 2322 304 2382 ΠΛΡ.
319 2314 433 2383 ’Ἁπιτε
449 2308 513 2382 οὖν
525 2319 561 2382 αλ
572 2315 653 2383 δύο·
676 2313 720 2382 σι)
735 2319 786 2398 δέ,
802 2307 829 2381 ά
838 2313 940 2401 Ἥρα,
956 2320 1121 2399 περίμενε.

206 2421 307 2482 ΗΡΛ.
330 2422 520 2501 Περιμενῶ,
545 2412 708 2483 κάπειδάν
726 2440 766 2501 με
781 2411 925 2502 ἀκριβῶς
939 2418 1026 2501 ίδης,
1051 2411 1122 2497 ὥρα

123 2533 175 2579 σοι
192 2514 248 2578 καὶ
262 2510 346 2579 ἀλλα
360 2509 423 2597 ἤδη
439 2526 594 2597 σκοπεῖν,
618 2520 648 2581 εί
662 2513 747 2580 καλά
766 2532 819 2578 σοι
838 2508 945 2579 καὶτὰ
960 2515 1050 2594 δῶρα
1065 2516 1122 2593 τῆς

124 2609 239 2695 ψήφου
253 2615 310 2694 τῆς
325 2612 418 2695 ε’μης·
439 2606 483 2696 ἢν
496 2610 560 2695 γάρ
572 2637 630 2696 με,
649 2603 797 2695 άΠάρι,
816 2610 952 2695 δικάσῃς
967 2606 1049 2675 εἶναι
1062 2633 1124 2673 κα·
1162 2690 1165 2702 ἱ

125 2708 204 2793 λη’ν,
220 2703 350 2792 ἀπάσης
365 2713 423 2795 ἔση
438 2714 495 2793 τῆς
507 2704 615 2791 ’Λςίας
630 2708 798 2791 δεσπότης.
931 2735 933 2740 ’

205 2812 305 2873 ΠΛΡ.
326 2803 399 2872 Οὐκ
411 2807 463 2873 ἐπὶ
477 2805 597 2888 δάροις
614 2806 676 2892 μὲν
690 2803 729 2872 τά
744 2803 892 2890 ἡμέτερα.
916 2801 990 2871 ἀλλ’
1005 2801 1120 2869 άπιθι·
1141 2814 1194 2870 26³

124 2903 321 2985 πεπράξεται
342 2900 407 2988 γάρ
429 2902 513 2989 άπερ
536 2898 579 2969 ἀν
605 2908 697 2990 δοκῇ.
734 2909 784 2971 12.
810 2899 853 2969 οδ
877 2904 913 2970 δὲ
942 2900 1081 2984 πρόσιθι
1102 2898 1123 2985 ἡ

122 2996 256 3088 Ἀθηνᾶ.

205 3105 276 3166 ΛΘ.
298 3097 495 3184 Παρέστηκά
510 3117 579 3183 σοι,
595 3125 679 3165 κατα
693 3125 736 3185 ην
751 3124 808 3183 με,
824 3124 850 3164 ω
839 3090 972 3180 Πάρι,
988 3095 1124 3180 δικάοης

125 3193 246 3281 καλήν,
269 3218 389 3262 ουποτε
409 3220 518 3280 ηττων
537 3193 613 3263 ἀπει
635 3198 671 3263 ἐκ
685 3195 805 3314 μάχης,
821 3191 894 3263 ἀλλ’
910 3192 961 3260 ἀεὶ
976 3215 1122 3275 κράτων·

125 3290 325 3378 πολεμιστηυ
339 3291 405 3377 γάρ
420 3310 457 3359 σε
471 3293 526 3358 καὶ
538 3293 727 3379 νικηφόρον
740 3290 977 3377 ἀπεργάσομαι.

206 3398 307 3458 ΠΛΡ.
331 3382 492 3475 Οὐδέν,
465 3415 491 3456 ω
503 3386 641 3477 Ἀθηνᾶ,
654 3394 769 3473 δεῖμοι
780 3392 926 3474 πολέμου
938 3389 992 3455 καλ
1003 3386 1123 3472 μάχης·
