2550 3825
182 189 244 254 276
527 197 834 255 AOYKIANOY

115 367 166 422 624
184 379 240 419 ναι
255 352 456 437 δυνάμενος,
478 354 721 431 ἐπιλελοιπότος
739 351 802 440 ῆδη
816 362 876 423 τοῦ
896 357 1185 441 ἐπικεκλωσμένου

184 447 273 538 αὐτῷ
292 449 451 534 νῆματος;

266 550 296 612 4.
314 551 417 614 ΕΡΜ.
434 545 675 630 Ἀπεδίδρασκε,
687 548 808 630 λέγειςς
825 553 855 614 εί
864 545 928 633 γάρ
940 545 985 633 μῆ
998 546 1015 615 ὁ
1028 548 1185 633 γενναιό-

183 669 279 720 τατος
289 633 403 728 οὗτος,
419 640 485 709 ὁτδ
498 642 614 725 ξύλον,
627 641 818 727 συνήργησέ
826 669 882 729 μοι
893 645 949 711 καί
960 645 1186 732 συλλαβόντες

184 737 287 808 αὐτὸν
308 738 488 825 ἐδήσαμεν,
512 734 577 806 κάν
600 737 700 827 ῷχετο
720 734 806 824 ἡμᾶς
827 737 1030 826 ἀποφυγών·
1058 740 1118 827 ἀφ’
1141 731 1186 808 οῦ

183 837 248 922 γάρ
269 863 324 922 μοι
346 840 539 921 παρέδωκεν
556 833 661 904 αὐτδν
681 832 891 923 ῆἍτροπος,
916 837 996 924 παρ’
1020 837 1103 927 ὅλην
1122 838 1185 926 τῆν

184 932 440 1002 ὁδδνάντέτεινε
450 938 505 1002 καὶ
515 932 670 1017 ἀντέσπα,
681 934 735 999 καὶ
745 931 791 1000 τῶ
800 935 883 1001 πόδε
892 933 1090 1023 ἀντερείδων
1100 935 1186 1023 πρὸς

183 1030 220 1099 τδ
238 1035 360 1116 ἔδαφος
375 1030 416 1099 οὐ
429 1038 598 1108 παντελῶς
612 1028 782 1116 εὐάγωγος
794 1024 853 1118 ῆν·
875 1037 980 1101 ἐνίοτε
993 1039 1030 1102 δὲ
1046 1037 1100 1103 καὶ
1115 1038 1186 1103 ίκέ-

182 1155 257 1197 τενε
272 1130 327 1196 καὶ
347 1130 557 1213 κατελιπάρει
581 1126 752 1213 ἀφεθῆναι
772 1127 855 1214 πρὸς
874 1127 987 1217 ὀλίγον
1006 1130 1109 1212 ἀξιῶν
1130 1135 1185 1199 καὶ

184 1223 289 1294 πολλά
303 1226 423 1293 δῶσειν
438 1223 712 1312 ὑπισχνούμενος.
735 1225 801 1311 ἐγῶ
813 1231 864 1313 δέ,
882 1226 992 1315 ῶσπερ
1004 1231 1105 1315 είκός,
1121 1227 1185 1296 οὐκ

183 1323 290 1392 ἀνίειν
307 1321 397 1410 ὁρῶν
412 1321 588 1392 ἀδυνάτων
603 1327 789 1410 ἐφιέμενον.
821 1328 890 1393 ἐπεὶ
906 1326 942 1393 δὲ
956 1325 1028 1394 κατ’
1045 1325 1126 1394 αὐτὸ
1142 1325 1183 1412 δῆ

183 1419 220 1490 τδ
236 1421 373 1506 στόμιον
386 1415 487 1508 ῆμεν,
506 1425 587 1509 ἐμοῦ
602 1421 681 1500 τούς
694 1423 848 1509 νεκρούς,
865 1421 908 1502 ῶς
924 1430 1018 1508 ἐθος,
1036 1422 1185 1508 ἀπαριθ-

184 1528 327 1608 μοῦντος
338 1527 384 1608 τῷ
395 1527 509 1612 Αίακῷ
521 1519 678 1588 κάκείνου
689 1522 902 1604 λογιζομένου
913 1519 1036 1599 αὐτοῦς
1050 1520 1132 1607 πρὸς
1145 1522 1183 1589 τὸ

184 1615 272 1700 παρά
290 1623 347 1701 τῆς
362 1624 421 1701 σῆς
435 1615 580 1703 ἀδελφῆς
593 1617 751 1701 πεμφθὲν
762 1612 852 1703 αὐτῷ
865 1617 1052 1703 σύμβολον,
1067 1615 1184 1684 λαθῶν

184 1712 245 1781 οὐκ
264 1710 326 1780 οἷδ’
344 1709 434 1790 ὅπως
448 1710 732 1795 ὁτρισκατάρατος
748 1709 856 1800 άπιῶν
871 1711 979 1802 ῷχετο.
1001 1717 1104 1782 ἐνέδει
1119 1709 1182 1782 οὐν

183 1806 302 1891 νεκρὸς
328 1801 373 1884 εἷς
397 1815 442 1895 τῷ
467 1816 630 1896 λογισμῷ,
664 1809 719 1875 καὶ
744 1806 761 1875 ὁ
783 1807 908 1887 Αίακός
929 1808 1102 1889 ἀνατείνας
1125 1809 1181 1888 τάς

185 1902 308 1990 ὀφρῦς,
323 1902 383 1990 Μῆ
397 1907 448 1973 ἐπὶ
458 1906 609 1990 πάντων,
622 1897 649 1972 ῶ
657 1901 768 1992 Ἑρμῆ,
785 1914 875 1993 φησί,
887 1909 956 1993 χρῶ
966 1917 1006 1997 τῆ
1017 1916 1182 1997 κλεπτικῇ,

115 2020 166 2075 625
185 2002 258 2080 ἅλις
272 2022 326 2068 σοι
341 2006 377 2069 αί
390 2004 428 2069 ἐν
442 2000 576 2090 οὐρανῷ
592 2008 734 2070 παιδιαί·
756 2001 797 2069 τά
809 2013 938 2088 νεκρῶν
952 2005 988 2073 δὲ
1000 2005 1118 2093 ἀκριβῆ
1129 2008 1182 2072 καὶ

186 2097 339 2183 οὐδαμῶς
350 2107 469 2167 λαθεῖν
480 2101 660 2187 δυνάμενα.
681 2103 844 2187 τέτταρας,
861 2100 905 2180 ῶς
915 2099 1005 2193 ὁρῷς,
1021 2102 1104 2189 πρὸς
1116 2118 1183 2181 τοῖς

182 2204 297 2284 χιλίοις
321 2197 443 2283 ἔχειτὰ
467 2200 639 2287 σύμβολον
659 2202 977 2286 ἐγκεχαραγμένους,
1004 2201 1046 2269 σύ
1067 2206 1107 2270 δέ
1126 2228 1183 2288 μοι

183 2294 262 2380 παρ’
279 2299 338 2363 ἕνα
351 2295 442 2383 ῆκεις
458 2296 564 2386 άγων,
582 2304 613 2366 εί
625 2295 670 2383 μῆ
687 2305 784 2365 τοῦτο
801 2299 882 2385 φῆς,
904 2297 948 2378 ῶς
964 2302 1184 2387 παραλελόγι-

184 2403 259 2464 σταί
273 2416 309 2463 σε
324 2393 523 2483 ῆἍτροπος.
551 2393 614 2482 ἐγῶ
633 2400 670 2463 δὲ
686 2395 889 2481 ἐρυθριάσας
905 2395 988 2482 πρὸς
1007 2397 1183 2485 τὸνλόγον

183 2498 304 2579 ταχέως
320 2492 542 2583 ὑπεμνήσθην
555 2503 623 2562 τῶν
638 2490 720 2561 κατά
735 2492 797 2578 τῆν
811 2490 910 2580 ὁδόν,
934 2494 1072 2583 κάπειδῆ
1088 2522 1182 2583 περι-

185 2595 317 2679 βλέπων
338 2592 488 2680 οὐδαμοῦ
508 2600 628 2661 τοῦτον
648 2591 753 2675 εἶδον,
784 2596 894 2670 συνεὶς
914 2592 975 2679 τῆν
997 2594 1182 2683 ἀπόδρασιν

185 2693 323 2755 ἐδίωκον
334 2689 378 2767 ῶς
389 2688 476 2776 εἶχον
486 2692 605 2776 τάχους
619 2688 701 2758 κατά
712 2688 774 2775 τῆν
788 2689 939 2776 άγονσαν
952 2692 1035 2777 πρός
1045 2694 1082 2762 τό
1095 2702 1180 2780 φῶς·

186 2788 294 2852 εἵπετο
310 2786 346 2853 δὲ
363 2785 561 2871 αὐθαίρετός
574 2815 631 2876 μοι
647 2788 664 2855 ὁ
685 2793 850 2876 βέλτιστος
864 2784 977 2878 οὗτος,
999 2794 1054 2860 καὶ
1072 2792 1181 2877 ῶσπερ

185 2880 249 2950 ἀπὸ
274 2881 463 2970 ὕσπληγγος
483 2892 619 2966 θέοντες
635 2890 926 2977 κατελαμβάνομεν
943 2890 1045 2959 αὐτὸν
1064 2890 1127 2980 ῆδη
1145 2896 1182 2960 ἐν

190 2980 358 3070 Ταινάρφ’
381 2982 469 3070 παρὰ
485 2994 645 3054 τοσοῦτον
660 2982 745 3074 ῆλθε
759 2994 945 3074 διαφυγεῖν.

270 3087 299 3147 5.
322 3088 453 3151 ΚΛΩΘ.
475 3080 581 3169 Ἡμεῖς
594 3088 645 3171 δέ,
663 3079 839 3174 ῶΧάρων,
855 3086 1033 3175 ὀλιγωρίαν
1042 3088 1107 3177 ἤδη
1121 3098 1182 3157 τοῦ

180 3181 302 3265 Ἑρμοῦ
316 3180 610 3267 κατεγινώσκομεν.

269 3286 365 3347 ΧΑΡ.
392 3285 434 3347 Τί
449 3271 512 3345 οῦν
526 3285 573 3347 ἐτι
593 3284 809 3370 διαμέλλομεν
826 3283 870 3363 ῶς
891 3282 951 3370 οὐχ
971 3290 1085 3372 ἱκανῆς
1102 3300 1180 3372 ημῖν

187 3379 404 3463 γεγενημένης
420 3381 603 3465 διατριβῆς,
