2550 3825
189 158 230 222 18
538 163 838 223 AOYKIANOY

189 318 272 388 εἰναι
286 328 367 390 πᾶσι
388 336 455 399 τοῖς
465 320 654 407 Ἀθηναίοις
670 324 725 390 καί
739 318 783 399 ὥς
800 318 844 390 ἀν
859 322 1026 412 εὐδαίμων
1042 322 1184 412 ἀποβλέ·
1265 369 1266 372 =

187 428 327 487 πεσθαι·
349 434 417 498 τοῖς
431 418 466 488 δ’.
480 418 545 504 ἀρα
558 425 733 505 δυστυχεῖν
744 419 852 491 ἐδόκει
861 422 898 492 τό
911 423 1119 512 ἀνθρώπων,
1130 424 1184 491 καί

187 517 359 585 παιδεύειν
380 521 570 603 ἐπεχείρουν
592 516 697 585 αὐτὸν
720 516 762 586 ού
783 528 908 606 πικρῶς
931 520 1005 591 οὐδ’
1028 520 1186 605 ἀντικρνς

187 612 452 701 ἀπαγορεύοντες
459 619 495 684 ἐν
507 620 671 706 ἐλευθέρᾳ
682 625 722 705 τῇ
735 618 831 688 πόλει
843 619 923 689 καθ’
932 620 1049 690 ὅντινα
1059 620 1186 703 τρόπον
1265 629 1266 638 ’

185 714 340 800 βούλεται
355 723 469 802 βιοῦν·
492 714 565 785 ἀλλ’
583 719 653 784 ἐπεὶ
667 714 731 784 κάν
745 731 813 796 τοῖς
826 726 1022 805 γυμνασίοις
1035 721 1090 786 καλ
1104 727 1185 785 λου-

129 822 166 877 52
185 828 275 900 τροῑς
289 812 428 902 ὀχληρὸς
450 810 495 903 ἦν
507 822 637 903 θλίβων
660 829 728 894 τοῖς
742 819 882 897 οἰκέταις
901 819 957 885 καὶ
971 824 1186 903 στενοχωρῶν

186 912 264 993 τούς
279 912 506 1001 ἀπαντῶντας,
523 914 630 1004 ἡσυχῇ
646 941 695 992 τις
714 910 758 981 ἀν
773 914 1006 1001 ὑπεφθέγξατο
1021 936 1186 1001 προσποι-

185 1012 327 1097 ούμενος
341 1013 537 1097 λανθάνειν,
554 1010 664 1096 ὥσπερ
679 1010 721 1079 ού
736 1011 819 1098 πρὸς
837 1011 941 1083 αὐτὸν
958 1016 1086 1081 ἐκεῖνον
1100 1010 1186 1080 ἀπο·

185 1116 315 1195 τείνων,
330 1114 472 1179 Δέδοικε
486 1109 531 1197 μὴ
546 1109 778 1197 παραπόληται
793 1110 915 1196 μεταξύ
931 1111 1108 1197 λούμενος·
1130 1112 1187 1177 καὶ

185 1206 252 1296 μὴν
267 1210 383 1298 εἰρήνη
398 1236 436 1295 γε
451 1207 562 1295 μακροὶ
584 1212 711 1293 κατέχει
724 1208 761 1277 τὸ
782 1218 978 1296 βαλανεῖον·
1003 1208 1103 1278 οὐδὲν
1121 1201 1188 1275 ούν

164 1325 166 1329 ‘
186 1312 238 1377 δεί
252 1312 486 1391 στρατοπέδου.
508 1302 526 1377 ὅ
542 1310 578 1375 δέ
593 1306 729 1376 ἀκούων
746 1300 826 1392 ἀῆν
840 1303 962 1392 μεταξύ
982 1304 1184 1374 ἐπαιδεύετο.

184 1404 247 1493 τὴν
261 1410 297 1475 δὲ
314 1410 439 1495 ἐσθῆτα
453 1406 515 1493 τὴν
525 1412 681 1491 ποικίλην
696 1408 751 1474 καί
764 1404 822 1485 τάς
834 1410 1044 1492 πορφυρίδας
1058 1407 1187 1482 έκείνας

185 1503 356 1575 ἀπέδυσαν
367 1501 471 1576 αὐτόν
482 1503 618 1583 ἀστείως
632 1505 724 1571 πάνυ
738 1503 775 1572 τὸ
788 1503 943 1590 ἀνθηρὰν
958 1503 1187 1573 ἐπισκώπτον-

184 1630 238 1684 τες
256 1612 324 1673 των
341 1600 535 1690 χρωμάτων,
556 1602 640 1687 Ἔαρ
659 1603 734 1690 ἤδη,
755 1609 925 1691 λέγοντες,
942 1613 1012 1688 καί,
1032 1603 1152 1672 Πόθεν
1167 1597 1187 1669 ὁ

184 1700 271 1781 ταύς
285 1695 401 1785 οὗτος;
424 1709 489 1788 καί,
518 1702 607 1788 Τοίχα
621 1710 679 1788 τῆς
692 1702 816 1788 μητρός
827 1707 917 1771 ἐστιν
931 1702 1052 1771 αὐτοῦ·
1075 1705 1132 1770 καί
1145 1698 1188 1768 τά

184 1808 329 1869 τοιαῦτα.
353 1803 407 1869 καὶ
422 1800 461 1868 τά
479 1800 562 1870 ἀλλα
578 1803 614 1869 δὲ
631 1799 737 1879 οὕτως
752 1799 986 1885 ἀπέσκωπτον,
1005 1796 1026 1886 ἦ
1042 1806 1110 1867 τῶν
1125 1804 1190 1867 δα-

184 1907 329 1970 κτυλίων
342 1898 379 1969 τδ
396 1907 525 1988 πλῆθος
541 1895 561 1986 ἢ
579 1906 635 1986 της
650 1900 755 1986 κόμης
772 1897 808 1967 τὸ
826 1905 1002 1987 περίεργον
1019 1894 1041 1984 ἢ
1061 1906 1119 1985 τῆς
1133 1902 1188 1966 δι-

184 2005 275 2084 αίτης
289 1994 325 2066 τδ
341 1996 534 2067 ἀκόλαστον.
558 1997 641 2066 ὥστε
655 1996 738 2066 κατά
749 1995 870 2084 μικρὸν
881 2002 1116 2084 ἐσωφρονίσθη
1131 1999 1189 2064 καί
1265 2018 1266 2021 ’

185 2094 274 2183 παρά
290 2093 376 2164 πολύ
391 2103 531 2183 βελτίων
541 2093 671 2181 ἀπῆλθε
683 2101 823 2184 δημοσίᾳ
838 2097 1109 2180 πεπαιδευμένος.
1135 2099 1189 2162 14.

128 2209 163 2264 53
185 2193 236 2263 ὅτι
252 2194 283 2262 δ’
301 2193 364 2264 οὐκ
381 2195 594 2281 αἰσχύνονται
608 2202 728 2262 πενίαν
742 2191 1000 2279 ὁμολογοῦντες,
1022 2197 1190 2280 ἐμέμνητο

183 2293 266 2378 πρός
287 2319 327 2379 με
349 2300 463 2380 φωνῆς
476 2318 582 2377 τινος,
609 2289 652 2378 ἣν
675 2289 817 2361 ἀκοῦσαι
843 2294 978 2364 πάντων
999 2299 1063 2378 ἔφη
1086 2300 1190 2381 κοινῇ

184 2397 380 2478 προεμένων
399 2395 435 2460 ἐν
448 2398 494 2480 τῷ
510 2388 616 2478 ἀγῶνι
633 2397 702 2461 τῶν
718 2397 987 2479 Παναθηναίων·
1009 2395 1189 2477 ληφθέντα

182 2495 244 2577 μὲν
258 2489 323 2576 γάρ
339 2519 414 2558 τινα
427 2498 496 2558 τοὸν
510 2496 656 2559 πολιτῶν
670 2487 813 2574 ἀγεσθαι
827 2487 916 2576 παρά
932 2487 993 2558 τόν
1010 2488 1192 2577 ἀγωνοθέ-

184 2617 255 2675 την,
272 2588 324 2656 ὅτι
338 2586 466 2677 βαπτὸν
484 2595 567 2675 ἔχων
585 2588 720 2675 ἰμάτιον
735 2589 885 2675 έθεύρει,
906 2586 985 2668 τούς
1000 2589 1036 2656 δὲ
1052 2589 1194 2668 ἰδόντας

182 2690 315 2773 ἐλεῆσαί
325 2713 361 2754 τε
371 2689 424 2756 καὶ
436 2697 669 2773 παραιτεῖσθαι
679 2688 735 2754 καὶ
749 2693 811 2754 τού
820 2686 965 2772 κήρυκος
976 2684 1197 2774 ἀνειπόντος,

182 2783 233 2853 ὅτι
247 2782 337 2871 παρὰ
352 2783 412 2852 τὸν
426 2784 532 2870 νόμον
547 2787 701 2870 ἐποίησεν
718 2786 754 2851 ἐν
772 2786 910 2872 τοιαύτη
924 2789 1040 2871 ἐσθῆτι
1050 2785 1193 2871 θεώμε-

182 2909 249 2967 νος,
264 2882 450 2970 ἀναβοῆσαι
472 2891 531 2972 μιᾷ
553 2889 651 2971 φωνῇ
674 2882 800 2962 πάντας
823 2881 933 2966 ὥσπερ
951 2885 1199 2970 ἐσκεμμένους,

183 2983 387 3070 συγγνώμην
408 2981 588 3067 ἀπονέμειν
609 2978 700 3066 αὐτῷ
723 2981 860 3048 τοιαῦτα
884 3006 922 3067 γε
948 2979 1197 3071 ἀμπεχομένῳ·

182 3080 226 3170 μη
237 3079 303 3169 γάρ
315 3087 401 3168 ἔχειν
412 3077 516 3150 αὐτὸν
528 3084 631 3166 ἕτερα.
647 3080 751 3146 ταῦτα’
763 3104 802 3146 τε
809 3071 873 3146 ούν
884 3080 1001 3166 ε’πηνει
1011 3080 1066 3151 καὶ
1076 3101 1195 3161 προσ-

182 3178 310 3267 έτι-την
331 3183 527 3265 ἐλευθερίαν
546 3177 609 3266 τὴν
630 3182 700 3246 ἐκεῖ
716 3180 770 3244 καὶ
794 3183 850 3264 τῆς
866 3180 992 3262 διαίτης
1007 3173 1043 3243 τὸ
1066 3174 1192 3246 ἀνεπί·

183 3288 327 3363 φθονον,
348 3276 489 3365 ἡσυχίαν
511 3303 547 3345 τε
567 3280 621 3346 καί
634 3274 917 3363 ἀπραγμοσύνην,
937 3273 959 3343 ἀ
979 3274 1020 3362 δὴ
1042 3273 1206 3361 ἀφθονα

179 3402 248 3460 παρ
273 3373 385 3456 αὐτοῖς
402 3380 500 3444 ἐστιν.
524 3373 726 3462 ἀπεφαίνετο
742 3384 925 3463 φιλοσοφίᾳ
943 3372 1099 3464 συνῳδὸν
1121 3374 1207 3466 τὴν
