2550 3825
501 176 699 233 ΑΛΙΕΤΣ
1041 171 1104 234 247

102 336 215 418 ρύξειν
234 332 299 421 γάρ
316 332 395 414 τούς
415 334 547 411 ίδιύτας
563 334 617 400 καὶ
640 333 834 420 βαναύσους
854 337 909 401 καὶ
925 331 1105 418 ἀγοραίους

104 439 195 516 βίους
212 437 374 519 με’λλομεν

241 679 456 746 Alam
485 684 522 739 Η
550 675 965 749 ΑΝΑΒΙΟΤΝΊἮΣ.
1123 691 1176 744 570

187 844 216 906 l.
232 845 339 907 ΣΩΚ.
354 838 462 906 Βάλλε
476 835 577 923 βάλλε
588 833 650 902 τόν
660 829 847 922 κατάρατον
858 835 1026 924 ἀφθόνοις
1039 850 1107 917 τοίς

74 989 76 992 -
106 943 229 1020 λίθοις,
255 939 409 1024 ἐπίβαλλε
436 941 504 1001 τῶν
526 932 662 1020 βόλων,
695 942 937 1023 προσεπίβαλλε
960 940 1015 1005 καὶ
1039 943 1107 1004 τῶν

108 1033 293 1121 ὀστράκων,
314 1049 389 1102 παῖε
405 1047 472 1112 τοίς
489 1033 599 1113 ξύλοις
612 1029 673 1099 τόυ
686 1030 873 1119 ἀλιτήριον,
896 1033 959 1119 ὅρα
973 1035 1017 1121 μή
1033 1041 1108 1103 δια-

106 1130 214 1219 φύγη·
242 1133 297 1199 καὶ
312 1131 355 1198 σύ
369 1130 487 1219 βάλλε,
511 1123 537 1196 ύ
551 1129 709 1198 Πλάτων·
732 1134 786 1198 καὶ
800 1132 860 1217 σύ,
877 1125 903 1200 ὦ
918 1134 1105 1219 Χρύσιππε,

106 1231 161 1296 καὶ
175 1227 215 1296 ού
230 1233 275 1298 δέ.
298 1231 419 1308 πάντες
435 1227 503 1315 ἀμα
518 1233 771 1313 ξυνασπίσωμεν
787 1227 838 1296 ἐπ’
854 1228 969 1316 αὐτόν,

150 1324 193 1404 ἀς
209 1328 296 1414 πήρη
311 1328 459 1416 πήρηφιν
475 1325 598 1415 ἀρήγη,
616 1326 744 1413 βάκτρα
761 1327 796 1394 δὲ
813 1327 979 1415 βάκτροις.

106 1420 219 1502 κοινός
239 1422 302 1510 γάρ
324 1428 494 1509 πολέμιος,
520 1426 575 1491 καὶ
597 1421 660 1490 ούκ
682 1428 773 1490 ἔστιν
794 1420 910 1491 ὅντινα
929 1422 1026 1511 ὑμῶν
1046 1421 1106 1509 ούχ

105 1519 235 1606 ύβρικε.
257 1519 298 1589 σι)
313 1524 365 1608 δέ,
382 1515 408 1588 ό
422 1523 600 1606 Διόγενες,
619 1529 652 1588 εί
661 1544 741 1587 ποτε
757 1524 812 1587 καὶ
826 1519 960 1606 άλλοτε,
977 1528 1044 1606 χρῶ
1058 1528 1104 1610 τῷ
1123 1535 1174 1590 5⁷1

107 1620 211 1709 ξύλω,
227 1621 308 1706 μηδὲ
322 1619 440 1708 ἀνήτε·
463 1620 582 1688 διδότω
597 1617 659 1705 τήν
673 1617 770 1699 ἀξίαν
782 1620 979 1707 βλάσφημος
996 1617 1052 1687 ἀν.
1075 1626 1109 1687 τί

106 1724 220 1800 τοῦτο;
242 1720 439 1806 κεκμήκατε,
457 1713 484 1786 ύ
498 1716 670 1804 Ἐπίκουρε
684 1721 738 1785 καὶ
751 1715 953 1800 Ἀρίστιππε;
974 1719 1028 1784 καὶ
1039 1714 1105 1803 μήν

107 1813 169 1882 οὐκ
184 1818 291 1902 ἐχρῆν.

149 1915 264 2003 ἀνέρες
279 1925 365 2006 ἔστε,
384 1925 498 2006 σοφοί,
515 1914 690 2005 μνήσασθε
704 1920 740 1985 δὲ
756 1916 918 2002 θούριδος
932 1909 1041 2000 ἀργῆς.

105 2022 135 2081 2.
155 2013 389 2099 Ἀριστότελες,
411 2018 658 2083 ἐπισπούδασον
671 2021 718 2083 ἐτι
732 2021 867 2081 θάττον.
890 2006 929 2079 εὖ
947 2018 1026 2097 ἔχει·
1049 2012 1105 2078 ἑά-

106 2120 191 2178 λωκε
204 2109 241 2178 τό
258 2119 396 2198 θηρίον·
418 2113 597 2198 εἰλήφαμέν
613 2133 667 2197 σε,
685 2105 711 2178 ά
725 2113 830 2197 μιαρέ.
860 2119 932 2197 εἴση
945 2117 1029 2194 γοῦν
1043 2106 1106 2175 αύ-

107 2215 179 2275 τίκα
194 2206 349 2287 οὕστινας
364 2208 462 2288 ὄντας
477 2207 563 2295 ἡμᾶς
580 2208 799 2296 ἐκακηγόρεις.
821 2214 867 2296 τῷ
881 2207 992 2298 τρόπω
1008 2208 1046 2273 δέ
1058 2233 1106 2285 τις

107 2303 211 2372 αύτδν
225 2308 280 2373 καὶ
294 2310 454 2395 μετέλθῃς
475 2313 626 2374 ποικίλον
639 2308 703 2392 γάρ
716 2331 789 2374 τινα
801 2308 985 2389 ἐπινοῶμεν
995 2302 1106 2372 θάνα-

106 2427 166 2469 τον
182 2399 254 2469 κατ’
273 2396 377 2470 αὐτού
397 2410 499 2471 πᾶσιν
513 2400 593 2489 ἡμίν
608 2405 776 2487 ἐξαρκέσαι
798 2402 1003 2487 δυνάμενον·
1024 2399 1104 2468 καθ’

107 2502 245 2566 ἕκαστον
260 2506 346 2584 γοῦν
360 2501 487 2579 δίκαιός
500 2504 588 2569 ἐστιν
601 2498 682 2587 ήμίν
698 2498 914 2567 ἀπολωλέναι.

191 2605 461 2667 ΦΙΛΟΣΟΦΟΣ
475 2608 515 2666 Α.
540 2596 627 2685 »Ἐμοὶ
641 2600 703 2684 μὲν
720 2594 1001 2665 ἀνεσκολοπίσθαι
1017 2600 1110 2663 δοκεῖ
1173 2624 1175 2629 ·

105 2720 218 2761 αυτον.

190 2801 279 2862 ΦΙΛ.
295 2803 331 2862 Β.
354 2791 410 2881 Νή
426 2803 508 2882 Διά,
527 2795 778 2882 μαστιγωθέντα
791 2820 830 2880 γε
844 2794 1015 2880 πρότερον.

190 2900 278 2960 ΦΙΛ.
296 2900 332 2961 Γ.
360 2893 446 2973 Τούς
462 2893 660 2981 ὀφθαλμούς
675 2896 881 2979 ἐκκεκόφθω.

189 3000 277 3060 (MA.
298 3001 340 3059 Δ.
375 2990 445 3078 Τήν
465 3000 613 3078 γλῶτταν
633 2991 739 3082 αύτήν
761 3001 807 3062 ἐτι
831 2993 918 3063 πολύ
941 2994 1103 3078 πρότερον
1122 3017 1177 3071 572

104 3087 354 3176 ἀποτετμήσθω.

189 3196 296 3257 ΣΩΚ.
318 3191 382 3257 Σοὶ
396 3188 432 3257 δὲ
447 3194 493 3275 τί,
507 3186 750 3276 Ἐμπεδόκλεις,
766 3194 873 3269 δοκεῖς

187 3295 298 3355 ΕΜΠ.
319 3286 367 3365 Ἐς
381 3284 461 3365 τούς
472 3295 637 3374 κρατῆρας
651 3290 803 3373 ἐμπεσεῖν
819 3285 937 3373 αὐτόν,
954 3284 997 3366 ὡς
1011 3285 1106 3376 μάθῃ

103 3380 148 3465 μή
164 3388 386 3467 λοιδορεῖσθαι
402 3399 469 3463 τοῖς
483 3391 644 3469 κρείττοσι
