2550 3825
153 131 195 195 66
504 131 810 191 AOYKIANOY

154 294 240 378 μήτε
255 287 338 358 αύτό
359 297 417 377 της
430 286 531 378 ὀργῆς
545 286 582 357 τὰ
598 288 785 375 κεφάλαιον
799 284 917 375 ἡλίκον
932 292 1021 358 ἐστὶν
1036 286 1151 376 έννυη·

155 410 259 459 σαντα
275 392 329 458 καὶ
344 387 389 469 ὡς
402 395 577 477 μειρακίου
590 386 627 456 τὸ
639 395 795 456 τοιοῦτον
803 385 995 474 ὀργίζεσθαι
1005 392 1061 459 καὶ
1071 388 1157 478 ἀγα-

154 502 306 574 νακτεῖν,
324 493 355 556 εί
368 485 412 575 μὴ
427 485 463 555 τὸ
480 492 591 573 μεῖζον
603 483 705 565 αύτὸς
718 485 865 573 λήψεται.
888 490 918 553 8.
930 496 1037 557 καίτοι
1047 488 1105 568 τάς
1117 514 1156 575 γε

155 583 299 671 ἀπάτας,
323 578 479 671 ύἙρμῆ,
503 582 562 664 τάς
582 584 739 663 τοιαύτας
758 583 965 670 συμποτικὰς
988 585 1091 666 ούσας
1113 582 1158 654 ού

154 682 234 771 χρή,
256 681 364 769 οἶμαι,
388 680 697 769 ἀπομνημονεύειν,
720 678 793 750 ἀλλ’
813 687 843 749 εί
855 690 914 750 κατ’
926 710 957 751 τι
971 681 1158 771 ἡμάρτηται

155 777 277 869 μεταξύ
300 777 557 867 εὐωχουμένων,
579 777 718 847 παιδιάν
740 778 896 866 ἡγεῖσθαι
915 784 972 849 καὶ
993 778 1099 850 αὐτοῦ
1119 785 1157 850 ἐν

155 886 201 969 τῷ
216 883 385 969 ξυμποσίῳ
399 887 609 947 καταλείπειν
623 875 686 965 την
705 875 826 964 ὀργήν·
855 880 888 955 ές
910 880 946 945 δὲ
960 875 1022 965 την
1035 878 1159 965 κύριον

155 978 374 1064 ταμιεύεσθαι
397 975 434 1046 τδ
454 991 549 1063 μῖσος
570 979 625 1045 καλ
646 989 863 1062 μνησικακεῖν
883 978 938 1044 καὶ
959 976 1066 1044 ἕωλόν
1080 1003 1157 1043 τινα

156 1083 259 1162 μῆνιν
279 1076 533 1163 διαφυλάττειν,
563 1073 687 1161 άπαγε,
709 1071 787 1141 οὔτε
808 1083 902 1151 θεοῖς
924 1078 1054 1157 πρέπον
1078 1072 1158 1142 οὔτε

158 1170 265 1251 άλλως
274 1173 465 1260 βασιλικόν·
487 1168 531 1259 ἦν
541 1180 626 1257 γοῦν
636 1168 744 1259 ἀφέλη
753 1197 802 1249 τις
812 1178 881 1238 των
891 1180 1087 1259 συμποσίων
1097 1170 1158 1251 τάς

158 1279 318 1360 κομψείας
332 1273 470 1358 ταύτας,
492 1270 624 1358 ἀπάτην
637 1274 693 1339 καὶ
709 1271 891 1358 σκάμματα
905 1276 960 1341 καὶ
973 1272 1011 1341 τδ
1027 1276 1156 1341 διασιλ-

91 1385 141 1443 192
158 1378 286 1441 λαίνειν
300 1373 355 1439 καὶ
370 1374 543 1456 ἐπιγελᾶν,
563 1367 600 1437 τὸ
616 1369 900 1455 καταλειπόμενόν
914 1371 982 1437 ἐστι
998 1372 1086 1456 μέθη
1100 1372 1158 1438 καὶ

156 1468 257 1555 κάρος
277 1471 331 1537 καὶ
352 1470 476 1556 σιωπή,
499 1464 686 1554 σκυθρωπά
701 1468 758 1535 καὶ
772 1464 896 1554 ἀτερπῆ
910 1466 1087 1554 πράγματα
1101 1471 1158 1536 καὶ

156 1564 275 1653 ἥκιστα
301 1573 474 1658 συμποσίῳ
495 1568 674 1653 πρέποντα.
696 1563 780 1632 ὥστε
801 1570 905 1652 ἔγωγε
927 1563 1007 1633 ούδέ
1026 1592 1154 1653 μνημο-

157 1662 292 1732 νεύσειν
310 1670 356 1743 είς
376 1662 437 1750 τὴν
458 1662 639 1750 ὑστεραίαν
660 1668 708 1731 έτι
730 1662 824 1753 ᾤμην
842 1663 973 1731 τούτων
993 1662 1054 1733 τὸν
1074 1671 1154 1749 Δία,

158 1758 220 1846 ούχ
245 1759 335 1839 ὅπως
356 1763 411 1829 καὶ
430 1768 609 1847 τηλικαῦτα
631 1757 679 1828 ἐπ’
703 1757 816 1839 αύτοῖς
837 1758 1080 1849 ἀγανακτήσειν
1100 1765 1157 1829 καί

158 1859 321 1929 πάνδεινα
341 1856 526 1948 ἡγήσεσθαι
540 1862 769 1946 πεπονθέναι,
793 1866 823 1930 εί
836 1864 1002 1949 διανέμων
1016 1890 1063 1942 τις
1074 1862 1158 1949 κρέα

158 1959 297 2028 παιδιάν
307 1985 382 2027 τινα
392 1965 501 2042 ἔπαιζε
512 1959 733 2045 κειράμενος,
756 1965 787 2028 εί
796 1961 1016 2046 διαγνώσεται
1026 1958 1064 2028 τὸ
1078 1964 1156 2047 βέλ-

159 2083 233 2126 τιον
247 2054 264 2127 ὁ
280 2059 486 2145 αίρούμενος.
507 2066 537 2129 9.
557 2065 645 2126 τίθει
658 2054 690 2125 δ’
709 2056 814 2144 ὅμως,
831 2050 858 2125 ὦ
868 2055 986 2145 Ἐρμῇ,
1007 2056 1043 2126 τὸ
1059 2067 1159 2144 χαλε-

158 2154 327 2242 πάτερον,
357 2153 401 2242 μὴ
426 2153 488 2242 την
512 2155 634 2224 ἐλάττω
660 2169 782 2241 μοῖραν
808 2152 1092 2242 ἀπονενεμηκέναι
1111 2162 1158 2245 τῷ

157 2258 232 2338 Διί,
249 2249 311 2339 την
325 2250 407 2340 ὅλην
420 2255 458 2321 δὲ
472 2250 686 2343 ὑφῃρῆσθαι·
709 2259 743 2322 τί
754 2246 837 2333 ούνς
858 2250 912 2322 διά
929 2259 1027 2320 τοῦτο
1043 2256 1155 2339 ἐχρῆν,

157 2347 267 2418 τὸτοῦ
281 2348 397 2437 λόγου,
411 2357 450 2439 τῇ
464 2357 506 2438 γη
517 2347 578 2417 τδυ
590 2346 740 2436 ούρανδν
750 2347 973 2436 ἀναμεμῖχθαι
984 2353 1039 2417 καλ
1050 2349 1156 2436 δεσμά

157 2451 213 2516 καὶ
234 2444 398 2533 σταυροὺς
419 2449 474 2515 καί
493 2447 675 2515 Καύκασον
697 2446 778 2516 ὅλον
799 2449 944 2514 ἐπινοεῖν
964 2449 1020 2516 καί
1038 2444 1158 2526 ἀετούς

91 2560 141 2618 193
159 2548 384 2630 καταπέμπειν
404 2548 459 2612 καλ
479 2543 515 2612 τὸ
538 2537 628 2631 ἧπαρ
650 2546 882 2624 έκκολάπτειν;
914 2542 978 2631 ὅρα
998 2544 1081 2630 γάρ,
1110 2542 1155 2630 μὴ

158 2642 286 2728 πολλήν
306 2668 380 2708 τινα
395 2650 498 2709 ταῦτα
512 2651 679 2732 κατηγορῇ
693 2652 755 2711 τού
769 2641 1037 2729 ἀγανακτοῦντος
1051 2640 1159 2710 αὐτοῦ

158 2745 382 2826 μικροψυχίαν
403 2742 457 2808 καὶ
480 2739 649 2811 εύτέλειαν
668 2743 870 2830 τῆςγνύμης
886 2745 941 2809 καὶ
954 2739 1038 2826 πρὸς
1051 2738 1160 2830 ὀργὴν

159 2835 336 2925 εύχέρειαν.
358 2833 381 2924 ἦ
395 2846 428 2906 τί
435 2836 500 2925 γάρ
515 2836 559 2908 άν
569 2844 723 2929 ἐποίησεν
734 2834 834 2921 οὗτος
844 2840 925 2910 ὅλον
936 2848 1022 2929 βοῦν
1033 2839 1158 2912 ἀπολέ-

158 2957 235 3023 σας,
249 2942 279 3005 εί
287 2945 396 3025 κρεῶν
408 2935 530 3024 ὀλίγων
538 2943 635 3008 ἕνεκα
648 2947 827 3027 τηλικαῦτα
841 2936 1012 3025 ὀργίζεταις
1025 2945 1074 3008 10.
1082 2947 1160 3008 καί-

158 3059 210 3102 τοι
220 3033 313 3124 πόσῳ
324 3038 359 3102 οί
365 3033 542 3121 ἅνθρωποι
554 3036 866 3126 εὐγνωμονέστερον
878 3037 1060 3104 διάκεινται
1072 3035 1158 3121 πρδς

158 3158 199 3201 τα
214 3137 367 3218 τοιαῦτα,
383 3131 442 3214 οὓς
458 3133 546 3215 είκδς
558 3129 602 3223 ἦν
618 3138 673 3204 καὶ
687 3134 726 3203 τά
742 3139 775 3214 ές
790 3133 852 3222 τὴν
863 3132 970 3222 ὀργὴν
980 3131 1160 3222 ὀξυτέρους

159 3226 244 3300 εἶναι
262 3236 330 3298 τῶν
343 3239 453 3315 &edm
477 3231 549 3302 ἀλλ’
567 3233 656 3320 ὅμως
670 3237 808 3302 ἐκείνων
823 3231 886 3302 οὐκ
901 3239 990 3302 ἔστιν
1007 3232 1097 3312 ὅστις
1112 3242 1159 3323 τῷ

158 3333 303 3422 μαγείρρι
315 3339 462 3417 σταυροῦ
478 3327 521 3401 άν
535 3333 726 3421 τιμήσαιτο,
751 3338 780 3402 εί
796 3329 836 3401 τά
849 3333 929 3419 κρέα
940 3334 1032 3414 ἕψων
1042 3332 1161 3410 καθεὶς
