2550 3825
337 180 584 240 ΝΕΚΡΙΚΟΙ
601 182 862 242 ΔΙΑΛΟΓΟΙ.
1040 183 1101 246 169

183 347 295 409 ΜΕΝ.
321 339 503 425 Τεράστιόν
514 366 546 407 τι
555 332 743 425 πάσχεις,οδ
757 332 914 412 Τάνταλε.
935 341 1019 429 ἀτὰρ
1032 350 1103 414 είιιέ

7 467 14 479 ·
100 466 171 526 μοι,
193 445 228 507 τί
244 439 298 506 δαὶ
317 439 372 505 καί
388 438 446 525 δέη
459 445 520 505 τοῦ
536 453 639 518 πιεῑνς
660 437 702 506 οὐ
717 438 782 526 γὰρ
796 449 889 530 σῶμα
905 448 1002 529 ἔχεις,
1024 442 1096 512 ἀλλ’
1117 464 1167 521 m

100 540 206 606 ἐκεῖνο
222 538 284 623 μὲν
301 539 338 604 ἐν
354 540 462 625 Λυδίᾳ
477 561 544 603 που
558 541 734 623 τέθαπται,
749 536 831 626 ὅπερ
846 544 901 610 καί
914 549 1032 628 πεινῆν
1047 545 1102 611 καὶ

100 641 203 722 διψῆν
224 634 380 720 ἐδύνατο,
404 631 447 701 σὺ
467 638 503 702 δὲ
523 632 545 721 ἡ
563 632 652 722 ψυχὴ
672 643 741 715 πῶς
761 633 805 705 α”ν
826 644 872 706 ἔτι
892 635 914 725 ῆ
934 641 1059 730 διψῴης
1079 637 1100 726 ἦ

100 744 230 816 πίνοις;

188 840 288 901 ΤΑΝ.
315 829 415 900 Τοῦτ’
431 828 512 899 αὐτὰ
523 830 544 917 ῆ
556 833 689 912 κόλασίς
699 837 781 920 ἐστι,
796 834 832 903 τὸ
845 840 946 923 διψῆν
961 835 1023 923 τὴν
1034 851 1101 916 ψυ-

100 932 164 1020 χὴν
180 932 225 1012 ὡς
238 939 332 1018 σῶμα
347 925 463 999 οὖσαν.

184 1038 214 1099 2.
238 1037 348 1098 MEN.
368 1027 464 1097 Ἀλλδι
478 1036 576 1097 τοῦτο
590 1030 653 1114 μὲν
664 1028 770 1109 οὕτως
780 1031 1015 1119 πιστεύσομεν,
1032 1035 1101 1101 ἐπεὶ

100 1128 167 1219 φῆς
183 1129 382 1211 κολάζεσθαι
395 1135 442 1216 τῷ
456 1132 552 1209 δίψει.
574 1133 609 1195 τί
621 1123 653 1194 δ’
666 1120 729 1194 οὖν
744 1148 798 1195 σοι
813 1126 849 1196 τὸ
865 1129 979 1198 δειυόν
993 1137 1100 1213 έσταις

99 1225 121 1315 ῆ
136 1231 246 1305 δέδιας
261 1224 305 1313 μῆ
325 1230 435 1315 ἐνδείᾳ
454 1233 515 1294 τοῦ
536 1232 640 1293 ποτοῦ
655 1224 846 1315 ἅποθαὶνηςς
875 1226 936 1314 οὐχ
952 1226 1020 1315 ὁρῶ
1036 1240 1100 1315 γαρ

104 1326 205 1395 ἱλλον
227 1324 312 1415 ᾅδην
333 1322 414 1412 μετὰ
434 1332 555 1393 τοῦτον
574 1319 597 1410 ῆ
617 1323 768 1392 θάνατον
788 1330 947 1394 ἐντεῦθεν
964 1334 1010 1406 είς
1031 1330 1101 1395 ἔτε-

99 1450 163 1509 ρον
177 1422 289 1491 τόπου.

187 1530 287 1590 ΤΑΝ.
315 1519 442 1606 Ὀρθῶς
459 1521 522 1608 μὲν
535 1526 657 1607 λέγεις·
689 1523 743 1588 καὶ
757 1530 854 1590 τοῦτο
877 1523 908 1590 δ’
925 1518 988 1592 οὖν
1004 1529 1103 1611 μέρος
1147 1548 1152 1559 “

102 1631 158 1709 τῆς
172 1627 364 1709 καταδίκης,
378 1619 416 1689 τὸ
431 1624 608 1707 ἐπιθυμεῖν
623 1634 711 1688 πιεῖν
726 1624 830 1707 μηδὲν
846 1623 1015 1711 δεόμενον.

187 1726 296 1789 ΜΕΝ.
314 1728 451 1807 Ληρεῖς,
476 1712 503 1785 ὦ
520 1720 684 1804 Τάνταλε,
707 1722 762 1786 καί
783 1717 827 1798 ὡς
848 1719 984 1807 ἀληθῶς
997 1730 1102 1790 ποτοῦ

101 1824 235 1887 δεῖσθαι
246 1823 363 1903 δοκεῖς,
376 1814 523 1901 ἄκρατον
533 1841 571 1901 γε
583 1816 763 1902 ἐλλεβόρου
774 1815 815 1903 νῆ
827 1825 910 1906 Δία,
923 1818 1012 1899 ὅστις
1021 1818 1098 1888 τού-

100 1924 238 1986 ναντίον
248 1932 316 1996 τοϊς
330 1912 395 1984 ὑπὸ
406 1923 474 1983 τῶν
484 1914 681 1983 λυττώντων
690 1923 805 1984 κυνῶν
820 1922 1033 2004 δεδηγμένοις
1042 1923 1101 1987 πέ-

99 2028 233 2096 πονθας
247 2015 288 2086 οὐ
301 2015 338 2085 ἰδ
356 2015 466 2100 ὕδωρ,
482 2011 566 2082 ἄλλα
583 2013 646 2102 τῆν
660 2020 760 2097 δίψαν
775 2019 1014 2105 πεφοβημένος.

189 2125 290 2185 ΤΑΝ.
314 2114 402 2184 Οὐδὲ
416 2113 477 2182 τὸν
488 2116 680 2201 ἐλλέβορον,
698 2109 908 2202 ὦΜένιππε,
924 2115 1102 2205 ἀναίνομαι

99 2230 206 2301 πιεῖν,
221 2215 351 2301 γένοιτό
367 2240 422 2301 μοι
438 2213 555 2299 μόνον.
1118 2242 1169 2298 4oe

185 2321 297 2382 MEN.
321 2314 462 2399 Θάρρει,
478 2303 505 2378 ιδ
523 2309 685 2395 Τάνταλε,
701 2307 745 2389 ὡς
761 2308 838 2378 οὔτε
851 2309 894 2378 σι)
909 2311 987 2379 οὔτε
1003 2310 1101 2391 ἄλλος

100 2419 209 2479 πίεται
231 2418 299 2478 τῶν
318 2417 462 2495 νεκρῶν·
494 2405 663 2476 ἀδύνατον
682 2408 762 2492 γάρ·
795 2414 900 2476 καίτοι
920 2406 961 2476 οὐ
981 2410 1102 2488 πάντες

102 2507 214 2594 ὥσπερ
230 2507 273 2576 σι)
295 2510 331 2576 ἐκ
345 2512 522 2592 καταδίκης
537 2510 658 2586 διψῶσι
679 2512 740 2572 τοῦ
756 2504 876 2584 ὕδατος
899 2503 1021 2584 αὕτοδς
1041 2505 1102 2592 οὐχ

100 2603 337 2693 ὑπομένοντος.

498 2740 702 2748 -----

578 2851 628 2914 18.

313 2961 588 3013 ΜΕΝΙΠΠΟῬ
610 2963 692 3014 κει
720 2960 892 3013 ΕΡΜον.

187 3101 215 3163 l.
240 3100 352 3160 ΜΕΝ.
373 3098 449 3159 Ποῦ
464 3097 499 3160 δὲ
514 3097 548 3161 οί
559 3099 658 3162 καλοί
668 3089 786 3180 είσινῆ
803 3098 839 3161 αί
851 3099 964 3178 καλαί,
984 3088 1102 3178 Ἑρμῆς

101 3192 288 3280 ξενάγησόν
304 3218 345 3277 με
361 3194 485 3278 νέηλυν
501 3190 591 3259 ὅντα.

184 3298 291 3362 ΕΡΜ.
313 3288 366 3358 Οὐ
376 3289 477 3376 σχολή
487 3317 560 3377 μοι,
579 3283 787 3358 οδΜέυιππε·
809 3287 897 3375 πλὴν
908 3285 981 3356 κατ’
996 3290 1101 3355 ἐκεῖνο

102 3387 313 3478 ἀπόβλεψον,
335 3391 386 3458 ἐπὶ
402 3385 442 3457 τὰ
458 3390 563 3476 δεξιοί,
587 3395 672 3458 ἔνθα
687 3387 703 3457 ὁ
721 3388 898 3465 Ὑάκινθός
915 3389 953 3453 τέ
964 3388 1030 3453 ἐστι
1047 3387 1102 3453 καὶ
