2550 3825
180 150 242 214 338
530 157 833 214 ,ΛΟΥΚΙΛΝΟΥ

260 322 361 384 ΛΤΚ.
377 312 565 400 Ἡράκλεις,
583 312 670 381 πολύ
685 318 799 399 λε’χεις.

260 419 364 479 ΕΡΜ.
385 415 450 480 Καὶ
465 408 531 496 γὰρ
548 413 623 497 περὶ
636 412 808 496 μεγάλων,
827 404 1006 498 ύΛυκίνε,
1024 417 1058 479 οί
1070 437 1170 480 πονοι.

260 516 359 577 AYK.
384 517 489 576 Τοῦτο
502 512 564 595 μὲν
575 519 654 588 λσως
664 508 802 594 ἀληθές·
825 506 910 595 ὑπὲρ
925 509 961 577 δὲ
971 519 1038 577 τῶν
1054 519 1172 578 ελκοσιν

178 607 278 690 ἐτῶν,
306 603 356 672 ὅτι
378 606 485 694 βιώσῃ
505 615 665 690 τοσαῦτα,
690 606 833 689 πότερον
855 605 873 673 ὁ
897 604 1094 683 διδάσκαλός
1115 626 1172 672 σου

178 705 420 789 καθυπέσχετο,
437 701 478 770 ού
495 703 602 790 μόνον
616 703 737 789 σοφός,
753 701 835 772 ἆλλά
851 707 905 772 καὶ
920 701 1077 790 μαντικός
1094 698 1172 788 τόνῆ

176 801 400 886 χρησμολόγος
410 797 490 887 τιςῆ
504 800 577 870 ὅσοι
586 800 646 879 τοὶς
656 806 831 870 Χαλδαίων
842 803 1010 888 μεθόδους
1024 803 1173 869 ἐπίσταν-

176 925 245 979 ταις
267 903 347 983 φασλ
362 909 447 984 χοῦν
462 903 584 968 εἰδέναι
598 898 637 967 τὰ
651 905 805 966 τοιαῦτα·
833 897 875 966 οὐ
888 896 953 985 χδρ
969 896 1009 984 δὴ
1025 900 1113 985 σέγε
1129 906 1175 968 εί-

109 1017 160 1073 746
178 992 236 1074 κός
253 999 303 1064 ἐπὶ
317 1005 363 1085 τῷ
378 994 505 1088 ἀδήλῳ,
522 1005 552 1066 εί
565 998 672 1086 βιύσχ
685 999 778 1082 μέχρι
794 995 877 1085 πρός
890 994 951 1082 τὴν
967 993 1105 1082 ἀρετήν,
1120 1023 1175 1066 το-

177 1094 319 1172 σούτους
335 1094 460 1174 πόνους
473 1095 651 1182 ἀνέχεσθαι
669 1097 724 1163 καλ
740 1103 960 1181 ταλαιπωρεῖν
975 1096 1107 1181 νύκτιιρ
1122 1096 1175 1164 καὶ

178 1189 257 1276 μεθ’
273 1189 401 1278 ἡμέραν
418 1192 480 1259 ούκ
502 1194 627 1280 εἰδότα,
653 1202 686 1260 ελ
701 1211 739 1260 σε
753 1190 977 1279 πλησίονῆδη
993 1198 1054 1258 τοῦ
1069 1190 1174 1274 ἄκρον

177 1287 360 1374 γενόμενον
374 1288 410 1357 τό
426 1288 534 1376 χρεόν
550 1288 687 1360 ἐπιστὰν
698 1289 900 1357 κατασπάσει
914 1289 1102 1377 λαβόμενον
1115 1296 1176 1357 τοῦ

178 1382 280 1462 ποδός
295 1388 327 1466 ἐξ
345 1383 481 1466 ἀτελοῦς
495 1397 551 1475 τῆς
566 1393 704 1466 ἐλπίδος.

260 1490 363 1551 ΕΡΜ.
378 1482 519 1573 ’Ἀπαχε
543 1487 701 1574 δύσφημα
710 1483 776 1572 γὰρ
787 1491 899 1568 ταῦτα,
913 1478 1082 1554 ύΛυκῑνε.
1100 1481 1174 1552 ἀλλ’

178 1587 226 1664 εἴη
238 1586 373 1667 βιῶναι,
386 1579 429 1661 ὡς
439 1591 519 1669 μίαν
530 1592 615 1670 χοῦν
623 1583 752 1670 ἡμέραν
763 1581 993 1669 εὐδαιμονήσω
1004 1579 1109 1668 σοφός
1118 1607 1178 1668 γε·

178 1676 326 1762 νόμενος.

258 1784 357 1844 ΛΥΚ.
381 1782 445 1847 Καὶ
465 1782 561 1866 ἱκανή
585 1802 637 1846 σοι
654 1779 727 1848 ἀντὶ
746 1787 813 1847 τῶν
830 1780 999 1848 τοσούτων
1019 1780 1178 1865 καμάτων
1265 1790 1266 1849 ί

176 1869 271 1959 ἡνία
285 1871 406 1962 ἡμέραι

260 1978 362 2040 ΕΡΜ.
383 1972 469 2060 Ἐμολ
482 1974 544 2061 μὲν
558 1980 612 2045 καὶ
628 1976 801 2060 ἀκαριαῖον
815 1975 941 2045 ὁπόσον
955 1977 1081 2046 λκανόν.

260 2077 288 2142 7.
310 2079 408 2141 ΛΤΚ.
441 2074 489 2142 Τὰ
506 2076 542 2145 δὲ
562 2074 601 2164 δὴ
618 2076 690 2145 όνω
705 2075 756 2144 ότι
773 2073 953 2162 εύδαίμονα
968 2078 1022 2144 καί
1037 2083 1178 2145 τοιαῦτα

178 2168 221 2249 ὡς
232 2171 339 2239 πάντα
352 2181 435 2258 χρῆν
449 2173 625 2262 ὑπομείναι
640 2175 684 2244 δι’
702 2173 803 2260 αὐτό,
820 2176 929 2243 πόθεν
940 2180 1022 2261 ἔχεις
1036 2179 1177 2257 ελδίναις

176 2266 217 2337 ού
232 2266 296 2354 γὰρ
313 2268 352 2357 δή
369 2270 468 2351 αύτός
481 2299 533 2341 πω
549 2272 766 2360 ἀνελήλυθας.

258 2376 361 2437 ΕΡΜ.
381 2367 477 2440 Ἀλλόι
492 2379 537 2462 τῷ
553 2373 741 2464 διδασκάλῳ
761 2372 906 2441 πιστεύω
923 2376 1067 2459 λέγοντι·
1099 2371 1118 2441 ὁ
1139 2374 1178 2442 δδ

175 2467 266 2534 πάνυ
282 2465 373 2535 οἶδεν
386 2466 443 2536 ἅτε
458 2467 636 2555 ἀκρότατος
650 2470 714 2558 ἤδη
731 2471 786 2541 όν.

257 2573 357 2634 ΛΤΚ.
379 2566 493 2653 Ἔλεγε
514 2568 549 2636 δὲ
567 2567 650 2653 πρὸς
666 2580 758 2637 δεον
773 2584 850 2637 ποῖα
870 2570 910 2638 τὰ
930 2572 1006 2656 περὶ
1019 2569 1132 2638 αὐτῶν
1154 2567 1179 2657 ἢ

174 2671 247 2731 τίνα
261 2662 323 2748 τὴν
342 2661 557 2751 εὐδαιμονίαν
578 2666 737 2754 εἶναιτὴν
752 2672 833 2749 ἐκεῖς
855 2661 878 2755 ἦ
892 2695 959 2737 που
977 2667 1052 2737 τινὰ
1066 2677 1180 2737 πλοῦ-

175 2787 233 2828 τον
246 2764 300 2829 καλ
316 2760 416 2842 δόξαν
432 2766 486 2830 καὶ
498 2763 622 2849 ἡδονὰς
635 2765 924 2854 ἆνυπερβλήτουςς

174 2954 257 3042 πρὸς
270 2955 330 3024 τόν
345 2960 382 3025 ἐν
394 2966 434 3047 τῇ
450 2957 550 3049 ἀρετῇ
563 2968 648 3048 βίον.

257 3064 355 3124 ΛΥΚ.
376 3054 472 3126 Ἀλλόι
487 3066 560 3127 τίνα
575 3066 656 3147 φησὶ
670 3062 817 3149 τύχαδύ,
841 3069 871 3131 εί
884 3061 929 3149 μὴ
944 3070 1061 3148 ταῦτα,
1086 3065 1183 3143 ἕξειν
1261 3077 1262 3086 ’

175 3179 256 3244 προς
272 3152 308 3223 τό
324 3158 415 3234 τέλος
429 3163 486 3242 τῆς
500 3154 667 3245 ἀσκήσεως
682 3161 856 3243 ἐλθόνταςς

257 3262 360 3323 ΕΡΜ.
382 3262 516 3343 Σοφίαν
529 3258 584 3326 καί
605 3256 831 3346 ἀνδρείαντιαὶ
844 3258 881 3328 τό
901 3260 1005 3329 καλὸν
1021 3258 1101 3329 αότδ
1119 3265 1187 3333 καὶ

174 3350 210 3421 τό
229 3356 358 3422 δίκαιον
373 3356 426 3422 καὶ
444 3352 480 3420 τό
502 3357 609 3423 πάντα
623 3361 818 3429 ἐπίστασθαι
836 3366 977 3444 βεβαίως
995 3366 1187 3447 πεπασμέ-
