2550 3825
192 119 254 182 318
542 129 846 187 AOYKIANOT

191 283 280 367 μάλα
294 284 442 371 εἰκότως,
458 287 513 353 καί
523 288 556 366 ἐξ
570 284 715 363 ἅπαντος
727 293 881 371 ζητοῦσιν
891 285 980 365 ὅπως
990 286 1096 372 άρδην
1106 283 1192 352 ἀπο-

191 383 348 469 λέσωσιν,
368 379 409 470 ἢν
420 385 602 451 δύνωνται·
626 389 811 469 λογίζονται
822 381 887 470 γάρ
898 382 942 463 ὡς
953 386 1194 470 ἐξαγορεύσου-

192 502 246 547 σιν
264 478 375 549 αὐτῶν
390 480 430 548 τά
445 479 551 550 πολλά
567 484 677 550 ἐκεῖνα
690 489 746 567 τῆς
759 482 891 566 φύσεως
907 480 1077 569 ἀπόρρητα
1094 480 1140 560 ὡς
1150 477 1192 548 ἀι
1254 482 1255 489 '

191 575 321 644 ἅπαντα
337 580 459 657 εἰδότες
476 577 620 666 ἀκριβῶς
641 581 695 646 καί
709 576 860 665 γυμνοὺς
881 576 1003 658 αῦτοῦς
1022 582 1193 646 ἐπωπτευ-

190 679 293 758 κότες.
304 687 403 748 τοῦτο
413 687 530 748 τοίνυν
537 678 712 765 ἀποπνίγει
722 677 860 758 αὐτούς·
872 677 1015 757 ἅπαντες
1024 675 1087 763 γάρ
1096 675 1192 761 ἀκρι-

190 782 257 861 βῶς
271 775 383 862 ὅμοιοί
392 784 454 845 εἰσι
465 793 533 856 τοῖς
543 785 729 855 καλλίστοις
739 777 868 855 τούτοις
878 783 1033 864 βιβλίοις,
1049 768 1098 842 ὦν
1108 800 1192 860 χρυ-

190 887 246 940 σοῑ
257 874 320 959 μὲν
333 879 368 942 οί
378 871 540 961 ὀμφαλοί,
557 882 716 960 πορφυρᾶ
727 877 763 943 δὲ
776 873 967 961 ἐκτοσδενὴ
979 876 1135 958 διφθέρα,
1151 869 1191 938 τά

189 969 226 1037 δέ
239 975 338 1039 ἔνδον
353 968 374 1059 ή
389 976 536 1059 Θυέστης
551 976 618 1041 ἐστί
633 980 701 1039 τῶν
714 975 842 1040 τέκνων
855 971 1050 1057 ἑστιώμενος
1062 967 1085 1056 ή
1097 973 1190 1037 Οἰδί-
1257 1048 1258 1057 ¹

189 1094 274 1148 πονς
284 1078 324 1158 τῇ
334 1075 432 1157 μητρὶ
443 1069 586 1160 ξννάνή
601 1070 728 1158 Τηρεὺς
739 1074 801 1140 δύο
813 1070 960 1158 ἀδελφάς
970 1071 1038 1157 ἅμα
1051 1069 1188 1138 ὀπυίων.

187 1173 334 1234 τοιοῦτοι
350 1173 404 1235 καί
421 1169 518 1237 αῦτοί
532 1176 611 1254 εἰσι,
628 1172 773 1255 λαμπροὶ
783 1173 839 1236 καί
849 1175 1075 1256 περίβλεπτοι,
1091 1170 1190 1235 ἔνδον

189 1263 220 1331 δ’
239 1263 362 1355 ῦπδτῇ
384 1268 543 1356 πορφύρᾳ
565 1268 693 1353 πολλήν
709 1264 771 1352 τὴν
790 1271 978 1357 τραγῳδίαν
998 1269 1189 1341 σκέποντες·
1258 1316 1259 1335 1

188 1367 328 1432 ἕκαστον
342 1374 428 1451 γοῦν
443 1364 554 1434 αὐτῶν
567 1363 612 1453 ἦν
627 1365 810 1453 ἐξειλήσῃς,
827 1370 935 1452 δράμοι
946 1363 988 1432 οῦ
998 1362 1119 1451 μικρὸν
1134 1359 1190 1431 εῦ-

121 1493 170 1550 ηηη
188 1463 299 1549 ρήσεις
313 1460 500 1547 Εὐριπίδου
514 1463 605 1542 τινὸς
629 1461 893 1549 ήΣοφοκλέονς,
917 1459 957 1529 τά
978 1459 1011 1528 δ’
1028 1467 1089 1542 ἐξω
1106 1485 1188 1542 πορ-

187 1560 280 1646 φύρα
296 1558 444 1646 εὐανθής
457 1564 511 1628 καί
524 1568 671 1646 χρυσοῦς
685 1557 702 1629 ὁ
717 1557 875 1645 ὀμφαλός.
898 1566 1001 1627 ταῦτα
1016 1552 1080 1625 οῦν
1091 1562 1180 1636 ξυνε-

186 1656 382 1742 πιστάμενοι
403 1656 515 1736 αὐτοῖς
537 1666 672 1743 μισοῦσι
695 1660 750 1726 καὶ
769 1657 1062 1744 ἐπιβουλεύουσιν,
1090 1663 1125 1722 εἰ
1142 1677 1186 1727 τις
1260 1682 1261 1735 ζ

186 1750 331 1831 ἀποστάς
339 1753 484 1841 ἀκριβῶς
492 1755 744 1840 κατανενοηκως
753 1753 1125 1843 αῦτοῦςέκτραγῳδήσει
1136 1779 1189 1820 και
1260 1748 1261 1751 “

186 1848 269 1933 πρὸς
283 1849 429 1930 πολλοῦς
443 1855 517 1940 ἐρεῖ.
551 1859 601 1921 42.
624 1855 789 1940 βούλομαι
804 1852 835 1921 δ’
852 1853 941 1941 ὅμως
957 1859 1060 1941 ἔγωγε
1077 1850 1188 1935 ὥσπερ

188 1946 205 2015 ὁ
222 1951 331 2035 Κέβης
348 1952 472 2029 ἐκεῖνος
487 1953 600 2019 εἰκόνα
615 1950 690 2019 τινά
705 1960 766 2019 τοῦ
782 1955 937 2021 τοιοῦτον
947 1961 1024 2040 βίον
1035 1974 1089 2019 σοι
1103 1954 1189 2036 γρά-

187 2059 263 2132 ψαι,
287 2044 377 2127 ὅπως
392 2052 425 2127 ἐς
441 2050 566 2136 ταύτην
583 2048 782 2137 ἀποβλέπων
798 2056 902 2139 εἰδῇς,
925 2060 958 2118 εἰ
975 2071 1027 2117 σοι
1047 2073 1190 2135 παριτη-

186 2151 262 2215 τέον
282 2150 370 2216 ἐστὶν
387 2152 420 2227 ἐς
440 2147 555 2237 αὐτήν.
586 2149 692 2237 ἡδέως
711 2152 773 2236 μὲν
792 2144 857 2217 οῦν
879 2148 1038 2218 Ἀπελλοῦ
1056 2172 1148 2225 τινος
1166 2142 1189 2232 ή

185 2253 381 2331 Παρρασίου
401 2244 423 2334 ἢ
444 2245 648 2334 Ἀετίωνοςή
668 2252 723 2315 καί
737 2246 960 2334 Εὐφράνορος
980 2244 1023 2315 ἀν
1044 2248 1183 2333 ἐδεήθην

185 2347 238 2413 ἐπὶ
253 2344 313 2432 τήν
331 2346 480 2434 γραφήν·
503 2350 572 2415 ἐπεὶ
589 2349 625 2415 δὲ
641 2348 770 2431 ἀπορον
783 2355 850 2414 νῦν
865 2345 975 2431 εὑρεῖν
990 2373 1065 2414 τινα
1082 2344 1190 2422 οῦτως

184 2458 342 2529 γενναῖον
362 2447 417 2513 καί
438 2444 558 2534 ἀκριβῆ
574 2443 636 2532 τήν
656 2448 791 2532 τέχνην,
816 2445 919 2531 ψιλήν
939 2442 983 2523 ὡς
997 2440 1070 2513 οἰόν
1085 2446 1190 2511 πέσοι

185 2547 336 2621 ἐπιδείξω
349 2544 410 2629 τήν
425 2546 546 2613 εἰκόνα.
578 2549 632 2613 καὶ
650 2544 691 2632 δή
711 2544 896 2632 γεγράφθω
918 2542 1108 2627 προπύλαια
1125 2542 1189 2628 μὲν

185 2638 297 2725 ῦυηλά
313 2645 368 2709 καί
382 2644 540 2729 ἐπίχρυσα
554 2647 607 2712 καὶ
621 2642 666 2731 μή
681 2643 770 2710 κάτω
785 2644 837 2710 ε’πὶ
853 2648 914 2709 τοῦ
931 2641 1093 2727 ἐδάφους,
1109 2636 1188 2707 ἀλλ’

185 2736 256 2804 άυω
270 2745 327 2823 τῆς
342 2747 403 2825 γῆς
417 2743 469 2809 ἐπί
487 2743 597 2827 λόφον
614 2751 766 2829 κείμενα,
791 2744 845 2809 καί
859 2738 880 2828 ἡ
897 2738 1017 2818 ἀνοδος
1033 2740 1084 2807 ἐπί
1099 2736 1189 2806 πολὺ

185 2840 240 2905 καί
255 2835 400 2925 ἀνάντης
414 2843 468 2908 καί
484 2838 624 2909 ὄλισθον
641 2848 778 2927 ἔχουσα,
794 2839 837 2920 ὡς
852 2840 1011 2918 πολλάκις
1024 2836 1088 2925 ήδη
1103 2834 1190 2923 πρὸς

184 2942 230 3021 τῷ
247 2932 338 3026 ἀκρςο
356 2942 492 3007 ἔσεσθαι
512 2942 707 3020 ἐλπίσαντας
726 2944 1024 3026 ἐκτραχηλισθῆναι
1045 2942 1191 3022 διαμαρ-

184 3034 300 3114 τόντος
313 3044 374 3103 τοῦ
388 3038 507 3117 ποδός·
535 3044 634 3108 ἔνδον
649 3042 686 3108 δί
706 3038 723 3106 ὁ
739 3047 891 3118 Πλοῦτος
904 3037 1005 3117 αῦτδς
1020 3036 1190 3121 καθήσθω

183 3143 328 3221 χρυσοῦς
341 3132 434 3221 ὅλος,
454 3134 497 3216 ὡς
511 3142 617 3223 δοκεῖ,
639 3140 731 3206 πάνυ
745 3137 914 3225 εὔμορφος
929 3141 983 3205 καί
999 3139 1189 3220 ἐπέραστος,

116 3252 166 3307 703
185 3232 203 3300 δ
216 3234 252 3303 δὲ
264 3232 401 3322 ἐραστής
411 3236 506 3322 μόλις
513 3235 668 3305 ἀνελθών
677 3239 732 3306 καὶ
741 3237 924 3323 πλησιάσας
934 3243 975 3325 τῇ
984 3235 1076 3324 θύρᾳ
1085 3242 1190 3319 τεθη-

182 3333 268 3399 πέτω
286 3330 425 3419 ἀφορῶν
445 3338 478 3414 ἐς
494 3333 530 3402 τὰ
552 3343 707 3422 χρυσίον·
737 3342 976 3419 παραλαβοῦσα
990 3331 1023 3402 δ’
1047 3331 1188 3411 αῦτὸνὴ
