2550 3825
365 183 585 242 ΕΝΑΛΙΟΙ
608 184 868 242 ΔΙΑΛΟΓΟΙ.
1055 179 1117 244 12³

120 366 158 428 τη
146 344 301 426 τριαίνῃ
320 335 382 425 τήν
396 341 520 458 πέτραν
541 346 682 424 πλησίον
700 346 760 406 τοῦ
782 340 984 458 κλύσματος,
1005 341 1060 409 καὶ
1073 349 1117 409 συ

121 434 286 521 εὐδαίμων
300 441 357 522 έση
371 437 481 504 κάλ’
439 463 524 522 μονη
540 444 607 503 τῶν
623 434 834 523 άδελφῶυ’
795 464 855 523 ουχ
875 436 1118 524 ὑδροφορήσεις

121 532 348 601 άποθανοῦσα.

516 681 723 689 ”unu-..—

608 786 637 846 7.

352 902 522 956 ΝΟΤΟῬ
549 903 628 954 ΚΑΙ
660 903 893 956 ΖΕΦῬΡΟῬ.

205 1041 233 1103 l.
249 1043 355 1104 NOT.
380 1035 530 1121 Ταύτην,
549 1027 576 1102 ὦ
590 1038 739 1121 Ζέφυρε,
754 1032 816 1121 τήν
830 1036 989 1122 δάμαλιν,
1005 1034 1049 1122 ἣν
1065 1035 1119 1105 διά

120 1139 180 1200 τοῦ
193 1134 358 1218 πελάγους
373 1136 405 1212 ἐς
417 1140 591 1218 Αίγυπτου
607 1130 625 1200 ὁ
638 1129 756 1218 Ἑρμῆς
771 1132 859 1219 άγει,
877 1131 894 1201 ὁ
909 1130 994 1212 Ζεῦς
1010 1135 1120 1202 διεκό-

123 1251 242 1312 ρευσεν
255 1227 358 1310 άλοῦς
372 1237 484 1316 ἔροτις

204 1333 301 1394 ΖΕΦ.
324 1334 409 1410 Ναί,
425 1320 453 1396 οἷ
462 1326 566 1396 Νότε·
590 1325 631 1394 οῦ
647 1326 786 1413 δάμαλις
798 1329 834 1395 δὲ
845 1326 934 1413 τότε,
950 1325 1033 1395 άλλά
1044 1343 1120 1407 παίς

120 1413 164 1506 ήν
172 1430 233 1490 τοῦ
242 1433 391 1510 ποταμοῦ
403 1423 544 1511 Ἰνάχου·
558 1431 625 1492 νῦν
634 1426 671 1491 δὲ
680 1422 701 1510 ή
709 1421 795 1509 Ἥρα
804 1426 962 1512 τοιαύτην
968 1430 1121 1512 ἐποίησεν

121 1518 227 1607 αὐτήν
239 1525 499 1610 ζηλοτυπήσασα,
511 1521 562 1590 ὅτι
573 1525 628 1590 καὶ
638 1523 730 1589 πάνυ
741 1523 827 1606 εὀόρα
839 1525 964 1607 ἐροῦντα
975 1523 1034 1591 τδυ
1041 1531 1119 1594 Δία.

203 1625 309 1686 ΝΟΤ.
332 1625 410 1687 Νῦν
427 1613 491 1686 οῦν
505 1626 551 1687 ἔτι
566 1624 626 1709 ἐρᾷ
642 1627 698 1705 τῆς
710 1619 805 1708 βοός;

204 1721 301 1784 zm.
324 1718 390 1783 Καὶ
403 1716 508 1802 μάλα,
527 1718 583 1783 καὶ
597 1712 652 1784 διά
666 1723 764 1783 τοῦτο
779 1718 812 1794 ἐς
826 1725 999 1802 Αίγυπτον
1013 1713 1119 1802 αῦτήυ
1136 1734 1187 1790 30⁶

1 1825 2 1830 ’
123 1818 247 1898 έπεμψε
261 1815 315 1881 καὶ
329 1810 409 1900 ἡμῖν
430 1816 606 1896 προσέταξε
623 1811 667 1900 μή
684 1820 859 1898 κυμαίνειν
874 1810 936 1901 τήν
951 1813 1121 1881 θάλατταν

122 1905 189 1977 ἐστ’
202 1903 247 1977 άν
258 1909 460 1997 διανήξηται,
474 1907 518 1989 ὡς
528 1907 736 1978 ἀποτεκοῦσα
747 1912 864 1977 έκεί-
875 1924 952 1978 κυεῖ
960 1911 997 1978 δὲ
1006 1907 1070 1997 ήδη
1080 1950 1118 1961 -—

122 2004 203 2085 θεός
217 2009 346 2092 γένοιτο
362 2010 418 2075 καὶ
434 2005 515 2094 αῦτή
532 2010 587 2075 καί
599 2005 636 2077 τό
653 2011 781 2094 τεχθέν.

204 2110 235 2171 2.
257 2111 361 2171 ΝΟΤ.
380 2102 573 2190 Ἡδάμαλις
586 2105 683 2185 θεός;

203 2208 301 2271 ΖΕΦ.
332 2203 399 2268 Καὶ
412 2202 516 2287 μάλα,
544 2196 572 2268 τό
586 2204 690 2270 Νότε·
724 2201 815 2287 ἄρξει
831 2228 882 2287 τε,
908 2200 952 2280 ὡς
969 2199 986 2268 ὁ
1002 2200 1121 2288 Ἑρμῆς

122 2303 202 2385 ἐφη,
218 2307 286 2366 τῶν
297 2297 466 2368 πλεόντων
481 2302 535 2366 καὶ
548 2296 643 2385 ήμῶν
655 2306 744 2367 ἔσται
759 2301 932 2384 δέσποινα,
949 2297 1066 2365 ὅντινα
1077 2294 1120 2365 άν

123 2394 215 2483 ἡμῶν
230 2399 330 2485 ἐθέλῃ
345 2399 507 2482 ἐκπέμψαι
522 2393 543 2482 ή
558 2404 705 2465 κωλῦσαι
721 2398 881 2465 ἐπιπνεῖν.

204 2500 310 2561 ΝΟΤ.
332 2496 542 2575 Θεραπευτέα
557 2500 754 2579 τοιγαροῦν,
777 2485 804 2559 ὦ
820 2493 969 2578 Ζέφυρε,
986 2490 1049 2577 ήδη
1065 2495 1121 2558 δέ-

122 2591 244 2659 σποινά
258 2617 297 2677 γε
311 2584 407 2658 οῦσα.

203 2695 301 2756 zm.
324 2686 378 2774 Νή
398 2685 473 2757 Δί’·
502 2687 703 2773 εὐνουστέρα
718 2685 783 2775 γὰρ
806 2683 850 2756 άν
870 2686 958 2755 οὕτω
978 2689 1118 2773 γένοιτο.

120 2782 194 2855 ἀλλ’
210 2782 274 2872 ήδη
293 2783 357 2872 γάρ
373 2787 545 2871 διεπέρασε
565 2788 620 2854 καὶ
635 2787 805 2865 ἐξένευσεν
819 2788 851 2865 ἐς
867 2783 928 2872 τήν
942 2792 1016 2871 γῆν.
1039 2781 1121 2871 ὁρᾷς

120 2882 210 2963 ὅπως
222 2880 332 2951 οῦκέτι
342 2883 403 2970 μὲν
417 2886 643 2968 τετραποδιστὶ
653 2886 785 2970 βαδίζει,
800 2880 1000 2966 ἀνορθώσας
1010 2884 1047 2949 δὲ
1058 2879 1120 2947 αῦ-

120 2978 180 3066 τήν
196 2976 344 3067 όἘρμής
358 2995 501 3067 γυναῖκα
515 2982 690 3067 παγκάλην
705 2973 805 3059 αῦθις
822 2981 969 3066 ἐποίησε;

203 3085 308 3147 ΝΟΤ.
330 3080 509 3163 Παράδοξα
519 3087 604 3166 γοῦν
614 3087 735 3165 ταῦτα,
751 3073 777 3145 οἳ
787 3083 934 3165 Ζέφυρε·
957 3074 1067 3145 οῦκέτι
1079 3071 1118 3142 τά

120 3178 241 3260 κέρατα
255 3174 333 3244 οῦδὲ
348 3173 434 3261 οὐρά
450 3178 504 3244 καὶ
525 3179 640 3262 δίχηλα
653 3173 694 3244 τά
713 3179 829 3263 σκέλη,
853 3173 926 3244 ἀλλ’
944 3177 1120 3261 ἐπέραστος
1137 3192 1186 3248 μοι

119 3273 213 3360 κόρη.
246 3272 264 3344 ὁ
286 3281 399 3361 μέντοι
415 3272 532 3361 Ἑρμῆς
548 3279 580 3341 τί
599 3271 722 3342 παθῶν
743 3275 985 3361 μεταβέβληκεν
999 3268 1120 3340 έαυτδν

119 3376 175 3439 καλ
191 3367 265 3441 άυτὶ
279 3379 417 3441 νεανίου
431 3372 694 3454 κυνοπρόσωπος
706 3374 895 3458 γεγένηταις
