2550 3825
165 168 229 231 304
519 178 824 238 AOYKIANOY

97 345 148 401 ⁶73
168 337 257 416 θείς,
272 329 345 400 οῦτι
359 359 396 418 γε
407 338 604 420 Νομαδικοῦ
620 332 828 421 ῇΦασιανοῦ
843 338 997 426 ὄρνιθος,
1016 335 1065 409 ὧν
1075 344 1172 427 μόλις

166 425 206 494 τά
228 425 308 497 όστά
333 428 412 517 ἡμῖν
439 437 662 500 καταλέλοιπε.
694 441 801 518 τρίτος
823 435 937 522 άλλος,
961 431 1000 506 Ὠ
1025 441 1173 526 μάταιοι,

167 533 265 611 φησί,
286 528 385 596 πέντε
402 527 476 596 οὐδ’
495 527 585 598 ὅλων
603 527 738 617 ἡμερῶν
754 531 880 614 ὄψεσθε
901 533 1005 603 αότδν
1021 538 1173 604 ἐνταῦθα’

166 647 233 690 που
250 628 287 692 ἐν
298 622 378 711 ἡμίν
389 624 430 693 τά
442 625 540 712 όμοια
555 629 798 716 ποτνιώμενον·
821 640 886 698 νῦν
904 635 966 718 μὲν
979 632 1044 720 γὰρ
1057 633 1171 721 ὥσπερ

165 719 205 788 τά
227 721 327 791 καινὰ
346 731 414 791 τῶν
434 723 659 812 ὑποδημάτων
682 730 719 794 ἐν
739 736 816 817 τιμῇ
835 756 902 797 τινι
928 734 983 798 καὶ
1004 735 1173 819 ἐπιμελείᾳ

166 821 272 906 ἐστίν,
297 821 432 889 ἐπειδάν
454 825 490 890 δὲ
505 833 641 914 πατηθῇ
655 826 813 904 πολλάκις
833 831 888 895 καὶ
902 826 968 895 όπδ
985 836 1046 896 τοῦ
1059 835 1171 914 πηλοῦ

167 914 384 1008 ἀναπλασθῇ,
398 919 463 989 ὑπὸ
476 929 516 1010 τῇ
527 930 623 1011 κλίνη
637 920 764 1002 ἀθλίως
777 928 944 1010 ἐρρίψεται
958 925 1088 1011 κόρεων
1103 925 1176 992 οἶσε-

165 1037 228 1099 περ
238 1031 332 1101 ημεῑς
346 1017 526 1098 άνάπλεως.
548 1023 669 1088 ἐκεῖνοι
679 1023 741 1106 μὲν
751 1014 816 1088 οὖν
825 1030 963 1089 τοιαῦτα
977 1020 1081 1090 πολλὰ
1093 1024 1171 1106 περί

165 1119 229 1179 σοῦ
243 1105 496 1201 στρέφονσικαί
507 1143 573 1186 που
587 1117 652 1204 ἤδη
668 1122 723 1186 καί
740 1117 824 1203 πρὸς
834 1120 992 1207 διαβολάς
1001 1145 1089 1198 τινες
1105 1117 1171 1186 αῦ-

165 1217 234 1277 τῦν
255 1216 570 1299 παρασκευάζονται.
604 1223 654 1285 18.
676 1214 714 1283 τό
736 1215 768 1283 δ’
792 1209 855 1284 οῦν
880 1217 1067 1303 συμπόσιον
1088 1215 1171 1285 ὅλον

166 1310 272 1375 ἐκεῖνο
288 1311 349 1378 σόν
361 1316 428 1381 ἐστι
444 1317 499 1381 καὶ
514 1317 590 1399 περὶ
604 1321 667 1380 σοῦ
684 1319 876 1382 οἱπλεῖστοι
892 1324 960 1382 νῦν
975 1316 1102 1400 λόγων·
1124 1312 1170 1380 σῦ

164 1403 196 1472 δ’
214 1404 272 1473 ὑπ’
296 1406 434 1495 άηθείας
453 1415 556 1479 πλέον
569 1419 630 1478 τοῦ
652 1416 771 1479 ἱκανοῦ
787 1410 915 1498 ἐμπιοδν
930 1422 1026 1480 οίνου
1047 1418 1171 1480 λεπτοῦ

165 1506 220 1571 καὶ
240 1509 389 1593 δριμέος,
415 1509 518 1577 πάλαι
538 1516 594 1595 τῆς
610 1507 753 1596 γαστρός
775 1511 987 1596 ἐπειγούσης,
1012 1510 1170 1606 πονήρως

164 1609 262 1690 ἔχεις,
286 1609 340 1674 καὶ
363 1606 441 1674 οῦτε
459 1612 745 1695 προεξαναστῆναί
761 1628 815 1676 σοι
830 1606 934 1677 καλόν
956 1608 1034 1676 οῦτε
1053 1610 1169 1694 μένειν

164 1701 325 1787 ἀσφαλές·
342 1701 603 1792 ἀποτεινομένου
614 1714 731 1775 τοίνυν
741 1713 802 1774 τοῦ
813 1706 918 1774 πότου
929 1709 982 1773 καί
993 1706 1104 1790 λόγων
1116 1706 1168 1772 ἐπὶ

165 1799 277 1884 λόγοις
290 1805 478 1885 γινομένων
493 1807 547 1872 καὶ
560 1807 742 1891 θεαμάτων
755 1808 807 1873 ἐπὶ
816 1807 963 1892 θεάμασι
977 1804 1168 1888 παριόντων

96 1907 147 1962 074
165 1938 207 1949 -
225 1894 355 1965 ἅπαντα
372 1897 436 1988 γάρ
452 1906 681 1983 ἐπιδείξασθαί
697 1925 751 1971 σοι
771 1902 811 1972 τά
832 1900 937 1972 αὑτοῦ
957 1902 1113 1990 βούλεται
1126 1941 1171 1953 -

164 1993 303 2061 κόλασιν
324 1992 365 2063 οῦ
378 1998 502 2084 μικράν
522 1998 699 2088 ὑπομένεις
718 2003 798 2088 μήτε
820 2000 909 2089 ὁρῶν
929 2000 970 2069 τδ
984 2000 1170 2086 γιγνόμενα

165 2090 246 2177 μήτε
256 2089 392 2161 άκοῦων
403 2106 437 2164 εί
446 2124 494 2176 τις
504 2095 608 2189 ᾅδειῇ
622 2106 786 2185 κιθαρίζει
800 2102 892 2168 πάνυ
902 2099 1085 2185 τιμώμενος
1095 2122 1171 2181 μέῑ·

165 2196 336 2277 ρακίσκος,
352 2191 425 2261 ἄλλ’
439 2199 582 2277 ἐπαινεῖς
592 2198 655 2283 μὲν
667 2195 726 2265 ὑπ’
742 2196 905 2285 ἀνάγκης,
920 2196 1000 2285 εῦχη
1014 2199 1050 2263 δὲ
1064 2191 1087 2281 ἢ
1099 2215 1171 2262 σει-

165 2298 238 2377 σμῷ
257 2307 437 2377 συμπεσεῖν
454 2298 563 2363 ἐκείνα
580 2296 688 2363 πάντα
705 2292 727 2382 ἢ
745 2298 913 2382 πυρκαϊάν
930 2323 1005 2364 τινα
1019 2316 1171 2379 προσαγ-

164 2396 343 2478 γελθῆναι,
355 2394 412 2459 ἶνα
423 2396 501 2461 ποτέ
512 2398 566 2463 καὶ
582 2399 729 2483 διαλυθῇ
739 2395 775 2463 τό
789 2396 984 2482 συμπόσιον.
1008 2400 1058 2463 19.
1069 2400 1170 2461 τοῦτο

165 2490 227 2575 μὲν
243 2490 285 2576 δή
300 2511 353 2559 σοι
367 2490 404 2559 τδ
420 2501 570 2578 πρῶτον,
587 2488 614 2561 ό
628 2498 753 2579 ἑταίρε,
768 2497 823 2561 καὶ
832 2492 970 2581 ἥδιστον
980 2496 1086 2561 έκεῖνο
1099 2498 1171 2559 δεῖ-

165 2611 268 2671 πνον,
285 2587 347 2655 οῦκ
357 2595 466 2676 ἔμοιγε
477 2600 538 2661 τοῦ
547 2594 665 2679 θῦμον
675 2594 805 2659 καὶτῶν
816 2600 947 2660 λενκεόν
958 2590 1170 2677 ἆλῦνῇδιον,

166 2683 307 2771 ὁπηνίκα
323 2688 487 2774 βούλομαι
507 2694 562 2759 καὶ
582 2689 725 2776 ὁπόσον,
753 2694 937 2777 ἐλευθέρως
951 2692 1170 2776 ἐσθιομένων.

164 2786 221 2850 ἵνα
243 2789 328 2867 γοῦν
343 2803 396 2851 σοι
412 2784 473 2872 τὴν
490 2786 690 2877 ὀξυρεγμίαν
705 2785 767 2873 τὴν
785 2790 838 2856 ἐπὶ
855 2789 985 2867 τούτοις
1003 2796 1098 2874 παρῶ
1111 2788 1170 2855 καὶ

165 2879 224 2947 τόν
240 2883 277 2947 ἐν
293 2888 332 2967 τῇ
353 2888 449 2952 νυκτὶ
468 2892 599 2974 ἔμετον,
621 2893 730 2957 ἕωθεν
745 2888 855 2973 δεήσει
868 2890 944 2973 περὶ
959 2894 1020 2954 τοῦ
1040 2894 1171 2973 μισθοῦ

166 2983 330 3066 ξυμβῆναι
344 2979 446 3067 ὑμᾶς,
462 2980 587 3053 ὁπόσον
597 3014 632 3055 τε
646 2987 701 3056 καὶ
713 2983 813 3054 ὁπότε
826 2993 886 3053 τοῦ
902 2991 996 3063 ἔτους
1007 2984 1068 3071 χρὴ
1082 2993 1166 3069 λαμ-

165 3078 291 3164 βάνειν.
315 3080 490 3164 παρόντων
506 3078 569 3151 οὖν
585 3081 607 3171 ἢ
624 3087 686 3153 δύο
702 3082 724 3172 ἢ
739 3094 843 3172 τριῦν
858 3093 967 3172 φίλων
982 3090 1171 3172 προσκαλέ-

166 3199 225 3256 σας
240 3196 277 3245 σε
293 3180 348 3246 καὶ
363 3186 559 3261 καθιζεσθαι
573 3186 732 3264 κελεύσας
746 3184 879 3271 ἄρχεται
893 3190 1016 3271 λέγειν·
1041 3183 1088 3253 Τά
1105 3186 1170 3270 μὲν

165 3271 304 3364 ἡμέτερα
317 3274 416 3347 ὁποίά
433 3281 522 3347 ἐστιν
536 3282 684 3365 ἑόρακας
698 3283 778 3371 ἤδη,
801 3286 856 3353 καὶ
870 3281 915 3363 ὡς
931 3292 1036 3370 τῦφος
1052 3288 1089 3352 ἐν
1104 3280 1170 3349 αῦ-

166 3387 234 3454 τοῒς
248 3372 326 3443 οὐδὲ
341 3374 402 3463 είς,
425 3379 640 3469 ἀτραγῴδητα
654 3384 690 3451 δὲ
705 3386 760 3451 καὶ
774 3381 853 3465 πεζά
870 3381 980 3450 πάντα
994 3385 1045 3451 καὶ
1063 3386 1161 3469 δημο-
