2550 3825
154 198 198 234 xiv
573 186 801 237 PRAEFATIO.

151 312 235 371 τᾶλλα
252 323 327 372 Diod.
363 323 424 379 thio.
444 317 543 391 πρςόην
560 326 659 374 restitui
677 338 723 389 pro
741 315 880 387 πρότερον
899 324 1022 373 suadente
1038 320 1119 371 Halm.
1155 319 1212 371 idid.

152 378 181 439 εὗ
199 387 262 439 ίσθι
280 382 386 448 ἐκεῖνος
403 385 542 459 προσφὺς]
566 384 671 449 ἐκεῖνος
691 395 801 453 inserui,
818 402 846 442 ut
864 392 942 441 voluit
960 391 1028 441 idem
1045 392 1085 439 vir
1102 391 1212 439 doetissi-

151 475 217 509 mue.
253 476 275 509 ο.
293 460 323 511 11
343 453 464 511 πεποίκει
482 463 580 512 restitui
616 478 644 512 ro
661 453 797 511 έπεπιόκει
832 477 855 515 o.
876 461 909 512 15
926 452 996 509 κατὰ
1015 450 1128 525 σαυτόν]
1147 451 1214 507 κατὰ

152 520 268 577 σεαυτόν
282 528 357 583 Diud.
395 548 416 585 o.
437 532 470 582 17
486 518 564 580 οὗτοι
581 476 614 581 δέ
628 518 703 595 ἦσαν
721 524 753 579 ολ
772 522 807 581 τὰ
822 521 891 579 ἄλλα
908 527 977 595 φιλ]
1001 528 1064 579 haeo
1085 544 1127 576 vv.
1146 529 1214 577 eiecit

151 600 228 649 idem.
243 600 361 666 Remaoly
381 600 493 650 defendit
511 602 590 650 itaut
607 608 665 680 poet
681 601 814 663 φιλοσοφ.
833 600 925 649 interro
960 600 1035 648 tionis
1053 597 1154 663 tignum
1170 611 1214 661 po-

150 676 203 717 nat.
238 667 298 718 ibid.
311 666 419 732 αἵρεσιν
436 666 492 717 τῶν
510 682 676 733 κρειττονων
692 660 788 731 όξιιόν,
805 659 903 732 ου’γὰρ
937 684 953 716 υ
966 658 1143 728 πιστεύσαιμί
1159 663 1212 729 σοι]

151 738 186 785 ita
206 736 257 785 iam
274 738 333 788 dedi
352 739 384 788 de
400 738 494 787 Halmii
511 740 634 787 sententia
651 754 711 803 pro:
737 736 845 802 αἳρεσιν
863 733 911 787 καλ
929 739 985 788 τῶν
1002 731 1167 799 κρειττόνων
1184 724 1214 782 οἲ-

151 802 233 865 ξιιόν·
251 796 285 853 od
301 798 354 871 γὰρ
371 800 550 870 πιστεύσαιμί
570 818 614 855 σοι
631 798 686 859 κτὲ.
723 806 879 858 Dindortiue:
899 804 1007 871 αἳρεσιν
1024 802 1080 854 τῶν
1097 798 1216 867 κρειττό-

151 889 209 922 νων
225 874 328 938 reliquis
344 877 429 927 eiectis
446 890 526 938 usque
543 876 578 925 ad
587 871 694 939 λέγοντι
729 892 751 929 o.
768 875 801 926 18
810 866 973 942 έωρακέναι]
985 865 1130 936 ἑορακέναι
1140 873 1214 922 Diod

150 944 212 993 ibid.
228 939 276 992 καλ
294 935 438 1011 ὁπόγων]
457 936 505 993 καί
522 935 623 1009 πιόγων
640 947 677 996 id.
713 962 735 995 ο.
761 944 794 996 19
811 942 927 1011 καιζεις]
950 942 1050 1007 παίζῃς
1069 944 1105 992 id.
1143 957 1166 990 ο.
1184 942 1217 991 20

151 1010 255 1073 ταόρον
271 1028 328 1062 oum
347 1014 404 1066 eod.
423 1021 448 1063 et
466 1012 563 1063 Halmio
582 1029 627 1079 pro
644 1011 749 1076 ταόρόν
765 1029 829 1064 τινα
869 1031 891 1064 ο.
909 1016 943 1065 22
960 1007 1029 1063 α’λλὰ
1050 1002 1080 1059 έν
1095 1011 1152 1061 dedi
1170 1025 1216 1075 pro

150 1073 207 1130 ἄλλ’
225 1073 255 1129 έν
291 1098 314 1133 ο.
334 1082 367 1133 23
385 1082 490 1132 alterum
506 1073 593 1131 ἐκεῖσε
612 1083 672 1133 oiim
688 1085 759 1133 uncie
776 1084 935 1134 incluseram.
968 1101 989 1134 ο.
1005 1085 1039 1135 24
1053 1075 1102 1129 καλ
1117 1072 1152 1141 δὴ
1169 1073 1217 1127 καὶ

151 1151 234 1215 reoepi
253 1149 399 1204 oumDind.
416 1146 524 1216 promo
542 1141 661 1215 ἦδηκαλ
696 1168 718 1201 o.
737 1154 771 1203 25
787 1144 805 1216 ἠ
824 1149 856 1203 δέ
871 1168 914 1210 τις
928 1168 986 1203 oum
999 1152 1055 1203 eod.
1076 1164 1122 1215 pro
1140 1140 1158 1211 ἡ
1178 1139 1218 1197 δέ.

151 1219 229 1269 voluit
246 1220 282 1269 ite
295 1221 346 1269 iam
363 1219 445 1269 Halm.
480 1236 503 1270 ο.
527 1220 561 1271 26
583 1213 615 1270 τό
636 1235 667 1270 τε
690 1217 787 1270 τοίνυν
807 1219 917 1285 πλῆθος
940 1236 999 1273 eum
1016 1221 1073 1270 eod.
1092 1233 1139 1283 pro
1158 1209 1218 1267 τότε

151 1285 247 1335 τοίνυν
264 1282 296 1337 τό
312 1287 422 1353 πλῆθος
456 1290 517 1342 ibid.
536 1280 627 1339 οιότιέν
646 1299 704 1357 poet
718 1288 822 1354 μᾶλλον
838 1292 935 1341 inserui
950 1306 1008 1341 oum
1015 1288 1123 1339 Halmio.
1152 1302 1175 1336 o.
1185 1288 1217 1335 21

151 1349 335 1420 μετεληλυθός
348 1359 434 1423 recepi
448 1373 495 1423 pro
509 1353 707 1423 μετεληλυθόσι
739 1350 971 1425 ίοίόέωρακέυαι]
990 1348 1219 1421 ἕορακέναιλὶίοο.

151 1426 210 1479 ibid.
228 1418 300 1490 μόνη
316 1419 408 1509 πόλις]
427 1423 507 1485 πόλις
520 1420 592 1492 μόνη
613 1431 648 1479 id.
686 1430 747 1482 ibid.
764 1427 931 1495 παραπαίει]
949 1423 1107 1491 παραπαίοι
1126 1425 1162 1474 id.
1196 1440 1218 1475 c.

152 1496 184 1545 31
202 1495 282 1545 τοῦτο
297 1491 345 1545 καλ
362 1511 437 1545 πανυ
453 1500 537 1563 reoepi
554 1513 600 1563 pro
617 1493 666 1547 καλ
683 1495 857 1550 τοῦτοπάνυ
891 1515 914 1549 ο.
932 1499 967 1550 32
984 1492 1109 1561 πολλοῖς]
1125 1495 1221 1543 Rema-

153 1564 192 1630 olp
208 1580 234 1630 p.
253 1565 284 1615 11
301 1567 392 1630 probat
410 1567 441 1616 ab
460 1566 516 1616 aliis
528 1567 687 1633 propositum
704 1557 798 1625 ἄλλοις
832 1568 892 1618 idid.
908 1568 1004 1618 verbis:
1021 1558 1052 1615 τὸ
1065 1556 1221 1627 ἀληθέστα-

152 1646 201 1681 τον
228 1624 283 1683 κτὲ.
309 1634 456 1685 Hermotimi
481 1648 572 1685 nomen
597 1636 703 1701 praefixi
727 1639 866 1689 seeundum
890 1637 978 1696 codd,
1006 1631 1222 1699 quemadmodum

154 1711 253 1766 praeter
271 1703 333 1752 aiios
351 1704 426 1753 etIam
443 1703 524 1757 Halm.
543 1704 632 1755 voluit.
666 1721 690 1754 o.
709 1704 743 1757 33
760 1698 840 1771 ἡμῶν
857 1707 970 1768 κρατεῖν
987 1720 1044 1756 reoe
1062 1705 1135 1768 ipro
1153 1714 1224 1763 upu-

155 1772 210 1819 τεῖν
228 1764 307 1835 ἡμῶν
339 1788 361 1821 ο.
375 1772 409 1823 34
424 1770 620 1839 Συρακουσίῳ]
636 1772 802 1842 Συρακοσίῳ
820 1776 896 1826 Diod.
929 1791 951 1827 e.
971 1774 1005 1825 35
1021 1719 1061 1823 vo}
1083 1786 1140 1821 oum
1162 1770 1223 1819 eod.

153 1840 305 1960 23⁵3?
320 1838 1227 1975 {fissoeissffitffii‘i'ssffifflioff-'i''d‘tississi‘uffufflfi‘'reiissanssodssss

152 1973 273 2041 γένοιντο
301 1995 322 2029 ο.
342 1980 376 2032 37
393 1973 462 2031 odat
479 1970 578 2048 οὕτως]
597 1974 662 2031 odat
676 1930 841 2034 οότωγλλίοᾱ.
876 2000 898 2038 o.
915 1982 948 2033 33
965 1978 1137 2043 κασσιτέρου]
1157 1992 1228 2026 κατ-

151 2044 258 2113 τιτέρου
274 2050 310 2102 id.
347 2067 367 2100 o.
388 2049 421 2102 39
438 2049 517 2100 τοῦτο
534 2044 564 2100 τό
584 2043 661 2116 ἱερόν
676 2052 769 2116 scripsi
785 2068 843 2102 oum
860 2053 916 2104 eod.
933 2060 1035 2102 duotore
1057 2048 1156 2099 Halmio
1176 2061 1228 2111 pro

151 2114 231 2166 τοῦτο
250 2111 326 2181 ίερόν
366 2120 425 2170 ibid.
448 2111 612 2187 έωρακέναι]
633 2110 778 2184 ἑορακέναι
796 2123 833 2172 id.
871 2121 931 2173 ibid.
948 2110 984 2169 οἰν
1004 2109 1132 2182 ἄμεινον,
1152 2116 1230 2178 quod

152 2187 212 2236 olim
231 2189 353 2253 proposui
365 2197 389 2238 et
401 2191 518 2254 probavit
536 2189 614 2251 Goist‚
632 2191 684 2240 iam
700 2191 783 2255 recepi
796 2187 844 2255 'pro
859 2182 974 2254 ἄμεινον
1009 2205 1030 2239 o.
1040 2189 1075 2238 42
1092 2175 1230 2262 infixo-ts·

152 2257 212 2306 dedi
235 2273 292 2306 oum
315 2257 390 2308 Dind.
412 2269 514 2310 duotore
531 2258 628 2309 Halmio
647 2275 693 2324 pro
711 2251 826 2325 έντόχγς
862 2276 884 2312 o.
906 2258 941 2310 43
964 2250 1147 2323 γραφομένων
1167 2268 1231 2302 των

151 2317 332 2392 γραμμάτων]
348 2327 414 2377 hano
429 2343 512 2379 meam
529 2329 729 2379 emendationem
747 2337 874 2394 receptam
887 2328 919 2378 ab
938 2327 1033 2378 Geistio
1046 2323 1157 2391 praetuli
1168 2324 1234 2373 vui-

152 2404 227 2461 gatae
244 2391 427 2459 γραφομένων
444 2389 613 2463 γραμμάτων
647 2398 707 2450 idid.
732 2387 833 2447 ένιὶτου
852 2413 908 2448 oum
932 2395 1009 2447 Diod.
1028 2409 1073 2459 pro
1091 2383 1231 2445 ἔννατον.

151 2466 186 2513 ita
205 2466 280 2514 etiem
299 2482 321 2516 ο.
338 2479 410 2530 sequ.
445 2485 468 2518 o.
484 2470 520 2518 44
535 2457 660 2530 έόσωμεν
674 2468 772 2517 restitui
790 2483 848 2518 oum
869 2467 927 2516 eod.
944 2481 989 2531 pro
1007 2455 1123 2526 έοίσομεν
1160 2462 1235 2512 ibid.

151 2525 377 2597 παραθεωρήσης
396 2551 454 2586 oum
464 2538 521 2588 eod.
531 2537 655 2586 suadente
665 2536 763 2586 Halmio
779 2551 825 2601 pro
841 2527 1054 2599 περιθεωρήσγε
1090 2549 1112 2584 ο,
1124 2532 1163 2582 45
1184 2545 1236 2579 πι-

152 2593 314 2666 στεύσαιμεν
337 2604 381 2668 αν]
398 2592 433 2652 όν
452 2621 509 2654 oum
528 2606 585 2659 eod.
604 2606 636 2656 de
652 2621 710 2656 meu
723 2607 866 2656 oonieotura
883 2605 972 2656 adieci.
1007 2603 1069 2655 idid.
1085 2592 1237 2664 ἑόρακεν]

152 2661 266 2732 ἕόρακεν
279 2672 315 2723 id.
350 2690 370 2723 o.
390 2675 423 2722 47
441 2666 492 2721 σόκ
514 2664 731 2740 ἀπαγορευτέον]
755 2665 788 2722 ου’
810 2665 862 2737 γὰρ
881 2664 967 2736 όπαγ.
995 2671 1065 2722 Geist
1082 2685 1141 2720 oum
1163 2668 1241 2720 Sea-

151 2755 222 2805 gero.
256 2740 316 2789 ibid.
332 2738 468 2807 μέμνησο]
484 2733 685 2806 μέμνητ’ῡίοο.
722 2744 789 2793 ο.43
804 2736 935 2807 οἰόμεθα]
953 2732 1081 2804 οἰόμεθα
1093 2739 1130 2793 id.
1163 2740 1240 2790 ibid.

152 2802 200 2855 καλ
218 2799 258 2924 μγ]
274 2819 320 2886 pop
333 2825 390 2859 oum
409 2810 464 2862 eod.
482 2825 529 2877 pro
544 2807 592 2860 καλ
606 2803 661 2876 μὴ;
680 2813 717 2862 ite
731 2813 781 2861 iam
797 2811 911 2861 voluerat
927 2811 1008 2860 Halm.
1041 2799 1244 2886 ibidfvvon'-

152 2873 214 2941 σγς]
244 2888 350 2944 ννοησῃ
368 2877 443 2928 Dind.
464 2881 562 2933 vitiose.
600 2881 661 2931 ibid.
683 2873 720 2944 μὴ
739 2879 825 2929 ταῦτα
846 2874 951 2930 εἰδέναι
975 2871 1068 2927 πάντα
1084 2890 1119 2924 τα
1137 2891 1214 2929 rece
1237 2881 1247 2928 i

152 2961 197 3010 pro
215 2937 254 3008 μὴ
269 2941 362 2995 πάντα
378 2940 482 2998 εἰδέναι
496 2940 531 2998 τό
563 2949 623 3002 idid.
641 2939 782 3016 ἐτίθεμεν]
800 2943 847 3013 ἔτη
865 2943 967 3014 ἔθεμεν
985 2947 1065 2998 Halm.
1101 2961 1123 2999 o.
1141 2945 1189 2997 49
1213 2964 1248 2996 o-

152 3027 217 3093 μονα
229 3005 340 3094 ριότοῖς]
356 3018 467 3096 λλεἎοιιω
482 3019 558 3068 Diud.
576 3019 607 3068 de
626 3034 684 3069 mea
701 3021 843 3069 coniectura
860 3033 906 3138 pro
923 3004 1121 3098 όμοιααγῖτθῖς
1156 3032 1188 3066 ω.
1205 3019 1248 3069 51

151 3096 208 3148 μου
226 3098 261 3130 αν
276 3083 377 3150 σαυτῷ]
391 3101 428 3134 αν
441 3095 535 3138 temere
553 3088 627 3137 eieoit
641 3089 718 3138 Dind.
756 3105 777 3138 ο.
793 3085 862 3139 533
887 3079 1010 3152 ἄλλοι]ό
1033 3083 1111 3133 αλλοι
1130 3084 1177 3135 id.
1223 3106 1250 3140 c.

153 3152 186 3201 54
202 3148 476 3218 κατακεκαλυμμένον
494 3172 551 3207 reoe
570 3157 579 3206 i
597 3173 655 3206 oum
666 3159 736 3216 eod„
747 3157 960 3238 quemadmodum
976 3158 1026 3205 iam
1042 3152 1250 3217 voluitflalm„

151 3235 197 3286 pro
213 3217 417 3287 κεκαλυμμένον
453 3240 475 3275 ο.
495 3226 529 3277 55
547 3170 675 3291 έωρόκει]
694 3219 802 3291 ἕορακει
817 3226 895 3277 Diod.
932 3225 993 3276 ibid.
1017 3211 1170 3288 ἕωρακός]
1201 3217 1250 3276 ἕο.

152 3283 244 3351 ponde
262 3293 297 3342 id.
333 3309 354 3343 o.
374 3293 407 3344 56
423 3289 502 3343 δοκεῖ
519 3295 604 3359 reoepi
617 3311 663 3360 pro
682 3286 772 3346 ἐδόκει
804 3311 826 3348 o.
847 3296 881 3346 57
902 3287 975 3359 μηδέ
992 3286 1077 3358 ἱερέα]
1095 3285 1183 3355 μηδ’
1210 3290 1248 3346 ἴε

152 3355 200 3421 ρέα
216 3360 291 3413 Dind.
328 3379 349 3412 ο.
363 3361 398 3413 58
414 3357 491 3429 Χρὴ]
509 3355 621 3428 Ἅπέγρη
639 3365 674 3416 id.
694 3366 726 3415 de
743 3363 873 3414 Friteeohii
891 3366 1044 3415 coniectura.
1078 3377 1103 3412 ο.
1122 3361 1168 3412 59
1195 3366 1249 3415 κα,

150 3421 233 3481 οὐδέν
251 3422 319 3498 κτέ]
346 3427 394 3481 καὶ
413 3424 496 3483 oddae
519 3426 572 3498 ἔγω
593 3427 675 3497 ἔγωγ’
698 3423 717 3482 ό
739 3450 766 3483 τι
790 3426 913 3482 οἷντείπω
939 3434 1032 3486 λίνοιο.
1067 3447 1090 3484 ο.
1115 3428 1160 3481 60
1194 3450 1249 3489 κτα
