<?xml version="1.0" encoding="UTF-8"?>
<!DOCTYPE html PUBLIC "-//W3C//DTD XHTML 1.0 Transitional//EN"
    "http://www.w3.org/TR/xhtml1/DTD/xhtml1-transitional.dtd">
<html xmlns="http://www.w3.org/1999/xhtml" xml:lang="en" lang="en">
 <head>
  <title>
</title>
<meta http-equiv="Content-Type" content="text/html;charset=utf-8" />
  <meta name='ocr-system' content='tesseract 3.04.00' />
  <meta name='ocr-capabilities' content='ocr_page ocr_carea ocr_par ocr_line ocrx_word'/>
</head>
<body>
  <div class='ocr_page' id='page_1' title='image "./lucianisamosate03jacogoog/lucianisamosate03jacogoog_0256.png"; bbox 0 0 2550 3825; ppageno 0'>
   <div class='ocr_carea' id='block_1_1' title="bbox 443 150 1115 217">
    <p class='ocr_par' dir='ltr' id='par_1_1' title="bbox 443 150 1115 217">
     <span class='ocr_line' id='line_1_1' title="bbox 443 150 1115 217; baseline 0 0"><span class='ocrx_word' id='word_1_1' title='bbox 443 156 565 217; x_wconf 83' lang='grc' dir='ltr'><em>ΠΕΡΙ</em></span> <span class='ocrx_word' id='word_1_2' title='bbox 586 154 784 217; x_wconf 62' lang='lat' dir='ltr'><strong><em>mmm</em></strong></span> <span class='ocrx_word' id='word_1_3' title='bbox 1052 150 1115 217; x_wconf 73' lang='lat'><strong><em>227</em></strong></span> 
     </span>
    </p>
   </div>
   <div class='ocr_carea' id='block_1_2' title="bbox 110 312 1182 3048">
    <p class='ocr_par' dir='ltr' id='par_1_2' title="bbox 110 312 1182 3048">
     <span class='ocr_line' id='line_1_2' title="bbox 110 312 1115 402; baseline -0.004 -15"><span class='ocrx_word' id='word_1_4' title='bbox 110 344 181 397; x_wconf 87' lang='grc' dir='ltr'><strong><em>τοις</em></strong></span> <span class='ocrx_word' id='word_1_5' title='bbox 194 322 249 386; x_wconf 81' lang='grc' dir='ltr'><strong><em>καὶ</em></strong></span> <span class='ocrx_word' id='word_1_6' title='bbox 260 316 433 387; x_wconf 76' lang='grc' dir='ltr'><strong><em>ἀκόλουθα</em></strong></span> <span class='ocrx_word' id='word_1_7' title='bbox 443 319 520 399; x_wconf 75' lang='grc' dir='ltr'><strong><em>περὶ</em></strong></span> <span class='ocrx_word' id='word_1_8' title='bbox 532 312 591 393; x_wconf 85' lang='grc' dir='ltr'><strong><em>τάς</em></strong></span> <span class='ocrx_word' id='word_1_9' title='bbox 599 322 779 401; x_wconf 79' lang='grc' dir='ltr'><strong><em>θρησκείας</em></strong></span> <span class='ocrx_word' id='word_1_10' title='bbox 790 314 1036 402; x_wconf 70' lang='grc' dir='ltr'><strong><em>ἐπιτηδεύουσι·</em></strong></span> <span class='ocrx_word' id='word_1_11' title='bbox 1059 315 1115 383; x_wconf 76' lang='grc' dir='ltr'><strong><em>καὶ</em></strong></span> 
     </span>
     <span class='ocr_line' id='line_1_3' title="bbox 111 409 1114 502; baseline -0.005 -19"><span class='ocrx_word' id='word_1_12' title='bbox 111 423 246 502; x_wconf 76' lang='grc' dir='ltr'><strong><em>πρῶτον</em></strong></span> <span class='ocrx_word' id='word_1_13' title='bbox 266 414 328 500; x_wconf 71' lang='grc' dir='ltr'><strong><em>μὲν</em></strong></span> <span class='ocrx_word' id='word_1_14' title='bbox 344 411 426 491; x_wconf 77' lang='grc' dir='ltr'><strong><em>ὕλας</em></strong></span> <span class='ocrx_word' id='word_1_15' title='bbox 439 409 640 499; x_wconf 75' lang='grc' dir='ltr'><em>ἀπετέμοντο</em></span> <span class='ocrx_word' id='word_1_16' title='bbox 655 415 710 480; x_wconf 80' lang='grc' dir='ltr'><strong><em>καὶ</em></strong></span> <span class='ocrx_word' id='word_1_17' title='bbox 727 412 788 498; x_wconf 76' lang='grc' dir='ltr'><strong><em>ὅρη</em></strong></span> <span class='ocrx_word' id='word_1_18' title='bbox 804 410 972 481; x_wconf 75' lang='grc' dir='ltr'><strong><em>ἀνέθεσαν</em></strong></span> <span class='ocrx_word' id='word_1_19' title='bbox 986 413 1041 479; x_wconf 82' lang='grc' dir='ltr'><strong><em>καὶ</em></strong></span> <span class='ocrx_word' id='word_1_20' title='bbox 1055 409 1114 498; x_wconf 83' lang='grc' dir='ltr'><strong><em>όρ-</em></strong></span> 
     </span>
     <span class='ocr_line' id='line_1_4' title="bbox 112 505 1112 601; baseline -0.007 -20"><span class='ocrx_word' id='word_1_21' title='bbox 112 539 172 581; x_wconf 89' lang='grc' dir='ltr'><strong><em>υεα</em></strong></span> <span class='ocrx_word' id='word_1_22' title='bbox 183 514 394 596; x_wconf 79' lang='grc' dir='ltr'><strong><em>καθιέρωσαν</em></strong></span> <span class='ocrx_word' id='word_1_23' title='bbox 405 513 459 578; x_wconf 81' lang='grc' dir='ltr'><strong><em>καὶ</em></strong></span> <span class='ocrx_word' id='word_1_24' title='bbox 470 507 560 595; x_wconf 82' lang='grc' dir='ltr'><strong><em>φυτά</em></strong></span> <span class='ocrx_word' id='word_1_25' title='bbox 572 511 780 596; x_wconf 78' lang='grc' dir='ltr'><strong><em>ἐπεφήμισαν</em></strong></span> <span class='ocrx_word' id='word_1_26' title='bbox 791 510 915 601; x_wconf 84' lang='grc' dir='ltr'><strong><em>ἐκάστφ</em></strong></span> <span class='ocrx_word' id='word_1_27' title='bbox 927 516 1014 599; x_wconf 78' lang='grc' dir='ltr'><strong><em>θεῷ·</em></strong></span> <span class='ocrx_word' id='word_1_28' title='bbox 1031 505 1112 596; x_wconf 81' lang='grc' dir='ltr'><strong><em>μετά</em></strong></span> 
     </span>
     <span class='ocr_line' id='line_1_5' title="bbox 112 605 1115 698; baseline -0.008 -17"><span class='ocrx_word' id='word_1_29' title='bbox 112 613 149 681; x_wconf 72' lang='grc' dir='ltr'><strong><em>δὲ</em></strong></span> <span class='ocrx_word' id='word_1_30' title='bbox 160 610 353 698; x_wconf 81' lang='grc' dir='ltr'><strong><em>νειμάμενοι</em></strong></span> <span class='ocrx_word' id='word_1_31' title='bbox 365 607 447 678; x_wconf 85' lang='grc' dir='ltr'><strong><em>κατά</em></strong></span> <span class='ocrx_word' id='word_1_32' title='bbox 459 616 543 695; x_wconf 77' lang='grc' dir='ltr'><strong><em>ἔθνη</em></strong></span> <span class='ocrx_word' id='word_1_33' title='bbox 554 612 689 696; x_wconf 84' lang='grc' dir='ltr'><strong><em>σέβουσι</em></strong></span> <span class='ocrx_word' id='word_1_34' title='bbox 700 610 753 675; x_wconf 80' lang='grc' dir='ltr'><strong><em>καλ</em></strong></span> <span class='ocrx_word' id='word_1_35' title='bbox 765 614 898 687; x_wconf 81' lang='grc' dir='ltr'><strong><em>πολίτας</em></strong></span> <span class='ocrx_word' id='word_1_36' title='bbox 909 606 1020 676; x_wconf 78' lang='grc' dir='ltr'><strong><em>αὐτῶν</em></strong></span> <span class='ocrx_word' id='word_1_37' title='bbox 1030 605 1115 674; x_wconf 86' lang='grc' dir='ltr'><strong><em>άπο-</em></strong></span> 
     </span>
     <span class='ocr_line' id='line_1_6' title="bbox 112 701 1112 797; baseline -0.008 -18"><span class='ocrx_word' id='word_1_38' title='bbox 112 716 311 797; x_wconf 89' lang='grc' dir='ltr'><strong><em>φαίνουσιν,</em></strong></span> <span class='ocrx_word' id='word_1_39' title='bbox 326 706 344 776; x_wconf 85' lang='grc' dir='ltr'>ὁ</span> <span class='ocrx_word' id='word_1_40' title='bbox 362 708 423 794; x_wconf 76' lang='grc' dir='ltr'><strong><em>μὲν</em></strong></span> <span class='ocrx_word' id='word_1_41' title='bbox 438 704 649 793; x_wconf 77' lang='grc' dir='ltr'><strong><em>Δελφόςτόν</em></strong></span> <span class='ocrx_word' id='word_1_42' title='bbox 662 704 810 774; x_wconf 87' lang='grc' dir='ltr'><strong><em>Ἀπόλλω</em></strong></span> <span class='ocrx_word' id='word_1_43' title='bbox 825 708 878 774; x_wconf 76' lang='grc' dir='ltr'><strong><em>καί</em></strong></span> <span class='ocrx_word' id='word_1_44' title='bbox 894 705 911 774; x_wconf 88' lang='grc' dir='ltr'>ὁ</span> <span class='ocrx_word' id='word_1_45' title='bbox 929 706 1070 793; x_wconf 87' lang='grc' dir='ltr'><strong><em>Δήλιος,</em></strong></span> <span class='ocrx_word' id='word_1_46' title='bbox 1095 701 1112 771; x_wconf 90' lang='grc' dir='ltr'>ὁ</span> 
     </span>
     <span class='ocr_line' id='line_1_7' title="bbox 112 799 1181 893; baseline -0.005 -18"><span class='ocrx_word' id='word_1_47' title='bbox 112 810 149 875; x_wconf 71' lang='grc' dir='ltr'><strong><em>δὲ</em></strong></span> <span class='ocrx_word' id='word_1_48' title='bbox 166 804 340 893; x_wconf 85' lang='grc' dir='ltr'><strong><em>Ἀθηναῖος</em></strong></span> <span class='ocrx_word' id='word_1_49' title='bbox 359 804 421 892; x_wconf 86' lang='grc' dir='ltr'><strong><em>τήν</em></strong></span> <span class='ocrx_word' id='word_1_50' title='bbox 437 802 586 890; x_wconf 85' lang='grc' dir='ltr'><strong><em>Ἀθηνᾶν</em></strong></span> <span class='ocrx_word' id='word_1_51' title='bbox 597 844 641 855; x_wconf 90' lang='grc'><strong>-</strong></span> <span class='ocrx_word' id='word_1_52' title='bbox 656 818 867 890; x_wconf 75' lang='grc' dir='ltr'><strong><em>μαρτυρεῖται</em></strong></span> <span class='ocrx_word' id='word_1_53' title='bbox 884 813 969 889; x_wconf 84' lang='grc' dir='ltr'><strong><em>γοῦν</em></strong></span> <span class='ocrx_word' id='word_1_54' title='bbox 984 799 1046 887; x_wconf 87' lang='grc' dir='ltr'><strong><em>τήν</em></strong></span> <span class='ocrx_word' id='word_1_55' title='bbox 1063 806 1113 871; x_wconf 82' lang='grc' dir='ltr'><strong><em>οί-</em></strong></span> <span class='ocrx_word' id='word_1_56' title='bbox 1130 821 1181 877; x_wconf 75' lang='lat'><strong><em>534</em></strong></span> 
     </span>
     <span class='ocr_line' id='line_1_8' title="bbox 110 896 1114 993; baseline -0.003 -22"><span class='ocrx_word' id='word_1_57' title='bbox 110 905 263 991; x_wconf 89' lang='grc' dir='ltr'><strong><em>κειότητα</em></strong></span> <span class='ocrx_word' id='word_1_58' title='bbox 276 911 322 993; x_wconf 75' lang='grc' dir='ltr'><strong><em>τῷ</em></strong></span> <span class='ocrx_word' id='word_1_59' title='bbox 337 902 474 988; x_wconf 85' lang='grc' dir='ltr'><strong><em>ὀνόματι</em></strong></span> <span class='ocrx_word' id='word_1_60' title='bbox 487 946 530 957; x_wconf 90' lang='grc'><strong>-</strong></span> <span class='ocrx_word' id='word_1_61' title='bbox 545 906 600 971; x_wconf 81' lang='grc' dir='ltr'><strong><em>καλ</em></strong></span> <span class='ocrx_word' id='word_1_62' title='bbox 616 899 678 988; x_wconf 90' lang='grc' dir='ltr'><strong><em>τήν</em></strong></span> <span class='ocrx_word' id='word_1_63' title='bbox 690 900 797 986; x_wconf 87' lang='grc' dir='ltr'><strong><em>Ἥραν</em></strong></span> <span class='ocrx_word' id='word_1_64' title='bbox 819 899 837 969; x_wconf 82' lang='grc' dir='ltr'><strong>ὁ</strong></span> <span class='ocrx_word' id='word_1_65' title='bbox 855 900 999 988; x_wconf 83' lang='grc' dir='ltr'><strong><em>Ἀργείος</em></strong></span> <span class='ocrx_word' id='word_1_66' title='bbox 1019 902 1075 969; x_wconf 84' lang='grc' dir='ltr'><strong><em>καὶ</em></strong></span> <span class='ocrx_word' id='word_1_67' title='bbox 1095 896 1114 967; x_wconf 84' lang='grc' dir='ltr'>ὁ</span> 
     </span>
     <span class='ocr_line' id='line_1_9' title="bbox 111 996 1116 1088; baseline -0.003 -18"><span class='ocrx_word' id='word_1_68' title='bbox 111 1000 310 1088; x_wconf 77' lang='grc' dir='ltr'><strong><em>Μυγδόνιος</em></strong></span> <span class='ocrx_word' id='word_1_69' title='bbox 324 1000 386 1087; x_wconf 86' lang='grc' dir='ltr'><strong><em>τὴν</em></strong></span> <span class='ocrx_word' id='word_1_70' title='bbox 400 998 491 1070; x_wconf 90' lang='grc' dir='ltr'><strong><em>Ῥέαν</em></strong></span> <span class='ocrx_word' id='word_1_71' title='bbox 507 1004 562 1069; x_wconf 78' lang='grc' dir='ltr'><strong><em>καὶ</em></strong></span> <span class='ocrx_word' id='word_1_72' title='bbox 581 997 643 1085; x_wconf 90' lang='grc' dir='ltr'><strong><em>τήν</em></strong></span> <span class='ocrx_word' id='word_1_73' title='bbox 660 998 858 1086; x_wconf 75' lang='grc' dir='ltr'><strong><em>Ἀφροδίτην</em></strong></span> <span class='ocrx_word' id='word_1_74' title='bbox 873 996 890 1067; x_wconf 88' lang='grc' dir='ltr'>ὁ</span> <span class='ocrx_word' id='word_1_75' title='bbox 906 1000 1054 1085; x_wconf 89' lang='grc' dir='ltr'><strong><em>Πάφιος,</em></strong></span> <span class='ocrx_word' id='word_1_76' title='bbox 1082 1002 1116 1067; x_wconf 81' lang='grc' dir='ltr'><strong><em>οἱ</em></strong></span> 
     </span>
     <span class='ocr_line' id='line_1_10' title="bbox 112 1091 1113 1185; baseline -0.001 -19"><span class='ocrx_word' id='word_1_77' title='bbox 112 1097 144 1166; x_wconf 82' lang='grc' dir='ltr'><strong><em>δ’</em></strong></span> <span class='ocrx_word' id='word_1_78' title='bbox 166 1091 358 1184; x_wconf 74' lang='grc' dir='ltr'><strong><em>αόΚρήτες</em></strong></span> <span class='ocrx_word' id='word_1_79' title='bbox 375 1097 416 1165; x_wconf 79' lang='grc' dir='ltr'><strong><em>οὐ</em></strong></span> <span class='ocrx_word' id='word_1_80' title='bbox 438 1100 596 1185; x_wconf 81' lang='grc' dir='ltr'><strong><em>γενέσθαι</em></strong></span> <span class='ocrx_word' id='word_1_81' title='bbox 615 1096 694 1183; x_wconf 89' lang='grc' dir='ltr'><strong><em>παρ’</em></strong></span> <span class='ocrx_word' id='word_1_82' title='bbox 716 1096 827 1176; x_wconf 78' lang='grc' dir='ltr'><strong><em>αὐτοῖς</em></strong></span> <span class='ocrx_word' id='word_1_83' title='bbox 849 1095 927 1165; x_wconf 70' lang='grc' dir='ltr'><strong><em>οὐδὲ</em></strong></span> <span class='ocrx_word' id='word_1_84' title='bbox 946 1103 1113 1182; x_wconf 90' lang='grc' dir='ltr'><strong><em>τραφήναι</em></strong></span> 
     </span>
     <span class='ocr_line' id='line_1_11' title="bbox 112 1193 1114 1285; baseline -0.005 -19"><span class='ocrx_word' id='word_1_85' title='bbox 112 1198 220 1285; x_wconf 88' lang='grc' dir='ltr'><strong><em>μόνον</em></strong></span> <span class='ocrx_word' id='word_1_86' title='bbox 233 1196 293 1265; x_wconf 86' lang='grc' dir='ltr'><strong><em>τὸν</em></strong></span> <span class='ocrx_word' id='word_1_87' title='bbox 304 1204 371 1268; x_wconf 92' lang='grc' dir='ltr'><strong><em>Δία</em></strong></span> <span class='ocrx_word' id='word_1_88' title='bbox 385 1199 554 1282; x_wconf 89' lang='grc' dir='ltr'><strong><em>λέγουσιν,</em></strong></span> <span class='ocrx_word' id='word_1_89' title='bbox 571 1194 654 1265; x_wconf 84' lang='grc' dir='ltr'><strong><em>άλλά</em></strong></span> <span class='ocrx_word' id='word_1_90' title='bbox 669 1198 724 1264; x_wconf 81' lang='grc' dir='ltr'><strong><em>καὶ</em></strong></span> <span class='ocrx_word' id='word_1_91' title='bbox 737 1195 846 1281; x_wconf 92' lang='grc' dir='ltr'><strong><em>τάφον</em></strong></span> <span class='ocrx_word' id='word_1_92' title='bbox 861 1193 965 1285; x_wconf 78' lang='grc' dir='ltr'><strong><em>αὐτοῦ</em></strong></span> <span class='ocrx_word' id='word_1_93' title='bbox 980 1194 1114 1262; x_wconf 84' lang='grc' dir='ltr'><strong><em>δεικνό·</em></strong></span> 
     </span>
     <span class='ocr_line' id='line_1_12' title="bbox 113 1292 1114 1382; baseline -0.002 -20"><span class='ocrx_word' id='word_1_94' title='bbox 113 1315 205 1362; x_wconf 91' lang='grc' dir='ltr'><strong><em>ουσι·</em></strong></span> <span class='ocrx_word' id='word_1_95' title='bbox 225 1298 280 1363; x_wconf 83' lang='grc' dir='ltr'><strong><em>καὶ</em></strong></span> <span class='ocrx_word' id='word_1_96' title='bbox 293 1292 387 1381; x_wconf 76' lang='grc' dir='ltr'><strong><em>ἡμεῖς</em></strong></span> <span class='ocrx_word' id='word_1_97' title='bbox 401 1293 465 1382; x_wconf 76' lang='grc' dir='ltr'><strong><em>ἄρα</em></strong></span> <span class='ocrx_word' id='word_1_98' title='bbox 479 1301 641 1362; x_wconf 87' lang='grc' dir='ltr'><strong><em>τοσοῦτον</em></strong></span> <span class='ocrx_word' id='word_1_99' title='bbox 653 1292 851 1381; x_wconf 80' lang='grc' dir='ltr'><strong><em>ἠπατήμεθα</em></strong></span> <span class='ocrx_word' id='word_1_100' title='bbox 866 1295 990 1381; x_wconf 81' lang='grc' dir='ltr'><strong><em>χρόνον</em></strong></span> <span class='ocrx_word' id='word_1_101' title='bbox 1001 1294 1114 1380; x_wconf 76' lang='grc' dir='ltr'><strong><em>οἰόμε-</em></strong></span> 
     </span>
     <span class='ocr_line' id='line_1_13' title="bbox 113 1389 1113 1477; baseline -0.003 -16"><span class='ocrx_word' id='word_1_102' title='bbox 113 1420 167 1461; x_wconf 92' lang='grc' dir='ltr'><strong><em>νοι</em></strong></span> <span class='ocrx_word' id='word_1_103' title='bbox 180 1389 240 1460; x_wconf 84' lang='grc' dir='ltr'><strong><em>τόν</em></strong></span> <span class='ocrx_word' id='word_1_104' title='bbox 253 1398 321 1460; x_wconf 89' lang='grc' dir='ltr'><strong><em>Δία</em></strong></span> <span class='ocrx_word' id='word_1_105' title='bbox 335 1397 482 1477; x_wconf 82' lang='grc' dir='ltr'><strong><em>βροντάν</em></strong></span> <span class='ocrx_word' id='word_1_106' title='bbox 497 1394 599 1459; x_wconf 80' lang='grc' dir='ltr'><strong><em>τεκαὶ</em></strong></span> <span class='ocrx_word' id='word_1_107' title='bbox 613 1390 688 1459; x_wconf 81' lang='grc' dir='ltr'><strong><em>ὕειν</em></strong></span> <span class='ocrx_word' id='word_1_108' title='bbox 701 1396 756 1460; x_wconf 81' lang='grc' dir='ltr'><strong><em>καὶ</em></strong></span> <span class='ocrx_word' id='word_1_109' title='bbox 770 1391 810 1459; x_wconf 82' lang='grc' dir='ltr'><strong><em>τά</em></strong></span> <span class='ocrx_word' id='word_1_110' title='bbox 825 1390 908 1461; x_wconf 86' lang='grc' dir='ltr'><strong><em>άλλα</em></strong></span> <span class='ocrx_word' id='word_1_111' title='bbox 918 1392 1026 1461; x_wconf 90' lang='grc' dir='ltr'><strong><em>πάντα</em></strong></span> <span class='ocrx_word' id='word_1_112' title='bbox 1041 1394 1113 1459; x_wconf 90' lang='grc' dir='ltr'><strong><em>ἐπι-</em></strong></span> 
     </span>
     <span class='ocr_line' id='line_1_14' title="bbox 114 1487 1113 1578; baseline -0.003 -19"><span class='ocrx_word' id='word_1_113' title='bbox 114 1500 236 1578; x_wconf 76' lang='grc' dir='ltr'><strong><em>τελεῖν,</em></strong></span> <span class='ocrx_word' id='word_1_114' title='bbox 254 1488 271 1557; x_wconf 92' lang='grc' dir='ltr'>ὁ</span> <span class='ocrx_word' id='word_1_115' title='bbox 288 1493 324 1557; x_wconf 75' lang='grc' dir='ltr'><strong><em>δὲ</em></strong></span> <span class='ocrx_word' id='word_1_116' title='bbox 336 1490 490 1576; x_wconf 74' lang='grc' dir='ltr'><strong><em>ἐλελήθει</em></strong></span> <span class='ocrx_word' id='word_1_117' title='bbox 501 1489 604 1557; x_wconf 90' lang='grc' dir='ltr'><strong><em>πάλαι</em></strong></span> <span class='ocrx_word' id='word_1_118' title='bbox 614 1488 760 1568; x_wconf 73' lang='grc' dir='ltr'><strong><em>τεθνεός</em></strong></span> <span class='ocrx_word' id='word_1_119' title='bbox 770 1487 1113 1577; x_wconf 81' lang='grc' dir='ltr'><strong><em>παράΚρησὶτεθαμ-</em></strong></span> 
     </span>
     <span class='ocr_line' id='line_1_15' title="bbox 114 1581 1112 1677; baseline -0.002 -21"><span class='ocrx_word' id='word_1_120' title='bbox 114 1592 219 1677; x_wconf 91' lang='grc' dir='ltr'><strong><em>με’νος.</em></strong></span> <span class='ocrx_word' id='word_1_121' title='bbox 251 1592 302 1657; x_wconf 89' lang='grc'><strong><em>11.</em></strong></span> <span class='ocrx_word' id='word_1_122' title='bbox 326 1593 435 1655; x_wconf 80' lang='grc' dir='ltr'><strong><em>ἔπειτα</em></strong></span> <span class='ocrx_word' id='word_1_123' title='bbox 457 1586 494 1653; x_wconf 72' lang='grc' dir='ltr'><strong><em>δὲ</em></strong></span> <span class='ocrx_word' id='word_1_124' title='bbox 514 1581 618 1663; x_wconf 73' lang='grc' dir='ltr'><strong><em>ναοὺς</em></strong></span> <span class='ocrx_word' id='word_1_125' title='bbox 639 1588 839 1671; x_wconf 81' lang='grc' dir='ltr'><strong><em>ἐγείραντες,</em></strong></span> <span class='ocrx_word' id='word_1_126' title='bbox 865 1585 911 1653; x_wconf 81' lang='grc' dir='ltr'><strong><em>ἵν’</em></strong></span> <span class='ocrx_word' id='word_1_127' title='bbox 935 1584 1047 1665; x_wconf 81' lang='grc' dir='ltr'><strong><em>αὐτοῖς</em></strong></span> <span class='ocrx_word' id='word_1_128' title='bbox 1067 1582 1112 1672; x_wconf 84' lang='grc' dir='ltr'><strong><em>μή</em></strong></span> 
     </span>
     <span class='ocr_line' id='line_1_16' title="bbox 114 1674 1113 1771; baseline -0.004 -17"><span class='ocrx_word' id='word_1_129' title='bbox 114 1686 222 1754; x_wconf 88' lang='grc' dir='ltr'><strong><em>άοικοι</em></strong></span> <span class='ocrx_word' id='word_1_130' title='bbox 238 1684 321 1771; x_wconf 72' lang='grc' dir='ltr'><strong><em>μηδὲ</em></strong></span> <span class='ocrx_word' id='word_1_131' title='bbox 336 1681 480 1752; x_wconf 84' lang='grc' dir='ltr'><strong><em>άνέστιοι</em></strong></span> <span class='ocrx_word' id='word_1_132' title='bbox 497 1687 603 1769; x_wconf 83' lang='grc' dir='ltr'><strong><em>δῆθεν</em></strong></span> <span class='ocrx_word' id='word_1_133' title='bbox 619 1674 720 1768; x_wconf 71' lang='grc' dir='ltr'><strong><em>ω’σιυ,</em></strong></span> <span class='ocrx_word' id='word_1_134' title='bbox 742 1684 873 1764; x_wconf 89' lang='grc' dir='ltr'><strong><em>είκόνας</em></strong></span> <span class='ocrx_word' id='word_1_135' title='bbox 890 1682 1002 1764; x_wconf 76' lang='grc' dir='ltr'><strong><em>αὐτοῖς</em></strong></span> <span class='ocrx_word' id='word_1_136' title='bbox 1017 1682 1113 1751; x_wconf 85' lang='grc' dir='ltr'><strong><em>άπει-</em></strong></span> 
     </span>
     <span class='ocr_line' id='line_1_17' title="bbox 115 1777 1114 1870; baseline -0.003 -17"><span class='ocrx_word' id='word_1_137' title='bbox 115 1786 250 1866; x_wconf 79' lang='grc' dir='ltr'><strong><em>κάζουσι</em></strong></span> <span class='ocrx_word' id='word_1_138' title='bbox 261 1782 547 1865; x_wconf 79' lang='grc' dir='ltr'><strong><em>παρακαλέσαντες</em></strong></span> <span class='ocrx_word' id='word_1_139' title='bbox 562 1777 584 1868; x_wconf 81' lang='grc' dir='ltr'><em>ἢ</em></span> <span class='ocrx_word' id='word_1_140' title='bbox 599 1785 805 1869; x_wconf 81' lang='grc' dir='ltr'><strong><em>Πραξιτέλην</em></strong></span> <span class='ocrx_word' id='word_1_141' title='bbox 817 1779 840 1868; x_wconf 87' lang='grc' dir='ltr'><strong><em>ή</em></strong></span> <span class='ocrx_word' id='word_1_142' title='bbox 854 1778 1114 1870; x_wconf 85' lang='grc' dir='ltr'><strong><em>Πολύκλειτονή</em></strong></span> 
     </span>
     <span class='ocr_line' id='line_1_18' title="bbox 114 1876 1180 1968; baseline 0 -17"><span class='ocrx_word' id='word_1_143' title='bbox 114 1885 268 1965; x_wconf 85' lang='grc' dir='ltr'><strong><em>Φειδίαν,</em></strong></span> <span class='ocrx_word' id='word_1_144' title='bbox 292 1883 326 1947; x_wconf 85' lang='grc' dir='ltr'><strong><em>οί</em></strong></span> <span class='ocrx_word' id='word_1_145' title='bbox 337 1880 373 1947; x_wconf 78' lang='grc' dir='ltr'><strong><em>δὲ</em></strong></span> <span class='ocrx_word' id='word_1_146' title='bbox 391 1876 453 1947; x_wconf 80' lang='grc' dir='ltr'><strong><em>οὐκ</em></strong></span> <span class='ocrx_word' id='word_1_147' title='bbox 471 1877 532 1948; x_wconf 79' lang='grc' dir='ltr'><strong><em>οἶδ’</em></strong></span> <span class='ocrx_word' id='word_1_148' title='bbox 549 1877 636 1949; x_wconf 82' lang='grc' dir='ltr'><strong><em>ὅπου</em></strong></span> <span class='ocrx_word' id='word_1_149' title='bbox 652 1879 779 1960; x_wconf 85' lang='grc' dir='ltr'><strong><em>ἰδόντες</em></strong></span> <span class='ocrx_word' id='word_1_150' title='bbox 796 1878 1041 1950; x_wconf 78' lang='grc' dir='ltr'><strong><em>ἀναπλάττουσι</em></strong></span> <span class='ocrx_word' id='word_1_151' title='bbox 1055 1907 1111 1968; x_wconf 85' lang='grc' dir='ltr'><strong><em>γε·</em></strong></span> <span class='ocrx_word' id='word_1_152' title='bbox 1130 1896 1180 1952; x_wconf 78' lang='lat'><strong><em>535</em></strong></span> 
     </span>
     <span class='ocr_line' id='line_1_19' title="bbox 113 1973 1114 2065; baseline 0.001 -18"><span class='ocrx_word' id='word_1_153' title='bbox 113 1979 249 2065; x_wconf 86' lang='grc' dir='ltr'><strong><em>νειήτηυ</em></strong></span> <span class='ocrx_word' id='word_1_154' title='bbox 262 1980 324 2064; x_wconf 77' lang='grc' dir='ltr'><strong><em>μὲν</em></strong></span> <span class='ocrx_word' id='word_1_155' title='bbox 337 1973 397 2045; x_wconf 86' lang='grc' dir='ltr'><strong><em>τόν</em></strong></span> <span class='ocrx_word' id='word_1_156' title='bbox 408 1983 492 2062; x_wconf 86' lang='grc' dir='ltr'><strong><em>Δία,</em></strong></span> <span class='ocrx_word' id='word_1_157' title='bbox 510 1983 612 2047; x_wconf 81' lang='grc' dir='ltr'><strong><em>παῖδα</em></strong></span> <span class='ocrx_word' id='word_1_158' title='bbox 627 1976 659 2045; x_wconf 88' lang='grc' dir='ltr'><strong><em>δ’</em></strong></span> <span class='ocrx_word' id='word_1_159' title='bbox 676 1982 708 2056; x_wconf 89' lang='grc' dir='ltr'><strong><em>ἐς</em></strong></span> <span class='ocrx_word' id='word_1_160' title='bbox 719 1977 770 2045; x_wconf 81' lang='grc' dir='ltr'><strong><em>άεὶ</em></strong></span> <span class='ocrx_word' id='word_1_161' title='bbox 784 1977 843 2047; x_wconf 84' lang='grc' dir='ltr'><strong><em>τόν</em></strong></span> <span class='ocrx_word' id='word_1_162' title='bbox 854 1977 1046 2049; x_wconf 82' lang='grc' dir='ltr'><strong><em>Ἀπόλλωνα</em></strong></span> <span class='ocrx_word' id='word_1_163' title='bbox 1059 1981 1114 2048; x_wconf 81' lang='grc' dir='ltr'><strong><em>καὶ</em></strong></span> 
     </span>
     <span class='ocr_line' id='line_1_20' title="bbox 112 2071 1114 2165; baseline 0.001 -20"><span class='ocrx_word' id='word_1_164' title='bbox 112 2075 174 2145; x_wconf 87' lang='grc' dir='ltr'><strong><em>τόν</em></strong></span> <span class='ocrx_word' id='word_1_165' title='bbox 190 2073 314 2160; x_wconf 81' lang='grc' dir='ltr'><strong><em>Ἑρμῆν</em></strong></span> <span class='ocrx_word' id='word_1_166' title='bbox 333 2071 507 2161; x_wconf 81' lang='grc' dir='ltr'><strong><em>ὑπηνήτην</em></strong></span> <span class='ocrx_word' id='word_1_167' title='bbox 525 2079 581 2144; x_wconf 82' lang='grc' dir='ltr'><strong><em>καὶ</em></strong></span> <span class='ocrx_word' id='word_1_168' title='bbox 602 2073 663 2144; x_wconf 85' lang='grc' dir='ltr'><strong><em>τόν</em></strong></span> <span class='ocrx_word' id='word_1_169' title='bbox 676 2081 872 2144; x_wconf 74' lang='grc' dir='ltr'><strong><em>Ποσειδῶνα</em></strong></span> <span class='ocrx_word' id='word_1_170' title='bbox 892 2085 1114 2165; x_wconf 88' lang='grc' dir='ltr'><strong><em>κυανοχαίτην</em></strong></span> 
     </span>
     <span class='ocr_line' id='line_1_21' title="bbox 112 2169 1113 2261; baseline -0.003 -17"><span class='ocrx_word' id='word_1_171' title='bbox 112 2176 169 2244; x_wconf 80' lang='grc' dir='ltr'><strong><em>καὶ</em></strong></span> <span class='ocrx_word' id='word_1_172' title='bbox 182 2178 377 2261; x_wconf 76' lang='grc' dir='ltr'><strong><em>γλαυκῶπιν</em></strong></span> <span class='ocrx_word' id='word_1_173' title='bbox 396 2171 458 2259; x_wconf 86' lang='grc' dir='ltr'><strong><em>τήν</em></strong></span> <span class='ocrx_word' id='word_1_174' title='bbox 474 2170 630 2259; x_wconf 77' lang='grc' dir='ltr'><strong><em>Ἀθηνᾶν.</em></strong></span> <span class='ocrx_word' id='word_1_175' title='bbox 663 2172 752 2258; x_wconf 82' lang='grc' dir='ltr'><strong><em>ὅμως</em></strong></span> <span class='ocrx_word' id='word_1_176' title='bbox 767 2171 797 2242; x_wconf 88' lang='grc' dir='ltr'><strong><em>δ’</em></strong></span> <span class='ocrx_word' id='word_1_177' title='bbox 815 2169 880 2242; x_wconf 81' lang='grc' dir='ltr'><strong><em>οὖν</em></strong></span> <span class='ocrx_word' id='word_1_178' title='bbox 894 2182 928 2244; x_wconf 90' lang='grc' dir='ltr'><strong><em>οί</em></strong></span> <span class='ocrx_word' id='word_1_179' title='bbox 939 2175 1113 2258; x_wconf 86' lang='grc' dir='ltr'><strong><em>παριόντες</em></strong></span> 
     </span>
     <span class='ocr_line' id='line_1_22' title="bbox 114 2267 1113 2356; baseline -0.005 -14"><span class='ocrx_word' id='word_1_180' title='bbox 114 2277 148 2352; x_wconf 83' lang='grc' dir='ltr'><strong><em>ἐς</em></strong></span> <span class='ocrx_word' id='word_1_181' title='bbox 160 2268 220 2339; x_wconf 84' lang='grc' dir='ltr'><strong><em>τόν</em></strong></span> <span class='ocrx_word' id='word_1_182' title='bbox 235 2269 323 2336; x_wconf 79' lang='grc' dir='ltr'><strong><em>υεών</em></strong></span> <span class='ocrx_word' id='word_1_183' title='bbox 334 2267 411 2337; x_wconf 80' lang='grc' dir='ltr'><strong><em>οὔτε</em></strong></span> <span class='ocrx_word' id='word_1_184' title='bbox 420 2268 480 2338; x_wconf 84' lang='grc' dir='ltr'><strong><em>τὸν</em></strong></span> <span class='ocrx_word' id='word_1_185' title='bbox 490 2273 523 2350; x_wconf 84' lang='grc' dir='ltr'><strong><em>ἐξ</em></strong></span> <span class='ocrx_word' id='word_1_186' title='bbox 533 2267 647 2340; x_wconf 81' lang='grc' dir='ltr'><strong><em>Ἰνδῶν</em></strong></span> <span class='ocrx_word' id='word_1_187' title='bbox 658 2273 820 2356; x_wconf 90' lang='grc' dir='ltr'><strong><em>ἐλέφαυτα</em></strong></span> <span class='ocrx_word' id='word_1_188' title='bbox 831 2277 878 2340; x_wconf 78' lang='grc' dir='ltr'><strong><em>ἔτι</em></strong></span> <span class='ocrx_word' id='word_1_189' title='bbox 893 2282 1018 2340; x_wconf 76' lang='grc' dir='ltr'><strong><em>οἴονται</em></strong></span> <span class='ocrx_word' id='word_1_190' title='bbox 1031 2270 1113 2355; x_wconf 86' lang='grc' dir='ltr'><strong><em>ὁρᾶν</em></strong></span> 
     </span>
     <span class='ocr_line' id='line_1_23' title="bbox 115 2364 1113 2458; baseline -0.005 -20"><span class='ocrx_word' id='word_1_191' title='bbox 115 2369 192 2438; x_wconf 82' lang='grc' dir='ltr'><strong><em>οὔτε</em></strong></span> <span class='ocrx_word' id='word_1_192' title='bbox 203 2367 240 2436; x_wconf 88' lang='grc' dir='ltr'><strong><em>τό</em></strong></span> <span class='ocrx_word' id='word_1_193' title='bbox 253 2371 289 2436; x_wconf 88' lang='grc' dir='ltr'><strong><em>ἐκ</em></strong></span> <span class='ocrx_word' id='word_1_194' title='bbox 302 2374 360 2453; x_wconf 83' lang='grc' dir='ltr'><strong><em>τῆς</em></strong></span> <span class='ocrx_word' id='word_1_195' title='bbox 370 2369 503 2458; x_wconf 78' lang='grc' dir='ltr'><strong><em>Θράκης</em></strong></span> <span class='ocrx_word' id='word_1_196' title='bbox 516 2370 740 2455; x_wconf 79' lang='grc' dir='ltr'><strong><em>μεταλλευθὲν</em></strong></span> <span class='ocrx_word' id='word_1_197' title='bbox 752 2374 907 2454; x_wconf 88' lang='grc' dir='ltr'><strong><em>χρυσίου,</em></strong></span> <span class='ocrx_word' id='word_1_198' title='bbox 921 2366 995 2436; x_wconf 78' lang='grc' dir='ltr'><strong><em>ἀλλ’</em></strong></span> <span class='ocrx_word' id='word_1_199' title='bbox 1009 2364 1113 2435; x_wconf 80' lang='grc' dir='ltr'><strong><em>αὐτὸν</em></strong></span> 
     </span>
     <span class='ocr_line' id='line_1_24' title="bbox 114 2465 1114 2558; baseline -0.001 -22"><span class='ocrx_word' id='word_1_200' title='bbox 114 2467 175 2536; x_wconf 84' lang='grc' dir='ltr'><strong><em>τόν</em></strong></span> <span class='ocrx_word' id='word_1_201' title='bbox 188 2466 325 2550; x_wconf 84' lang='grc' dir='ltr'><strong><em>Κρόνου</em></strong></span> <span class='ocrx_word' id='word_1_202' title='bbox 341 2470 396 2535; x_wconf 82' lang='grc' dir='ltr'><strong><em>καὶ</em></strong></span> <span class='ocrx_word' id='word_1_203' title='bbox 406 2465 491 2547; x_wconf 83' lang='grc' dir='ltr'><strong><em>Ῥέας</em></strong></span> <span class='ocrx_word' id='word_1_204' title='bbox 507 2470 540 2546; x_wconf 89' lang='grc' dir='ltr'><strong><em>ἐς</em></strong></span> <span class='ocrx_word' id='word_1_205' title='bbox 553 2475 617 2553; x_wconf 85' lang='grc' dir='ltr'><strong><em>γῆν</em></strong></span> <span class='ocrx_word' id='word_1_206' title='bbox 634 2465 697 2535; x_wconf 81' lang='grc' dir='ltr'><strong><em>ὑπὸ</em></strong></span> <span class='ocrx_word' id='word_1_207' title='bbox 716 2471 852 2536; x_wconf 90' lang='grc' dir='ltr'><strong><em>Φειδίου</em></strong></span> <span class='ocrx_word' id='word_1_208' title='bbox 867 2471 1114 2558; x_wconf 77' lang='grc' dir='ltr'><strong><em>μετῳκισμένον</em></strong></span> 
     </span>
     <span class='ocr_line' id='line_1_25' title="bbox 114 2561 1112 2654; baseline -0.003 -18"><span class='ocrx_word' id='word_1_209' title='bbox 114 2567 169 2636; x_wconf 81' lang='grc' dir='ltr'><strong><em>καὶ</em></strong></span> <span class='ocrx_word' id='word_1_210' title='bbox 179 2561 240 2651; x_wconf 90' lang='grc' dir='ltr'><strong><em>τήν</em></strong></span> <span class='ocrx_word' id='word_1_211' title='bbox 246 2569 396 2633; x_wconf 87' lang='grc' dir='ltr'><strong><em>Πισαίων</em></strong></span> <span class='ocrx_word' id='word_1_212' title='bbox 406 2569 546 2652; x_wconf 89' lang='grc' dir='ltr'><strong><em>ἐρημίαν</em></strong></span> <span class='ocrx_word' id='word_1_213' title='bbox 554 2569 742 2634; x_wconf 80' lang='grc' dir='ltr'><strong><em>ἐπισκοπεῖν</em></strong></span> <span class='ocrx_word' id='word_1_214' title='bbox 752 2571 1020 2654; x_wconf 87' lang='grc' dir='ltr'><strong><em>κεκελευσμένον,</em></strong></span> <span class='ocrx_word' id='word_1_215' title='bbox 1030 2565 1112 2654; x_wconf 86' lang='grc' dir='ltr'><strong><em>άγα-</em></strong></span> 
     </span>
     <span class='ocr_line' id='line_1_26' title="bbox 115 2659 1113 2758; baseline 0.002 -28"><span class='ocrx_word' id='word_1_216' title='bbox 115 2670 228 2730; x_wconf 82' lang='grc' dir='ltr'><strong><em>τῶντα</em></strong></span> <span class='ocrx_word' id='word_1_217' title='bbox 244 2667 274 2730; x_wconf 87' lang='grc' dir='ltr'><strong><em>εί</em></strong></span> <span class='ocrx_word' id='word_1_218' title='bbox 288 2659 343 2729; x_wconf 83' lang='grc' dir='ltr'><strong><em>διά</em></strong></span> <span class='ocrx_word' id='word_1_219' title='bbox 358 2667 455 2732; x_wconf 88' lang='grc' dir='ltr'><strong><em>πέντε</em></strong></span> <span class='ocrx_word' id='word_1_220' title='bbox 470 2663 560 2734; x_wconf 83' lang='grc' dir='ltr'><strong><em>ὅλων</em></strong></span> <span class='ocrx_word' id='word_1_221' title='bbox 574 2668 658 2734; x_wconf 77' lang='grc' dir='ltr'><strong><em>ἐτῶν</em></strong></span> <span class='ocrx_word' id='word_1_222' title='bbox 667 2666 767 2733; x_wconf 85' lang='grc' dir='ltr'><strong><em>θύσει</em></strong></span> <span class='ocrx_word' id='word_1_223' title='bbox 781 2692 831 2744; x_wconf 86' lang='grc' dir='ltr'><strong><em>τις</em></strong></span> <span class='ocrx_word' id='word_1_224' title='bbox 844 2663 934 2758; x_wconf 75' lang='grc' dir='ltr'><strong><em>αὐτῷ</em></strong></span> <span class='ocrx_word' id='word_1_225' title='bbox 943 2666 1113 2754; x_wconf 87' lang='grc' dir='ltr'><strong><em>πάρεργον</em></strong></span> 
     </span>
     <span class='ocr_line' id='line_1_27' title="bbox 116 2761 1114 2852; baseline 0.003 -23"><span class='ocrx_word' id='word_1_226' title='bbox 116 2766 308 2846; x_wconf 82' lang='grc' dir='ltr'><strong><em>Ολυμπίεον.</em></strong></span> <span class='ocrx_word' id='word_1_227' title='bbox 332 2766 380 2828; x_wconf 73' lang='lat'><strong><em>12.</em></strong></span> <span class='ocrx_word' id='word_1_228' title='bbox 402 2765 541 2848; x_wconf 87' lang='grc' dir='ltr'><strong><em>θέμενοι</em></strong></span> <span class='ocrx_word' id='word_1_229' title='bbox 560 2766 597 2831; x_wconf 76' lang='grc' dir='ltr'><strong><em>δὲ</em></strong></span> <span class='ocrx_word' id='word_1_230' title='bbox 616 2761 751 2851; x_wconf 74' lang='grc' dir='ltr'><strong><em>βωμοὺς</em></strong></span> <span class='ocrx_word' id='word_1_231' title='bbox 771 2767 825 2832; x_wconf 81' lang='grc' dir='ltr'><strong><em>καλ</em></strong></span> <span class='ocrx_word' id='word_1_232' title='bbox 842 2765 1041 2852; x_wconf 92' lang='grc' dir='ltr'><strong><em>προρρήσεις</em></strong></span> <span class='ocrx_word' id='word_1_233' title='bbox 1059 2766 1114 2833; x_wconf 79' lang='grc' dir='ltr'><strong><em>καὶ</em></strong></span> 
     </span>
     <span class='ocr_line' id='line_1_28' title="bbox 114 2858 1116 2950; baseline 0.005 -24"><span class='ocrx_word' id='word_1_234' title='bbox 114 2858 377 2944; x_wconf 89' lang='grc' dir='ltr'><strong><em>περιρραντήρια</em></strong></span> <span class='ocrx_word' id='word_1_235' title='bbox 393 2863 600 2948; x_wconf 77' lang='grc' dir='ltr'><strong><em>προσάγουσι</em></strong></span> <span class='ocrx_word' id='word_1_236' title='bbox 618 2860 678 2941; x_wconf 83' lang='grc' dir='ltr'><strong><em>τάς</em></strong></span> <span class='ocrx_word' id='word_1_237' title='bbox 695 2869 833 2948; x_wconf 86' lang='grc' dir='ltr'><strong><em>θυσίας,</em></strong></span> <span class='ocrx_word' id='word_1_238' title='bbox 857 2871 943 2950; x_wconf 84' lang='grc' dir='ltr'><strong><em>βοῦν</em></strong></span> <span class='ocrx_word' id='word_1_239' title='bbox 958 2865 1020 2949; x_wconf 77' lang='grc' dir='ltr'><strong><em>μὲν</em></strong></span> <span class='ocrx_word' id='word_1_240' title='bbox 1034 2861 1116 2950; x_wconf 86' lang='grc' dir='ltr'><strong><em>άρο-</em></strong></span> 
     </span>
     <span class='ocr_line' id='line_1_29' title="bbox 114 2952 1182 3048; baseline 0.005 -27"><span class='ocrx_word' id='word_1_241' title='bbox 114 2963 197 3042; x_wconf 88' lang='grc' dir='ltr'><strong><em>τήρα</em></strong></span> <span class='ocrx_word' id='word_1_242' title='bbox 219 2952 237 3024; x_wconf 86' lang='grc' dir='ltr'>ὁ</span> <span class='ocrx_word' id='word_1_243' title='bbox 252 2957 415 3043; x_wconf 86' lang='grc' dir='ltr'><strong><em>γεωργός,</em></strong></span> <span class='ocrx_word' id='word_1_244' title='bbox 438 2955 523 3044; x_wconf 85' lang='grc' dir='ltr'><strong><em>άρνα</em></strong></span> <span class='ocrx_word' id='word_1_245' title='bbox 538 2961 575 3028; x_wconf 74' lang='grc' dir='ltr'><strong><em>δὲ</em></strong></span> <span class='ocrx_word' id='word_1_246' title='bbox 594 2955 612 3027; x_wconf 90' lang='grc' dir='ltr'><strong><em>ό</em></strong></span> <span class='ocrx_word' id='word_1_247' title='bbox 632 2957 757 3046; x_wconf 89' lang='grc' dir='ltr'><strong><em>ποιμήν</em></strong></span> <span class='ocrx_word' id='word_1_248' title='bbox 773 2962 828 3027; x_wconf 80' lang='grc' dir='ltr'><strong><em>καὶ</em></strong></span> <span class='ocrx_word' id='word_1_249' title='bbox 844 2958 920 3045; x_wconf 75' lang='grc' dir='ltr'><strong><em>αίγα</em></strong></span> <span class='ocrx_word' id='word_1_250' title='bbox 935 2957 952 3028; x_wconf 86' lang='grc' dir='ltr'>ὁ</span> <span class='ocrx_word' id='word_1_251' title='bbox 968 2961 1113 3048; x_wconf 89' lang='grc' dir='ltr'><strong><em>αίπόλος,</em></strong></span> <span class='ocrx_word' id='word_1_252' title='bbox 1132 2969 1182 3026; x_wconf 80' lang='grc'><strong><em>536</em></strong></span> 
     </span>
    </p>
   </div>
   <div class='ocr_carea' id='block_1_3' title="bbox 115 3049 1116 3344">
    <p class='ocr_par' dir='ltr' id='par_1_3' title="bbox 115 3049 1116 3344">
     <span class='ocr_line' id='line_1_30' title="bbox 115 3049 1116 3146; baseline 0.007 -27"><span class='ocrx_word' id='word_1_253' title='bbox 115 3049 132 3119; x_wconf 87' lang='grc' dir='ltr'>ὁ</span> <span class='ocrx_word' id='word_1_254' title='bbox 148 3056 187 3121; x_wconf 85' lang='grc' dir='ltr'><strong><em>δέ</em></strong></span> <span class='ocrx_word' id='word_1_255' title='bbox 201 3079 250 3132; x_wconf 92' lang='grc' dir='ltr'><strong><em>τις</em></strong></span> <span class='ocrx_word' id='word_1_256' title='bbox 265 3052 450 3141; x_wconf 81' lang='grc' dir='ltr'><strong><em>λιβανωτόν</em></strong></span> <span class='ocrx_word' id='word_1_257' title='bbox 468 3051 490 3141; x_wconf 84' lang='grc' dir='ltr'><strong><em>ή</em></strong></span> <span class='ocrx_word' id='word_1_258' title='bbox 506 3058 677 3145; x_wconf 90' lang='grc' dir='ltr'><strong><em>πόπανον,</em></strong></span> <span class='ocrx_word' id='word_1_259' title='bbox 700 3056 769 3126; x_wconf 78' lang='grc' dir='ltr'><strong><em>ὅδὲ</em></strong></span> <span class='ocrx_word' id='word_1_260' title='bbox 786 3059 887 3146; x_wconf 88' lang='grc' dir='ltr'><strong><em>πένης</em></strong></span> <span class='ocrx_word' id='word_1_261' title='bbox 907 3060 1041 3127; x_wconf 78' lang='grc' dir='ltr'><strong><em>ἱλάσατο</em></strong></span> <span class='ocrx_word' id='word_1_262' title='bbox 1055 3057 1116 3126; x_wconf 84' lang='grc' dir='ltr'><strong><em>τόν</em></strong></span> 
     </span>
     <span class='ocr_line' id='line_1_31' title="bbox 115 3148 1116 3243; baseline 0.006 -24"><span class='ocrx_word' id='word_1_263' title='bbox 115 3148 202 3219; x_wconf 81' lang='grc' dir='ltr'><strong><em>θεὸν</em></strong></span> <span class='ocrx_word' id='word_1_264' title='bbox 215 3152 357 3238; x_wconf 88' lang='grc' dir='ltr'><strong><em>φιλήσας</em></strong></span> <span class='ocrx_word' id='word_1_265' title='bbox 368 3151 475 3237; x_wconf 89' lang='grc' dir='ltr'><strong><em>μόνον</em></strong></span> <span class='ocrx_word' id='word_1_266' title='bbox 489 3152 550 3240; x_wconf 85' lang='grc' dir='ltr'><strong><em>τήν</em></strong></span> <span class='ocrx_word' id='word_1_267' title='bbox 561 3153 667 3223; x_wconf 81' lang='grc' dir='ltr'><strong><em>αὐτοῦ</em></strong></span> <span class='ocrx_word' id='word_1_268' title='bbox 681 3155 801 3235; x_wconf 85' lang='grc' dir='ltr'><strong><em>δεξιάν.</em></strong></span> <span class='ocrx_word' id='word_1_269' title='bbox 824 3154 897 3225; x_wconf 81' lang='grc' dir='ltr'><strong><em>ἀλλ’</em></strong></span> <span class='ocrx_word' id='word_1_270' title='bbox 914 3160 949 3224; x_wconf 78' lang='grc' dir='ltr'><strong><em>οἵ</em></strong></span> <span class='ocrx_word' id='word_1_271' title='bbox 957 3183 995 3243; x_wconf 92' lang='grc' dir='ltr'><strong><em>γε</em></strong></span> <span class='ocrx_word' id='word_1_272' title='bbox 1006 3157 1116 3226; x_wconf 82' lang='grc' dir='ltr'><strong><em>θύου-</em></strong></span> 
     </span>
     <span class='ocr_line' id='line_1_32' title="bbox 115 3248 1114 3344; baseline 0.009 -26"><span class='ocrx_word' id='word_1_273' title='bbox 115 3276 226 3329; x_wconf 83' lang='grc' dir='ltr'><strong><em>τες-</em></strong></span> <span class='ocrx_word' id='word_1_274' title='bbox 241 3248 293 3317; x_wconf 89' lang='grc' dir='ltr'><strong><em>ἐπ’</em></strong></span> <span class='ocrx_word' id='word_1_275' title='bbox 315 3253 460 3331; x_wconf 87' lang='grc' dir='ltr'><strong><em>ἐκείνους</em></strong></span> <span class='ocrx_word' id='word_1_276' title='bbox 482 3279 547 3339; x_wconf 91' lang='grc' dir='ltr'><strong><em>γαρ</em></strong></span> <span class='ocrx_word' id='word_1_277' title='bbox 564 3258 715 3344; x_wconf 88' lang='grc' dir='ltr'><strong><em>ἐπάνειμι</em></strong></span> <span class='ocrx_word' id='word_1_278' title='bbox 735 3293 778 3306; x_wconf 89' lang='grc'><strong>-</strong></span> <span class='ocrx_word' id='word_1_279' title='bbox 791 3255 1062 3343; x_wconf 77' lang='grc' dir='ltr'><strong><em>στεφανώσαντες</em></strong></span> <span class='ocrx_word' id='word_1_280' title='bbox 1078 3258 1114 3327; x_wconf 83' lang='grc' dir='ltr'><strong><em>τὸ</em></strong></span> 
     </span>
    </p>
   </div>
   <div class='ocr_carea' id='block_1_4' title="bbox 116 3348 1115 3506">
    <p class='ocr_par' dir='ltr' id='par_1_4' title="bbox 116 3348 1115 3506">
     <span class='ocr_line' id='line_1_33' title="bbox 116 3348 1115 3506; baseline 0.012 -93"><span class='ocrx_word' id='word_1_281' title='bbox 116 3354 202 3437; x_wconf 75' lang='grc' dir='ltr'><strong><em>ζῷον</em></strong></span> <span class='ocrx_word' id='word_1_282' title='bbox 219 3349 274 3415; x_wconf 81' lang='grc' dir='ltr'><strong><em>καὶ</em></strong></span> <span class='ocrx_word' id='word_1_283' title='bbox 289 3348 377 3416; x_wconf 87' lang='grc' dir='ltr'><strong><em>πολό</em></strong></span> <span class='ocrx_word' id='word_1_284' title='bbox 390 3375 429 3434; x_wconf 92' lang='grc' dir='ltr'><strong><em>γε</em></strong></span> <span class='ocrx_word' id='word_1_285' title='bbox 441 3350 606 3437; x_wconf 85' lang='grc' dir='ltr'><strong><em>πρότερον</em></strong></span> <span class='ocrx_word' id='word_1_286' title='bbox 622 3352 844 3440; x_wconf 85' lang='grc' dir='ltr'><strong><em>ἐξετάσαντες,</em></strong></span> <span class='ocrx_word' id='word_1_287' title='bbox 867 3360 898 3423; x_wconf 87' lang='grc' dir='ltr'><strong><em>εί</em></strong></span> <span class='ocrx_word' id='word_1_288' title='bbox 913 3357 1039 3506; x_wconf 54' lang='grc' dir='ltr'><strong><em>ἰητξλές</em></strong></span> <span class='ocrx_word' id='word_1_289' title='bbox 1055 3366 1115 3442; x_wconf 83' lang='grc' dir='ltr'><strong><em>είη,</em></strong></span> 
     </span>
    </p>
   </div>
   <div class='ocr_carea' id='block_1_5' title="bbox 0 0 1285 3825">
    <p class='ocr_par' dir='ltr' id='par_1_5' title="bbox 0 0 1285 3825">
     <span class='ocr_line' id='line_1_34' title="bbox 0 0 1285 3825; baseline 0 0"><span class='ocrx_word' id='word_1_290' title='bbox 0 0 1285 3825; x_wconf 95' lang='lat' dir='ltr'><strong><em> </em></strong></span> 
     </span>
    </p>
   </div>
  </div>
 </body>
</html>
