2550 3825
435 156 554 211 ΠΕΡΙ
578 153 777 212 offlam
1042 150 1109 211 225

106 334 272 397 προτερον
291 308 357 379 ὑπό
375 319 431 399 τῆς
447 312 567 394 κυνός,
591 308 648 378 εἶτ’
670 312 823 391 ἐξελάσας
837 309 896 378 τδν
910 313 1034 395 πατέρα
1054 313 1109 379 καὶ

106 411 141 485 ἐς
161 406 197 475 τό
222 410 449 495 δεσμωτήριον
467 406 665 495 καταβαλοὸν
688 414 760 495 ἔσχε
779 406 841 495 τῆν
867 408 972 497 άρχήν
992 409 1107 488 αὐτός·

107 513 208 593 ἔγημε
224 511 260 574 δὲ
276 505 400 586 πολλάς
415 507 477 594 μὲν
490 511 546 575 καὶ
561 506 679 595 άλλως,
697 506 843 595 ὑστάτην
859 512 894 577 δὲ
911 508 1108 597 [τῆνἭραυ]

106 604 169 691 τῆν
180 603 330 693 άδελφῆν
340 604 424 674 κατά
435 604 514 683 τοὺς
524 613 666 690 Περσῶν
679 614 776 674 τοῦτο
788 611 844 675 καὶ
855 606 1038 695 Ἀσσυρίων
1049 609 1109 675 νό-

108 730 207 790 μους·
237 703 393 790 ἐρωτικός
412 706 448 771 δὲ
470 699 518 770 οδν
539 706 595 771 καὶ
615 707 648 782 ἐς
670 702 710 771 τά
734 701 913 790 ἀφροδίσια
931 709 1109 795 κεχυμένος

106 806 229 891 ῥηιδίως
243 805 401 889 ἐνέπλησε
419 807 548 870 παίδων
561 800 621 869 τόν
632 802 797 888 οὐρανόν,
815 802 893 884 τοδς
904 808 965 891 μὲν
980 810 1012 885 ἐξ
1028 803 1110 891 ὁμο-

107 909 213 987 τίμων
226 903 466 988 ποιησάμενος,
482 904 592 979 ένίους
607 899 644 967 δέ
655 903 710 967 καὶ
720 901 847 980 νόθους
858 905 894 969 ἐκ
904 912 965 971 τοῦ
980 910 1109 989 θνητοῦ

68 1025 72 1031 ’
107 1002 163 1068 καὶ
185 1002 479 1086 ἐπιμελουμένους,
505 998 580 1083 άρτι
602 994 701 1085 μένὸ
726 1000 889 1083 γεννάδας
912 1001 1109 1088 γιγνόμενος

107 1098 245 1186 χρυσός,
263 1096 337 1182 άρτι
355 1100 391 1165 δὲ
406 1106 527 1182 ταῦρος
537 1095 559 1185 ῆ
570 1092 724 1183 κάκνοςή
736 1094 846 1183 άετός,
866 1100 921 1167 καὶ
937 1098 1021 1179 ὅλως
1033 1123 1109 1166 ποι-

108 1196 285 1279 κιλάτερος
301 1194 406 1262 αὐτοῦ
416 1200 593 1281 Πρωτέως·
616 1196 726 1280 μόνην
741 1194 776 1261 δέ
787 1192 849 1280 τῆν
860 1192 1008 1281 Ἀθηυάν
1024 1204 1109 1283 ἐφυ-

107 1314 168 1361 σεν
179 1284 218 1360 ’ἐκ
235 1300 292 1377 τῆς
306 1295 426 1359 ἑαυτοῦ
440 1300 587 1378 κεφαλῆς
597 1290 659 1359 ὁπ’
672 1288 776 1358 αὐτόν
790 1289 933 1378 ἀτεχνῶς
946 1292 1005 1361 τὸν
1017 1298 1109 1380 ἐγκέ-

107 1399 219 1476 φαλον
233 1390 426 1475 συλλαβών·
448 1391 507 1458 τὸν
522 1392 583 1475 μὲν
597 1388 662 1475 χάρ
678 1388 852 1475 Διόνυσον
868 1387 1018 1479 ἡμιτελῆ,
1042 1419 1109 1478 φα-

108 1496 181 1579 σίν,
205 1490 241 1555 ἐκ
263 1494 320 1573 τῆς
337 1485 459 1575 μητρὸς
481 1494 528 1555 ἔτι
545 1489 709 1573 καομένης
728 1483 877 1571 ἁρπάσας
895 1491 931 1556 ἐν
950 1498 995 1579 τῷ
1013 1496 1107 1579 μηρῷ
1127 1510 1172 1563 531

109 1590 223 1671 φέρων
249 1586 417 1670 κατώρυξε
441 1579 526 1675 κᾷτα
554 1589 681 1670 ἐξέτεμε
710 1592 768 1670 τῆς
798 1582 915 1664 ὠδῖνος
941 1588 1108 1672 ἐνστάσης.

109 1690 139 1751 6.
157 1682 255 1769 ὅμοια
266 1685 302 1750 δὲ
312 1684 442 1762 τούτοις
451 1687 505 1751 καὶ
516 1686 591 1767 περὶ
601 1690 658 1769 τῆς
669 1680 772 1766 Ἥρας
787 1681 942 1771 ᾄδουσιν,
957 1683 1040 1753 άνεν
1053 1691 1111 1769 τῆς

110 1778 194 1864 πρὸς
207 1778 268 1848 τὸν
285 1780 392 1868 άνδρα
408 1780 536 1869 ὁμιλίας
549 1780 734 1867 ὑπηνέμιον
754 1778 859 1867 αὐτὴν
874 1786 974 1849 παῖδα
989 1790 1111 1867 γεννῆ-

108 1899 166 1948 σαι
180 1877 240 1947 τὸν
252 1876 459 1967 Ἥφαιστον,
477 1879 518 1948 οὐ
534 1882 622 1967 μάλα
646 1877 766 1966 εὐτυχῆ
788 1886 925 1967 τοῦτον,
946 1876 1030 1948 άλλά
1046 1880 1109 1965 βά-

108 1997 238 2046 ναυσον
251 1981 306 2046 καὶ
319 1984 439 2064 χαλκέα
454 1981 509 2047 καὶ
526 1987 669 2065 πυρίτην
683 1981 719 2046 ἐν
735 1985 850 2067 καπνῷ
863 1976 900 2044 τὸ
912 1985 980 2044 πᾶν
992 1982 1109 2064 βιοῦν-

112 2102 150 2142 τα
161 2079 217 2143 καὶ
230 2077 428 2163 σπινθήρων
439 2077 616 2146 ἀνάπλεων
627 2073 680 2145 οἷα
695 2075 735 2162 δῆ
747 2075 951 2162 καμινευτήν
965 2079 1020 2144 καὶ
1030 2073 1109 2142 οὐδὲ

110 2171 226 2257 άρτιον
239 2173 285 2242 τώ
305 2176 403 2243 πόδε·
425 2183 636 2263 χωλευθῆναι
651 2171 715 2260 γάρ
737 2172 839 2240 αὐτὸν
860 2171 924 2240 άπὸ
941 2181 1002 2240 τοῦ
1019 2174 1109 2241 πτά-

109 2297 227 2357 ματος,
241 2269 341 2340 ὁπότε
355 2276 475 2360 ἐρρίφη
489 2271 554 2342 ὁπὸ
567 2281 627 2340 τοῦ
639 2270 722 2351 Διὸς
733 2275 766 2352 ἐξ
783 2271 947 2357 οὐρανοῦ,
963 2274 1018 2339 καὶ
1032 2281 1066 2339 εί
1071 2299 1109 2356 χε

109 2368 154 2457 μῆ
178 2376 212 2440 οί
230 2372 371 2458 Λήμνιοι
393 2379 501 2450 καλῶς
524 2379 698 2449 ποιοῦντες
724 2370 980 2456 ἐπιφερόμενον
1005 2368 1110 2437 αὐτόν

109 2468 326 2556 ὑπεδέξαντο,
347 2467 413 2540 κάν
428 2471 600 2556 ἐτεθνήκει
616 2468 660 2537 άν
674 2469 753 2556 ῆμῐν
768 2467 785 2536 ὁ
800 2467 983 2554 Ἥφαιστος
998 2466 1108 2551 ὥσπερ

109 2567 127 2636 ὁ
140 2568 319 2650 Ἀστυάναξ
335 2567 399 2638 άπὸ
410 2578 476 2637 τοῦ
490 2571 621 2654 πόρνου
641 2567 844 2636 καταπεσών.
868 2573 973 2635 καίτοι
988 2565 1027 2634 τά
1048 2571 1109 2653 μὲν

104 2672 288 2753 Ἡφαίστου
310 2671 440 2754 μέτρια·
468 2667 528 2736 τόν
548 2667 583 2735 δέ
598 2669 783 2754 Προμηθέα
799 2673 847 2744 τίς
866 2665 930 2734 οὐκ
950 2664 1039 2734 οἶδεν
1056 2662 1109 2734 οἶα

110 2772 234 2850 ἔπαθε,
253 2767 337 2834 διότι
348 2764 428 2834 καθ’
441 2764 632 2853 ὑπερβολήν
644 2768 885 2854 φιλάνθρωπος
896 2759 957 2852 ῆνς
980 2771 1033 2835 καὶ
1044 2765 1109 2852 γάρ

107 2858 154 2932 αὖ
167 2867 221 2932 καὶ
234 2871 356 2932 τοῦτον
371 2867 403 2942 ἐς
419 2862 481 2951 τῆν
491 2872 650 2932 Σκυθίαν
664 2861 800 2949 άχαχεὸν
815 2861 832 2931 ὁ
848 2861 933 2942 Ζεδς
947 2862 1110 2932 άνεσταό-

106 2985 217 3047 ρωσεν
231 2963 283 3030 ἐπὶ
298 2969 359 3029 τοῦ
370 2962 553 3029 Καυκάσου
565 2965 620 3030 καὶ
630 2960 690 3028 τδν
704 2959 802 3028 άετδν
815 2959 904 3050 αὐτῷ
919 2987 1109 3048 παρακατα-

106 3058 227 3146 στήσας
240 3057 276 3126 τὸ
290 3051 380 3145 ῆπαρ
396 3057 553 3145 ὁσημέραι
573 3060 772 3139 κολάψοντα.
807 3063 834 3128 7.
857 3053 954 3138 οὗτος
969 3062 1030 3146 μέν
1044 3053 1108 3127 οὖν
1126 3082 1176 3135 539

32 3244 36 3251 .
107 3161 268 3240 ἐξετέλεσε
284 3157 346 3246 τήν
360 3165 549 3246 καταδίκην.
581 3157 683 3246 ῆῬέα
698 3159 734 3226 δέ
750 3199 792 3210 ——
806 3157 867 3246 χρῆ
883 3157 947 3245 γάρ
963 3170 1040 3238 ίσως
1054 3163 1109 3226 καὶ

106 3265 209 3325 ταῦτα
221 3264 326 3326 είπεῖν
334 3267 452 3337 -πῶς
463 3257 526 3326 οὐκ
538 3257 719 3344 ἀσχημονεῖ
726 3257 782 3325 καὶ
793 3255 887 3324 δεινά
898 3271 993 3339 ποιεί,
1004 3263 1109 3342 γραῦς

106 3358 168 3440 μὲν
180 3355 245 3443 ήδη
255 3360 310 3423 καὶ
316 3362 440 3505 Ιἐξωρος
451 3351 535 3425 οὖσα
550 3359 606 3424 καὶ
615 3355 785 3423 τοσούτων
796 3355 901 3440 μήτηρ
913 3359 1016 3504 Quia),
1032 3378 1094 3420 παι·

190 3467 295 3505 ποιων,
329 3491 335 3503 .
