2550 3825
176 215 238 278 316
525 220 834 279 AOY-KIANOY

175 376 316 462 ῥήτορας
330 382 385 446 καὶ
399 378 649 466 γραμματικοὺς
669 381 724 445 καὶ
745 378 969 463 φιλοσόφους,
994 373 1185 458 ἀκροῶνται

176 470 209 539 δ’
225 473 337 543 αὐτῶν
351 483 491 563 πηνίκα;
510 519 542 528 -
559 486 692 564 γελοῖον
712 473 776 560 γάρ
792 477 959 542 καὶτοῦτο
977 515 1014 524 -
1030 471 1103 558 ἤτοι
1124 498 1186 557 με·
1258 492 1259 515 ¹

175 573 255 652 ταξύ
267 576 497 660 κομμούμεναι
507 579 562 644 καὶ
573 574 631 653 τάς
642 575 747 660 κόμας
757 574 1048 659 παραπλεκόμεναι
1058 567 1080 656 ἢ
1091 566 1186 652 παρὰ
1259 648 1260 655 ρ

167 668 212 737 τὸ
229 676 380 739 δεῖπνον·
399 672 517 742 ἀλλοτε
528 672 593 760 γάρ
606 672 669 740 οῦκ
683 671 805 759 ἀγουσι
818 672 948 757 σχολήν.
973 670 1133 746 πολλάκις
1148 667 1186 734 δὲ

176 771 230 836 καὶ
247 767 368 854 μεταξύ
382 779 443 838 τοῦ
459 772 649 857 φιλοσόφου
662 798 694 839 τι
708 772 887 850 διεξιόντος
900 768 921 855 ἡ
936 768 1023 856 ἀβρα
1037 776 1186 850 προσελ-

107 882 158 938 696
176 871 288 934 θοῦσα
305 866 405 950 ὤρεξε
427 868 516 955 παρὰ
538 877 598 938 τοῦ
613 877 732 955 μοιχοῦ
749 869 974 955 γραμμάτιον,
1002 871 1037 935 οί
1050 866 1087 933 δὲ
1106 866 1185 947 περὶ

176 965 396 1051 σωφροσύνης
411 969 532 1036 ἐκείνοι
547 968 642 1052 λόγοι
656 970 766 1035 έστᾶσι
783 967 1032 1051 περιμένοντες,
1054 961 1121 1032 ἐστ’
1139 958 1182 1029 ἀι
1261 976 1262 991 δ

176 1064 285 1148 ἐκείνη
309 1059 540 1149 ἀντιγράψασα
567 1073 613 1155 τῷ
638 1072 741 1154 μοιχῷ
766 1064 984 1151 ἐπαναδράμῃ
1011 1059 1096 1147 πρός
1119 1057 1177 1145 τηε
1262 1116 1263 1143 ,

176 1155 346 1242 ἀκρόασιν.
379 1164 430 1228 37.
454 1159 590 1229 έπειδάν
605 1167 644 1230 δέ
661 1187 740 1228 ποτε
760 1158 815 1227 διά
836 1167 967 1245 μακροῦ
980 1165 1041 1225 τοῦ
1055 1158 1179 1243 χρόνοι
1262 1154 1263 1163 ’

176 1262 332 1340 Κρονίων
350 1252 372 1342 ἢ
391 1265 644 1345 Παναθηναίων
664 1259 869 1326 ἐπιστάντων
892 1260 1059 1342 πέμπηταί
1076 1262 1110 1322 τί
1128 1277 1182 1320 σοι
1263 1344 1264 1347 ¹

176 1355 385 1436 ἐφεστρίδιον
398 1353 551 1442 ἀθλιονῆ
562 1357 717 1442 χιτώνιον
728 1354 938 1440 ὑπόσαθρον,
954 1357 1104 1421 ἐνταῦθα
1114 1352 1181 1438 μά-

176 1459 270 1519 λιστα
284 1450 412 1539 πολλὴν
423 1458 475 1521 δεῖ
484 1457 538 1523 καὶ
548 1456 697 1541 μεγάλην
708 1457 867 1540 γενέσθαι
879 1450 941 1537 τὴν
951 1451 1105 1536 πομπήν·
1126 1453 1183 1517 καὶ

176 1545 192 1616 ὁ
212 1550 274 1633 μὲν
291 1556 420 1631 πρῶτος
441 1549 546 1630 εῦθῦς
567 1557 615 1620 έτι
640 1553 867 1637 σκεπτομένου
886 1550 1102 1634 παρακούσας
1119 1552 1182 1613 τοῦ

176 1645 340 1713 δεσπότου
354 1648 558 1733 προδραμεδν
571 1651 625 1716 καὶ
635 1651 854 1735 προμηνύσας
868 1645 1041 1732 ἀπέρχεται
1055 1645 1182 1732 μισθόν

176 1741 238 1810 οὑκ
253 1744 367 1826 ὀλίγον
386 1752 443 1830 τῆς
463 1745 616 1831 ἀγγελίας
632 1747 828 1834 προλαβών,
853 1749 963 1814 ἕωθεν
978 1746 1014 1812 δὲ
1034 1751 1182 1827 τρισκαί-

176 1844 256 1906 δεκα
270 1837 390 1925 ἥκουσι
412 1850 614 1929 κομίζοντες,
641 1846 776 1923 ἕκαστος
798 1841 840 1924 εὑς
856 1841 962 1912 πολλά
979 1841 1047 1910 εἶπε
1064 1843 1120 1908 καὶ
1138 1835 1182 1917 ὡς
1267 1896 1268 1907 ,

108 1954 157 2009 697
176 1935 344 2022 ὑπέμνησε
362 1944 416 2007 καὶ
433 1938 477 2018 ὡς
491 1944 678 2025 ἐπιτραπεὶς
691 1941 728 2011 τό
749 1944 887 2011 κάλλιον
904 1944 1074 2021 ἐπελέξατο
1093 1944 1182 2017 διεξ-

177 2034 246 2100 ιόν.
280 2033 423 2115 ἅπαντες
438 2036 470 2105 δ’
495 2032 559 2106 οὑν
579 2038 842 2108 ἀπαλλάττονται
858 2040 1032 2127 λαβόντες,
1058 2042 1107 2105 έτι
1125 2036 1183 2103 καὶ

175 2135 431 2223 βρενθυόμενοι,
442 2138 493 2207 ὅτι
504 2138 548 2225 μὴ
559 2146 659 2207 πλείω
672 2143 804 2217 ἔδωκας.
817 2143 868 2207 38.
881 2137 899 2205 ὁ
911 2138 973 2222 μέν
984 2136 1047 2222 γάρ
1058 2131 1182 2221 μισθός

176 2227 275 2310 αύτῦς
288 2232 371 2300 κατά
385 2234 440 2302 δύ’
455 2234 597 2323 όβολοῦς
612 2234 634 2323 ἢ
648 2240 819 2321 τέτταρας,
834 2238 889 2304 καὶ
902 2234 1009 2322 βαρύς
1019 2242 1121 2303 αίτῦυ
1136 2230 1180 2300 σῦ

175 2332 230 2396 καὶ
244 2326 382 2416 ὀχληρός
399 2339 514 2414 δοκεῖς.
548 2340 602 2403 ἵνα
618 2334 649 2402 δ’
672 2328 736 2402 οῦν
750 2336 870 2423 λάβης,
892 2336 1108 2412 κολακευτέος
1118 2336 1181 2418 μὲν

176 2426 275 2506 αύτός
295 2435 350 2498 καί
370 2436 566 2520 ἱκετευτέος,
590 2436 813 2516 θεραπευτέος
829 2436 864 2500 δὲ
884 2436 938 2501 καί
959 2430 1180 2516 ὁοίκονόμος,

176 2519 273 2604 οὗτος
293 2528 355 2612 μέν
373 2533 428 2596 καὶ
444 2530 548 2599 ἀλλον
564 2540 745 2615 θεραπείας
759 2532 901 2617 τρόπον·
924 2529 986 2598 οῦκ
1004 2528 1181 2615 ἀμελητέος

175 2625 211 2691 δὲ
223 2621 301 2691 ούδέ
317 2622 334 2691 ὁ
346 2628 532 2714 ξύμβουλος
543 2633 597 2699 καὶ
608 2638 712 2715 φίλος,
734 2633 789 2699 καὶ
801 2629 837 2698 τό
848 2634 982 2717 ληφθὲν
991 2627 1055 2715 ἤδη
1066 2653 1179 2709 προω-

176 2728 306 2806 φείλετο
324 2728 571 2817 ίματιοκαπήλφ
586 2726 721 2819 ἦίατρῷ
732 2725 754 2814 ἢ
766 2730 958 2819 σκυτοτόμῳ
968 2734 1043 2797 τινί.
1064 2725 1180 2810 ἀδωρα

105 2835 158 2891 698
178 2813 241 2886 οῦν
255 2839 308 2888 σοι
328 2820 368 2888 τά
386 2826 550 2907 δῶρακαδ
569 2825 725 2913 ἀνόνητα.
758 2834 809 2896 39,
832 2824 937 2905 πολῦς
951 2828 987 2894 δὲ
1008 2824 1026 2893 ὁ
1047 2827 1182 2908 φθόνος

174 2925 233 2986 καί
243 2942 310 2985 που
321 2924 376 2987 καί
386 2925 525 3009 διαβολή
535 2951 585 3003 τις
594 2924 699 3013 ἠρέμα
710 2923 962 3005 ὑπεξανίσταται
976 2921 1060 3008 πρὸς
1070 2922 1180 3006 ἀνδρα

174 3016 237 3103 ἤδη
252 3018 330 3097 τούς
346 3017 429 3085 κατά
445 3027 507 3087 σοῦ
523 3023 645 3107 λόγους
657 3023 762 3109 ἡδέως
777 3025 1010 3109 ἐνδεχόμενον·
1033 3020 1096 3110 ὁρᾷ
1113 3019 1180 3106 γάρ

173 3115 237 3202 ἤδη
254 3115 290 3184 σέ
302 3117 364 3203 μέν
378 3114 444 3184 ὑπὸ
457 3126 524 3185 τῶν
539 3130 689 3206 συνεχῶν
700 3124 815 3191 πόνων
826 3124 1111 3206 ἐκτετρυχωμένον
1124 3123 1181 3187 καὶ

173 3214 256 3300 πρός
270 3214 331 3303 τὴν
346 3227 531 3303 θεραπείαν
547 3221 709 3300 σκάζοντα
723 3224 779 3290 καὶ
795 3220 1026 3307 ἀπηυδηκότα,
1042 3217 1105 3304 την
1116 3243 1181 3284 πο-

175 3317 303 3401 δάγραν
326 3316 362 3384 δὲ
378 3315 606 3384 ὑπανιοῦσαν·
637 3317 723 3396 ὅλως
737 3318 800 3402 γάρ
815 3318 898 3402 ὅπερ
914 3312 959 3404 ἦν
972 3318 1181 3402 νοστιμώτα-

173 3441 232 3482 τον
248 3418 286 3484 ἐυ
300 3418 352 3484 σοὶ
366 3415 639 3502 ἀπανθισάμενος
652 3418 707 3483 καὶ
721 3415 757 3482 τό
774 3415 1020 3501 ἐγκαρπότατον
1034 3424 1090 3502 τῆς
1104 3414 1180 3500 ἡλι·
