<?xml version="1.0" encoding="UTF-8"?>
<!DOCTYPE html PUBLIC "-//W3C//DTD XHTML 1.0 Transitional//EN"
    "http://www.w3.org/TR/xhtml1/DTD/xhtml1-transitional.dtd">
<html xmlns="http://www.w3.org/1999/xhtml" xml:lang="en" lang="en">
 <head>
  <title>
</title>
<meta http-equiv="Content-Type" content="text/html;charset=utf-8" />
  <meta name='ocr-system' content='tesseract 3.04.00' />
  <meta name='ocr-capabilities' content='ocr_page ocr_carea ocr_par ocr_line ocrx_word'/>
</head>
<body>
  <div class='ocr_page' id='page_1' title='image "./lucianisamosate03jacogoog/lucianisamosate03jacogoog_0381.png"; bbox 0 0 2550 3825; ppageno 0'>
   <div class='ocr_carea' id='block_1_1' title="bbox 183 211 837 272">
    <p class='ocr_par' dir='ltr' id='par_1_1' title="bbox 183 211 837 272">
     <span class='ocr_line' id='line_1_1' title="bbox 183 211 837 272; baseline -0.003 0"><span class='ocrx_word' id='word_1_1' title='bbox 183 211 247 272; x_wconf 71' lang='lat'><strong><em>342</em></strong></span> <span class='ocrx_word' id='word_1_2' title='bbox 536 214 837 271; x_wconf 77' lang='lat' dir='ltr'><em>AOYKIANOY</em></span> 
     </span>
    </p>
   </div>
   <div class='ocr_carea' id='block_1_2' title="bbox 117 363 1265 2978">
    <p class='ocr_par' dir='ltr' id='par_1_2' title="bbox 183 363 1259 1140">
     <span class='ocr_line' id='line_1_2' title="bbox 183 363 1188 459; baseline -0.003 -20"><span class='ocrx_word' id='word_1_3' title='bbox 183 381 270 459; x_wconf 90' lang='grc' dir='ltr'><strong><em>μαλα</em></strong></span> <span class='ocrx_word' id='word_1_4' title='bbox 286 381 380 459; x_wconf 87' lang='grc' dir='ltr'><strong><em>σφίσι</em></strong></span> <span class='ocrx_word' id='word_1_5' title='bbox 401 375 577 459; x_wconf 85' lang='grc' dir='ltr'><strong><em>γενέσθαι,</em></strong></span> <span class='ocrx_word' id='word_1_6' title='bbox 605 369 642 439; x_wconf 85' lang='grc' dir='ltr'><strong><em>τό</em></strong></span> <span class='ocrx_word' id='word_1_7' title='bbox 666 367 697 437; x_wconf 89' lang='grc' dir='ltr'><strong><em>δ’</em></strong></span> <span class='ocrx_word' id='word_1_8' title='bbox 721 363 786 438; x_wconf 79' lang='grc' dir='ltr'><strong><em>οὖν</em></strong></span> <span class='ocrx_word' id='word_1_9' title='bbox 806 373 897 450; x_wconf 89' lang='grc' dir='ltr'><strong><em>τέλος</em></strong></span> <span class='ocrx_word' id='word_1_10' title='bbox 912 382 969 459; x_wconf 82' lang='grc' dir='ltr'><strong><em>τῆς</em></strong></span> <span class='ocrx_word' id='word_1_11' title='bbox 989 378 1083 458; x_wconf 80' lang='grc' dir='ltr'><strong><em>νίκης</em></strong></span> <span class='ocrx_word' id='word_1_12' title='bbox 1104 370 1188 437; x_wconf 84' lang='grc' dir='ltr'><strong><em>καθ’</em></strong></span> 
     </span>
     <span class='ocr_line' id='line_1_3' title="bbox 187 464 1191 556; baseline -0.004 -19"><span class='ocrx_word' id='word_1_13' title='bbox 187 469 273 556; x_wconf 83' lang='grc' dir='ltr'><strong><em>ὑμᾶς</em></strong></span> <span class='ocrx_word' id='word_1_14' title='bbox 286 471 413 555; x_wconf 85' lang='grc' dir='ltr'><strong><em>ἐγένετο</em></strong></span> <span class='ocrx_word' id='word_1_15' title='bbox 428 471 483 537; x_wconf 83' lang='grc' dir='ltr'><strong><em>καὶ</em></strong></span> <span class='ocrx_word' id='word_1_16' title='bbox 497 466 586 554; x_wconf 78' lang='grc' dir='ltr'><strong><em>παρὰ</em></strong></span> <span class='ocrx_word' id='word_1_17' title='bbox 598 466 685 535; x_wconf 77' lang='grc' dir='ltr'><strong><em>πολὺ</em></strong></span> <span class='ocrx_word' id='word_1_18' title='bbox 701 465 718 534; x_wconf 88' lang='grc' dir='ltr'><strong><em>ό</em></strong></span> <span class='ocrx_word' id='word_1_19' title='bbox 731 469 917 556; x_wconf 80' lang='grc' dir='ltr'><strong><em>πρεσβύτης</em></strong></span> <span class='ocrx_word' id='word_1_20' title='bbox 930 469 1106 556; x_wconf 81' lang='grc' dir='ltr'><em>ὑπερέσχε·</em></span> <span class='ocrx_word' id='word_1_21' title='bbox 1128 464 1191 534; x_wconf 89' lang='grc' dir='ltr'><strong><em>τόν</em></strong></span> 
     </span>
     <span class='ocr_line' id='line_1_4' title="bbox 185 562 1189 652; baseline -0.002 -20"><span class='ocrx_word' id='word_1_22' title='bbox 185 573 270 651; x_wconf 85' lang='grc' dir='ltr'><strong><em>γοῦν</em></strong></span> <span class='ocrx_word' id='word_1_23' title='bbox 281 564 491 652; x_wconf 78' lang='grc' dir='ltr'><strong><em>Εὐθύδημον</em></strong></span> <span class='ocrx_word' id='word_1_24' title='bbox 512 562 585 632; x_wconf 81' lang='grc' dir='ltr'><strong><em>οὐδ’</em></strong></span> <span class='ocrx_word' id='word_1_25' title='bbox 602 562 766 648; x_wconf 79' lang='grc' dir='ltr'><strong><em>ἀναιμωτί</em></strong></span> <span class='ocrx_word' id='word_1_26' title='bbox 783 584 887 649; x_wconf 87' lang='grc' dir='ltr'><strong><em>φασιν</em></strong></span> <span class='ocrx_word' id='word_1_27' title='bbox 901 563 1077 648; x_wconf 80' lang='grc' dir='ltr'><strong><em>ἀπελθεῖν,</em></strong></span> <span class='ocrx_word' id='word_1_28' title='bbox 1103 562 1189 632; x_wconf 78' lang='grc' dir='ltr'><strong><em>ιἰλλίι</em></strong></span> 
     </span>
     <span class='ocr_line' id='line_1_5' title="bbox 186 660 1191 752; baseline -0.003 -22"><span class='ocrx_word' id='word_1_29' title='bbox 186 670 315 749; x_wconf 85' lang='grc' dir='ltr'><strong><em>τραῦμα</em></strong></span> <span class='ocrx_word' id='word_1_30' title='bbox 330 668 538 750; x_wconf 80' lang='grc' dir='ltr'><strong><em>παμμέγεθες</em></strong></span> <span class='ocrx_word' id='word_1_31' title='bbox 553 668 668 747; x_wconf 85' lang='grc' dir='ltr'><strong><em>ἔχοντα</em></strong></span> <span class='ocrx_word' id='word_1_32' title='bbox 679 665 716 728; x_wconf 87' lang='grc' dir='ltr'><strong><em>έν</em></strong></span> <span class='ocrx_word' id='word_1_33' title='bbox 726 669 766 750; x_wconf 79' lang='grc' dir='ltr'><strong><em>τῇ</em></strong></span> <span class='ocrx_word' id='word_1_34' title='bbox 776 671 920 752; x_wconf 79' lang='grc' dir='ltr'><strong><em>κεφαλῇ·</em></strong></span> <span class='ocrx_word' id='word_1_35' title='bbox 943 666 1013 730; x_wconf 81' lang='grc' dir='ltr'><strong><em>ἐπεὶ</em></strong></span> <span class='ocrx_word' id='word_1_36' title='bbox 1028 662 1092 748; x_wconf 78' lang='grc' dir='ltr'><strong><em>γὰρ</em></strong></span> <span class='ocrx_word' id='word_1_37' title='bbox 1105 660 1191 729; x_wconf 87' lang='grc' dir='ltr'><strong><em>ιἰλα-</em></strong></span> 
     </span>
     <span class='ocr_line' id='line_1_6' title="bbox 187 754 1190 847; baseline 0.001 -20"><span class='ocrx_word' id='word_1_38' title='bbox 187 759 252 844; x_wconf 68' lang='grc' dir='ltr'><strong><em>ζών</em></strong></span> <span class='ocrx_word' id='word_1_39' title='bbox 271 754 315 846; x_wconf 79' lang='grc' dir='ltr'><strong><em>ἦν</em></strong></span> <span class='ocrx_word' id='word_1_40' title='bbox 335 765 389 829; x_wconf 81' lang='grc' dir='ltr'><strong><em>καὶ</em></strong></span> <span class='ocrx_word' id='word_1_41' title='bbox 413 758 597 846; x_wconf 75' lang='grc' dir='ltr'><strong><em>ἐλεγκτικὸς</em></strong></span> <span class='ocrx_word' id='word_1_42' title='bbox 617 762 673 827; x_wconf 80' lang='grc' dir='ltr'><strong><em>καὶ</em></strong></span> <span class='ocrx_word' id='word_1_43' title='bbox 688 767 867 828; x_wconf 86' lang='grc' dir='ltr'><strong><em>πείθεσθαι</em></strong></span> <span class='ocrx_word' id='word_1_44' title='bbox 887 759 950 828; x_wconf 80' lang='grc' dir='ltr'><strong><em>οὐκ</em></strong></span> <span class='ocrx_word' id='word_1_45' title='bbox 969 761 1094 847; x_wconf 77' lang='grc' dir='ltr'><strong><em>ἤθελεν</em></strong></span> <span class='ocrx_word' id='word_1_46' title='bbox 1109 757 1190 828; x_wconf 75' lang='grc' dir='ltr'><strong><em>οὐδὲ</em></strong></span> 
     </span>
     <span class='ocr_line' id='line_1_7' title="bbox 187 854 1188 947; baseline -0.002 -22"><span class='ocrx_word' id='word_1_47' title='bbox 187 872 318 944; x_wconf 79' lang='grc' dir='ltr'><strong><em>παρεῖχε</em></strong></span> <span class='ocrx_word' id='word_1_48' title='bbox 334 859 454 947; x_wconf 77' lang='grc' dir='ltr'><strong><em>ῥηίδιον</em></strong></span> <span class='ocrx_word' id='word_1_49' title='bbox 474 855 579 924; x_wconf 83' lang='grc' dir='ltr'><strong><em>αὑτόν</em></strong></span> <span class='ocrx_word' id='word_1_50' title='bbox 597 859 804 943; x_wconf 74' lang='grc' dir='ltr'><strong><em>ἐλέγχεσθαι,</em></strong></span> <span class='ocrx_word' id='word_1_51' title='bbox 829 855 846 925; x_wconf 89' lang='grc' dir='ltr'><strong><em>ό</em></strong></span> <span class='ocrx_word' id='word_1_52' title='bbox 869 858 1067 936; x_wconf 80' lang='grc' dir='ltr'><strong><em>διδάσκαλός</em></strong></span> <span class='ocrx_word' id='word_1_53' title='bbox 1088 876 1154 923; x_wconf 89' lang='grc' dir='ltr'><strong><em>σου</em></strong></span> <span class='ocrx_word' id='word_1_54' title='bbox 1171 854 1188 924; x_wconf 91' lang='grc' dir='ltr'><strong><em>ό</em></strong></span> 
     </span>
     <span class='ocr_line' id='line_1_8' title="bbox 183 955 1259 1043; baseline 0 -20"><span class='ocrx_word' id='word_1_55' title='bbox 183 961 351 1043; x_wconf 80' lang='grc' dir='ltr'><strong><em>βέλτιστος</em></strong></span> <span class='ocrx_word' id='word_1_56' title='bbox 362 955 403 1023; x_wconf 85' lang='grc' dir='ltr'><strong><em>όν</em></strong></span> <span class='ocrx_word' id='word_1_57' title='bbox 415 955 478 1042; x_wconf 77' lang='grc' dir='ltr'><strong><em>εἶχε</em></strong></span> <span class='ocrx_word' id='word_1_58' title='bbox 489 957 622 1042; x_wconf 88' lang='grc' dir='ltr'><strong><em>σκόφον</em></strong></span> <span class='ocrx_word' id='word_1_59' title='bbox 633 957 838 1041; x_wconf 87' lang='grc' dir='ltr'><strong><em>Νεστόρειόν</em></strong></span> <span class='ocrx_word' id='word_1_60' title='bbox 848 983 924 1024; x_wconf 91' lang='grc' dir='ltr'><strong><em>τινα</em></strong></span> <span class='ocrx_word' id='word_1_61' title='bbox 934 960 1114 1043; x_wconf 89' lang='grc' dir='ltr'><strong><em>καταφέρει</em></strong></span> <span class='ocrx_word' id='word_1_62' title='bbox 1125 955 1188 1023; x_wconf 83' lang='grc' dir='ltr'><strong><em>αό-</em></strong></span> <span class='ocrx_word' id='word_1_63' title='bbox 1258 982 1259 985; x_wconf 68' lang='grc'>’</span> 
     </span>
     <span class='ocr_line' id='line_1_9' title="bbox 184 1052 1063 1140; baseline -0.002 -18"><span class='ocrx_word' id='word_1_64' title='bbox 184 1061 246 1122; x_wconf 80' lang='grc' dir='ltr'><strong><em>τοῦ</em></strong></span> <span class='ocrx_word' id='word_1_65' title='bbox 261 1061 402 1140; x_wconf 82' lang='grc' dir='ltr'><strong><em>πλησίον</em></strong></span> <span class='ocrx_word' id='word_1_66' title='bbox 416 1057 672 1140; x_wconf 83' lang='grc' dir='ltr'><strong><em>κατακειμένου,</em></strong></span> <span class='ocrx_word' id='word_1_67' title='bbox 687 1056 742 1121; x_wconf 81' lang='grc' dir='ltr'><strong><em>καὶ</em></strong></span> <span class='ocrx_word' id='word_1_68' title='bbox 756 1052 861 1132; x_wconf 78' lang='grc' dir='ltr'><strong><em>οὕτως</em></strong></span> <span class='ocrx_word' id='word_1_69' title='bbox 875 1055 1063 1140; x_wconf 78' lang='grc' dir='ltr'><strong><em>ἐκράτησεν.</em></strong></span> 
     </span>
    </p>

    <p class='ocr_par' dir='ltr' id='par_1_3' title="bbox 185 1157 1188 1348">
     <span class='ocr_line' id='line_1_10' title="bbox 268 1157 1188 1252; baseline 0 -20"><span class='ocrx_word' id='word_1_70' title='bbox 268 1171 370 1232; x_wconf 87' lang='grc' dir='ltr'><em>ΕΡΜ.</em></span> <span class='ocrx_word' id='word_1_71' title='bbox 393 1157 446 1232; x_wconf 81' lang='grc' dir='ltr'><strong><em>Εὖ</em></strong></span> <span class='ocrx_word' id='word_1_72' title='bbox 465 1191 518 1250; x_wconf 86' lang='grc' dir='ltr'><strong><em>γε·</em></strong></span> <span class='ocrx_word' id='word_1_73' title='bbox 550 1164 592 1232; x_wconf 86' lang='grc' dir='ltr'><strong><em>οό</em></strong></span> <span class='ocrx_word' id='word_1_74' title='bbox 614 1163 679 1251; x_wconf 83' lang='grc' dir='ltr'><strong><em>γάρ</em></strong></span> <span class='ocrx_word' id='word_1_75' title='bbox 698 1165 805 1245; x_wconf 80' lang='grc' dir='ltr'><strong><em>ἄλλως</em></strong></span> <span class='ocrx_word' id='word_1_76' title='bbox 824 1169 922 1252; x_wconf 79' lang='grc' dir='ltr'><strong><em>ἐχρῆν</em></strong></span> <span class='ocrx_word' id='word_1_77' title='bbox 941 1164 1026 1249; x_wconf 83' lang='grc' dir='ltr'><strong><em>πρός</em></strong></span> <span class='ocrx_word' id='word_1_78' title='bbox 1039 1163 1120 1244; x_wconf 79' lang='grc' dir='ltr'><strong><em>τούς</em></strong></span> <span class='ocrx_word' id='word_1_79' title='bbox 1143 1163 1188 1252; x_wconf 79' lang='grc' dir='ltr'><strong><em>μὴ</em></strong></span> 
     </span>
     <span class='ocr_line' id='line_1_11' title="bbox 185 1265 763 1348; baseline -0.002 -16"><span class='ocrx_word' id='word_1_80' title='bbox 185 1265 363 1341; x_wconf 77' lang='grc' dir='ltr'><strong><em>ἐθέλοντας</em></strong></span> <span class='ocrx_word' id='word_1_81' title='bbox 378 1271 479 1330; x_wconf 76' lang='grc' dir='ltr'><strong><em>εἴκειν</em></strong></span> <span class='ocrx_word' id='word_1_82' title='bbox 491 1275 559 1339; x_wconf 78' lang='grc' dir='ltr'><strong><em>τοῖς</em></strong></span> <span class='ocrx_word' id='word_1_83' title='bbox 571 1271 763 1348; x_wconf 85' lang='grc' dir='ltr'><strong><em>κρείττοσιν.</em></strong></span> 
     </span>
    </p>

    <p class='ocr_par' dir='ltr' id='par_1_4' title="bbox 184 1369 1265 1660">
     <span class='ocr_line' id='line_1_12' title="bbox 269 1371 1192 1462; baseline 0 -21"><span class='ocrx_word' id='word_1_84' title='bbox 269 1380 368 1442; x_wconf 77' lang='lat' dir='ltr'><em>AYK.</em></span> <span class='ocrx_word' id='word_1_85' title='bbox 394 1377 495 1441; x_wconf 80' lang='grc' dir='ltr'><strong><em>Ταυτὶ</em></strong></span> <span class='ocrx_word' id='word_1_86' title='bbox 510 1376 587 1461; x_wconf 86' lang='grc' dir='ltr'><strong><em>μέν,</em></strong></span> <span class='ocrx_word' id='word_1_87' title='bbox 649 1374 836 1462; x_wconf 83' lang='grc' dir='ltr'><strong><em>Ἑρμότιμε,</em></strong></span> <span class='ocrx_word' id='word_1_88' title='bbox 859 1375 951 1443; x_wconf 76' lang='grc' dir='ltr'><strong><em>πάνυ</em></strong></span> <span class='ocrx_word' id='word_1_89' title='bbox 967 1375 1097 1460; x_wconf 80' lang='grc' dir='ltr'><strong><em>εὔλογα.</em></strong></span> <span class='ocrx_word' id='word_1_90' title='bbox 1119 1371 1143 1460; x_wconf 79' lang='grc' dir='ltr'><strong><em>ἦ</em></strong></span> <span class='ocrx_word' id='word_1_91' title='bbox 1158 1383 1192 1441; x_wconf 90' lang='grc' dir='ltr'><strong><em>τί</em></strong></span> 
     </span>
     <span class='ocr_line' id='line_1_13' title="bbox 184 1468 1188 1560; baseline 0.002 -22"><span class='ocrx_word' id='word_1_92' title='bbox 184 1468 249 1559; x_wconf 80' lang='grc' dir='ltr'><strong><em>γὰρ</em></strong></span> <span class='ocrx_word' id='word_1_93' title='bbox 260 1468 382 1539; x_wconf 84' lang='grc' dir='ltr'><strong><em>παθιόν</em></strong></span> <span class='ocrx_word' id='word_1_94' title='bbox 394 1469 598 1559; x_wconf 80' lang='grc' dir='ltr'><strong><em>Εὐθύδημος</em></strong></span> <span class='ocrx_word' id='word_1_95' title='bbox 608 1472 716 1560; x_wconf 77' lang='grc' dir='ltr'><strong><em>ἄνδρα</em></strong></span> <span class='ocrx_word' id='word_1_96' title='bbox 726 1477 867 1559; x_wconf 88' lang='grc' dir='ltr'><strong><em>γέροντα</em></strong></span> <span class='ocrx_word' id='word_1_97' title='bbox 880 1475 1094 1559; x_wconf 75' lang='grc' dir='ltr'><strong><em>παρώξυνεν,</em></strong></span> <span class='ocrx_word' id='word_1_98' title='bbox 1106 1471 1188 1558; x_wconf 84' lang='grc' dir='ltr'><strong><em>όόρ-</em></strong></span> 
     </span>
     <span class='ocr_line' id='line_1_14' title="bbox 185 1566 1265 1660; baseline 0 -23"><span class='ocrx_word' id='word_1_99' title='bbox 185 1597 287 1657; x_wconf 91' lang='grc' dir='ltr'><strong><em>γητον</em></strong></span> <span class='ocrx_word' id='word_1_100' title='bbox 302 1574 356 1638; x_wconf 76' lang='grc' dir='ltr'><strong><em>καί</em></strong></span> <span class='ocrx_word' id='word_1_101' title='bbox 373 1579 487 1657; x_wconf 83' lang='grc' dir='ltr'><strong><em>θυμοῦ</em></strong></span> <span class='ocrx_word' id='word_1_102' title='bbox 503 1578 691 1658; x_wconf 89' lang='grc' dir='ltr'><strong><em>κρείττονα,</em></strong></span> <span class='ocrx_word' id='word_1_103' title='bbox 713 1572 845 1659; x_wconf 83' lang='grc' dir='ltr'><strong><em>σκύφον</em></strong></span> <span class='ocrx_word' id='word_1_104' title='bbox 860 1571 948 1642; x_wconf 76' lang='grc' dir='ltr'><strong><em>οὕτω</em></strong></span> <span class='ocrx_word' id='word_1_105' title='bbox 965 1569 1074 1660; x_wconf 76' lang='grc' dir='ltr'><strong><em>βαρὺν</em></strong></span> <span class='ocrx_word' id='word_1_106' title='bbox 1090 1573 1126 1639; x_wconf 85' lang='grc' dir='ltr'><strong><em>ἐν</em></strong></span> <span class='ocrx_word' id='word_1_107' title='bbox 1148 1578 1187 1659; x_wconf 78' lang='grc' dir='ltr'><strong><em>τῇ</em></strong></span> <span class='ocrx_word' id='word_1_108' title='bbox 1264 1566 1265 1589; x_wconf 63' lang='grc'>’</span> 
     </span>
    </p>

    <p class='ocr_par' dir='ltr' id='par_1_5' title="bbox 117 1666 1190 2145">
     <span class='ocr_line' id='line_1_15' title="bbox 117 1666 1190 1757; baseline -0.005 -17"><span class='ocrx_word' id='word_1_109' title='bbox 117 1681 169 1740; x_wconf 72' lang='grc' dir='ltr'><strong><em>λὸλ</em></strong></span> <span class='ocrx_word' id='word_1_110' title='bbox 187 1671 269 1756; x_wconf 80' lang='grc' dir='ltr'><strong><em>χειρὶ</em></strong></span> <span class='ocrx_word' id='word_1_111' title='bbox 283 1675 415 1754; x_wconf 75' lang='grc' dir='ltr'><strong><em>ἔχοντας</em></strong></span> <span class='ocrx_word' id='word_1_112' title='bbox 438 1674 486 1736; x_wconf 84' lang='grc'><strong><em>13.</em></strong></span> <span class='ocrx_word' id='word_1_113' title='bbox 500 1667 583 1738; x_wconf 79' lang='grc' dir='ltr'><strong><em>ἀλλὰ</em></strong></span> <span class='ocrx_word' id='word_1_114' title='bbox 598 1670 720 1756; x_wconf 80' lang='grc' dir='ltr'><strong><em>σχολὴν</em></strong></span> <span class='ocrx_word' id='word_1_115' title='bbox 735 1669 799 1756; x_wconf 80' lang='grc' dir='ltr'><strong><em>γὰρ</em></strong></span> <span class='ocrx_word' id='word_1_116' title='bbox 810 1668 936 1757; x_wconf 80' lang='grc' dir='ltr'><strong><em>ἄγομεν</em></strong></span> <span class='ocrx_word' id='word_1_117' title='bbox 945 1711 986 1722; x_wconf 91' lang='grc'><strong>-</strong></span> <span class='ocrx_word' id='word_1_118' title='bbox 998 1677 1031 1737; x_wconf 91' lang='grc' dir='ltr'><strong><em>τί</em></strong></span> <span class='ocrx_word' id='word_1_119' title='bbox 1038 1666 1079 1736; x_wconf 81' lang='grc' dir='ltr'><strong><em>οὗ</em></strong></span> <span class='ocrx_word' id='word_1_120' title='bbox 1090 1673 1190 1756; x_wconf 80' lang='grc' dir='ltr'><strong><em>διηγῇ</em></strong></span> 
     </span>
     <span class='ocr_line' id='line_1_16' title="bbox 187 1763 1185 1856; baseline -0.002 -23"><span class='ocrx_word' id='word_1_121' title='bbox 187 1793 244 1854; x_wconf 93' lang='grc' dir='ltr'><strong><em>μοι</em></strong></span> <span class='ocrx_word' id='word_1_122' title='bbox 260 1769 376 1856; x_wconf 70' lang='grc' dir='ltr'><strong><em>ἑταίρην</em></strong></span> <span class='ocrx_word' id='word_1_123' title='bbox 397 1765 486 1850; x_wconf 84' lang='grc' dir='ltr'><strong><em>ὄντι,</em></strong></span> <span class='ocrx_word' id='word_1_124' title='bbox 508 1763 548 1833; x_wconf 83' lang='grc' dir='ltr'><strong><em>δν</em></strong></span> <span class='ocrx_word' id='word_1_125' title='bbox 562 1768 689 1849; x_wconf 87' lang='grc' dir='ltr'><strong><em>τρόπον</em></strong></span> <span class='ocrx_word' id='word_1_126' title='bbox 705 1766 865 1856; x_wconf 80' lang='grc' dir='ltr'><strong><em>ὡρμήθης</em></strong></span> <span class='ocrx_word' id='word_1_127' title='bbox 884 1767 920 1836; x_wconf 85' lang='grc' dir='ltr'><strong><em>τό</em></strong></span> <span class='ocrx_word' id='word_1_128' title='bbox 941 1775 1074 1853; x_wconf 77' lang='grc' dir='ltr'><strong><em>πρῶτον</em></strong></span> <span class='ocrx_word' id='word_1_129' title='bbox 1089 1775 1185 1853; x_wconf 84' lang='grc' dir='ltr'><strong><em>φιλο-</em></strong></span> 
     </span>
     <span class='ocr_line' id='line_1_17' title="bbox 188 1861 1190 1952; baseline -0.001 -21"><span class='ocrx_word' id='word_1_130' title='bbox 188 1877 320 1949; x_wconf 82' lang='grc' dir='ltr'><strong><em>σοφελν,</em></strong></span> <span class='ocrx_word' id='word_1_131' title='bbox 344 1861 387 1940; x_wconf 76' lang='grc' dir='ltr'><strong><em>τός</em></strong></span> <span class='ocrx_word' id='word_1_132' title='bbox 403 1867 457 1931; x_wconf 80' lang='grc' dir='ltr'><strong><em>καί</em></strong></span> <span class='ocrx_word' id='word_1_133' title='bbox 473 1861 589 1949; x_wconf 81' lang='grc' dir='ltr'><strong><em>αὐτός,</em></strong></span> <span class='ocrx_word' id='word_1_134' title='bbox 612 1871 642 1933; x_wconf 87' lang='grc' dir='ltr'><strong><em>εί</em></strong></span> <span class='ocrx_word' id='word_1_135' title='bbox 660 1865 806 1935; x_wconf 81' lang='grc' dir='ltr'><strong><em>δυνατόν</em></strong></span> <span class='ocrx_word' id='word_1_136' title='bbox 823 1872 887 1952; x_wconf 73' lang='grc' dir='ltr'><strong><em>ἔτι,</em></strong></span> <span class='ocrx_word' id='word_1_137' title='bbox 910 1871 1190 1952; x_wconf 77' lang='grc' dir='ltr'><strong><em>συνοδοιποροίην</em></strong></span> 
     </span>
     <span class='ocr_line' id='line_1_18' title="bbox 188 1958 1190 2051; baseline 0.001 -24"><span class='ocrx_word' id='word_1_138' title='bbox 188 1958 269 2046; x_wconf 79' lang='grc' dir='ltr'><strong><em>ὑμῖν</em></strong></span> <span class='ocrx_word' id='word_1_139' title='bbox 289 1958 325 2028; x_wconf 88' lang='grc' dir='ltr'><strong><em>τό</em></strong></span> <span class='ocrx_word' id='word_1_140' title='bbox 349 1958 414 2028; x_wconf 81' lang='grc' dir='ltr'><strong><em>ἀπό</em></strong></span> <span class='ocrx_word' id='word_1_141' title='bbox 437 1966 535 2029; x_wconf 85' lang='grc' dir='ltr'><strong><em>τοῦδε</em></strong></span> <span class='ocrx_word' id='word_1_142' title='bbox 557 1960 748 2049; x_wconf 78' lang='grc' dir='ltr'><strong><em>ἀρξόμενος.</em></strong></span> <span class='ocrx_word' id='word_1_143' title='bbox 782 1963 823 2032; x_wconf 83' lang='grc' dir='ltr'><strong><em>οὐ</em></strong></span> <span class='ocrx_word' id='word_1_144' title='bbox 839 1964 903 2051; x_wconf 82' lang='grc' dir='ltr'><strong><em>γὰρ</em></strong></span> <span class='ocrx_word' id='word_1_145' title='bbox 921 1962 1132 2032; x_wconf 79' lang='grc' dir='ltr'><strong><em>ἀποκλείσετέ</em></strong></span> <span class='ocrx_word' id='word_1_146' title='bbox 1148 1989 1190 2047; x_wconf 88' lang='grc' dir='ltr'><strong><em>με</em></strong></span> 
     </span>
     <span class='ocr_line' id='line_1_19' title="bbox 189 2056 540 2145; baseline 0.003 -21"><span class='ocrx_word' id='word_1_147' title='bbox 189 2056 313 2145; x_wconf 76' lang='grc' dir='ltr'><strong><em>δηλαδὴ</em></strong></span> <span class='ocrx_word' id='word_1_148' title='bbox 331 2065 422 2143; x_wconf 88' lang='grc' dir='ltr'><strong><em>φίλοι</em></strong></span> <span class='ocrx_word' id='word_1_149' title='bbox 439 2057 540 2139; x_wconf 86' lang='grc' dir='ltr'><strong><em>όντες.</em></strong></span> 
     </span>
    </p>

    <p class='ocr_par' dir='ltr' id='par_1_6' title="bbox 186 2166 1191 2459">
     <span class='ocr_line' id='line_1_20' title="bbox 271 2168 1181 2261; baseline -0.002 -22"><span class='ocrx_word' id='word_1_150' title='bbox 271 2177 373 2239; x_wconf 87' lang='grc' dir='ltr'><strong>ΕΡΜ.</strong></span> <span class='ocrx_word' id='word_1_151' title='bbox 395 2177 439 2239; x_wconf 75' lang='lat' dir='ltr'><strong><em>Ec</em></strong></span> <span class='ocrx_word' id='word_1_152' title='bbox 449 2168 513 2259; x_wconf 78' lang='grc' dir='ltr'><strong><em>γὰρ</em></strong></span> <span class='ocrx_word' id='word_1_153' title='bbox 529 2174 736 2261; x_wconf 74' lang='grc' dir='ltr'><strong><em>ἐθελήσειας,</em></strong></span> <span class='ocrx_word' id='word_1_154' title='bbox 796 2181 940 2242; x_wconf 79' lang='grc' dir='ltr'><strong><em>Λυκῖνε·</em></strong></span> <span class='ocrx_word' id='word_1_155' title='bbox 963 2171 1038 2255; x_wconf 82' lang='grc' dir='ltr'><strong><em>ὄψει</em></strong></span> <span class='ocrx_word' id='word_1_156' title='bbox 1053 2176 1089 2240; x_wconf 84' lang='grc' dir='ltr'><strong><em>ἐν</em></strong></span> <span class='ocrx_word' id='word_1_157' title='bbox 1103 2180 1181 2259; x_wconf 82' lang='grc' dir='ltr'><strong><em>βρα-</em></strong></span> 
     </span>
     <span class='ocr_line' id='line_1_21' title="bbox 186 2267 1191 2360; baseline -0.001 -23"><span class='ocrx_word' id='word_1_158' title='bbox 186 2285 239 2357; x_wconf 79' lang='grc' dir='ltr'><strong><em>χεῖ</em></strong></span> <span class='ocrx_word' id='word_1_159' title='bbox 256 2268 337 2338; x_wconf 79' lang='grc' dir='ltr'><strong><em>ὅσον</em></strong></span> <span class='ocrx_word' id='word_1_160' title='bbox 357 2274 490 2350; x_wconf 87' lang='grc' dir='ltr'><strong><em>διοίσεις</em></strong></span> <span class='ocrx_word' id='word_1_161' title='bbox 508 2280 575 2340; x_wconf 80' lang='grc' dir='ltr'><strong><em>τῶν</em></strong></span> <span class='ocrx_word' id='word_1_162' title='bbox 598 2272 725 2341; x_wconf 73' lang='grc' dir='ltr'><strong><em>ἄλλον·</em></strong></span> <span class='ocrx_word' id='word_1_163' title='bbox 758 2278 892 2360; x_wconf 73' lang='grc' dir='ltr'><strong><em>παῖδας,</em></strong></span> <span class='ocrx_word' id='word_1_164' title='bbox 919 2267 958 2341; x_wconf 83' lang='grc' dir='ltr'><strong><em>εὖ</em></strong></span> <span class='ocrx_word' id='word_1_165' title='bbox 978 2283 1066 2358; x_wconf 80' lang='grc' dir='ltr'><strong><em>ίσθι,</em></strong></span> <span class='ocrx_word' id='word_1_166' title='bbox 1093 2271 1191 2358; x_wconf 81' lang='grc' dir='ltr'><strong><em>οίήση</em></strong></span> 
     </span>
     <span class='ocr_line' id='line_1_22' title="bbox 187 2367 1138 2459; baseline -0.002 -22"><span class='ocrx_word' id='word_1_167' title='bbox 187 2367 336 2448; x_wconf 79' lang='grc' dir='ltr'><strong><em>ἅπαντας</em></strong></span> <span class='ocrx_word' id='word_1_168' title='bbox 351 2396 395 2449; x_wconf 81' lang='grc' dir='ltr'><strong><em>τις</em></strong></span> <span class='ocrx_word' id='word_1_169' title='bbox 409 2371 492 2457; x_wconf 87' lang='grc' dir='ltr'><strong><em>πρός</em></strong></span> <span class='ocrx_word' id='word_1_170' title='bbox 507 2377 559 2458; x_wconf 89' lang='grc' dir='ltr'><strong><em>σε’,</em></strong></span> <span class='ocrx_word' id='word_1_171' title='bbox 573 2378 735 2439; x_wconf 83' lang='grc' dir='ltr'><strong><em>τοσοῦτον</em></strong></span> <span class='ocrx_word' id='word_1_172' title='bbox 748 2369 1016 2459; x_wconf 80' lang='grc' dir='ltr'><strong><em>ὑπερφρονήσεις</em></strong></span> <span class='ocrx_word' id='word_1_173' title='bbox 1030 2369 1138 2447; x_wconf 81' lang='grc' dir='ltr'><strong><em>αὐτός.</em></strong></span> 
     </span>
    </p>

    <p class='ocr_par' dir='ltr' id='par_1_7' title="bbox 187 2479 1191 2660">
     <span class='ocr_line' id='line_1_23' title="bbox 269 2479 1191 2571; baseline -0.002 -20"><span class='ocrx_word' id='word_1_174' title='bbox 269 2490 369 2551; x_wconf 72' lang='grc' dir='ltr'><em>ΛΤΚ.</em></span> <span class='ocrx_word' id='word_1_175' title='bbox 388 2482 534 2568; x_wconf 88' lang='grc' dir='ltr'><strong><em>Ἱκανόν,</em></strong></span> <span class='ocrx_word' id='word_1_176' title='bbox 551 2489 581 2551; x_wconf 83' lang='grc' dir='ltr'><strong><em>εί</em></strong></span> <span class='ocrx_word' id='word_1_177' title='bbox 594 2479 675 2569; x_wconf 76' lang='grc' dir='ltr'><strong><em>μετὰ</em></strong></span> <span class='ocrx_word' id='word_1_178' title='bbox 690 2492 815 2551; x_wconf 83' lang='grc' dir='ltr'><strong><em>είκοσιν</em></strong></span> <span class='ocrx_word' id='word_1_179' title='bbox 832 2490 887 2571; x_wconf 78' lang='grc' dir='ltr'><strong><em>ἔτη</em></strong></span> <span class='ocrx_word' id='word_1_180' title='bbox 902 2493 1061 2571; x_wconf 89' lang='grc' dir='ltr'><strong><em>γενοίμην</em></strong></span> <span class='ocrx_word' id='word_1_181' title='bbox 1075 2491 1191 2551; x_wconf 81' lang='grc' dir='ltr'><strong><em>τοιοῦ-</em></strong></span> 
     </span>
     <span class='ocr_line' id='line_1_24' title="bbox 187 2576 473 2660; baseline -0.003 -11"><span class='ocrx_word' id='word_1_182' title='bbox 187 2608 241 2660; x_wconf 86' lang='grc' dir='ltr'><strong><em>τος</em></strong></span> <span class='ocrx_word' id='word_1_183' title='bbox 257 2576 325 2660; x_wconf 84' lang='grc' dir='ltr'><strong><em>οἷος</em></strong></span> <span class='ocrx_word' id='word_1_184' title='bbox 342 2579 384 2648; x_wconf 82' lang='grc' dir='ltr'>σύ</span> <span class='ocrx_word' id='word_1_185' title='bbox 400 2591 473 2649; x_wconf 83' lang='grc' dir='ltr'><strong><em>νῦν.</em></strong></span> 
     </span>
    </p>

    <p class='ocr_par' dir='ltr' id='par_1_8' title="bbox 187 2694 1191 2978">
     <span class='ocr_line' id='line_1_25' title="bbox 270 2694 1191 2785; baseline 0.001 -21"><span class='ocrx_word' id='word_1_186' title='bbox 270 2703 374 2764; x_wconf 79' lang='grc' dir='ltr'><strong>ΕΡΜ.</strong></span> <span class='ocrx_word' id='word_1_187' title='bbox 391 2695 532 2783; x_wconf 76' lang='grc' dir='ltr'><strong><em>Ἀμέλει,</em></strong></span> <span class='ocrx_word' id='word_1_188' title='bbox 548 2700 602 2764; x_wconf 85' lang='grc' dir='ltr'><strong><em>καὶ</em></strong></span> <span class='ocrx_word' id='word_1_189' title='bbox 613 2694 713 2775; x_wconf 80' lang='grc' dir='ltr'><strong><em>αὐτὸς</em></strong></span> <span class='ocrx_word' id='word_1_190' title='bbox 728 2696 810 2765; x_wconf 83' lang='grc' dir='ltr'><strong><em>κατόι</em></strong></span> <span class='ocrx_word' id='word_1_191' title='bbox 827 2698 863 2765; x_wconf 73' lang='grc' dir='ltr'><strong><em>σὲ</em></strong></span> <span class='ocrx_word' id='word_1_192' title='bbox 879 2697 1024 2785; x_wconf 75' lang='grc' dir='ltr'><strong><em>γεγονός</em></strong></span> <span class='ocrx_word' id='word_1_193' title='bbox 1037 2695 1191 2785; x_wconf 77' lang='grc' dir='ltr'><strong><em>ἠρξάμην</em></strong></span> 
     </span>
     <span class='ocr_line' id='line_1_26' title="bbox 188 2792 1191 2883; baseline 0.003 -22"><span class='ocrx_word' id='word_1_194' title='bbox 188 2802 385 2881; x_wconf 81' lang='grc' dir='ltr'><strong><em>φιλοσοφεῖν</em></strong></span> <span class='ocrx_word' id='word_1_195' title='bbox 398 2795 716 2882; x_wconf 86' lang='grc' dir='ltr'><strong><em>τετταρακοντούτης</em></strong></span> <span class='ocrx_word' id='word_1_196' title='bbox 732 2796 867 2882; x_wconf 86' lang='grc' dir='ltr'><strong><em>σχεδόν,</em></strong></span> <span class='ocrx_word' id='word_1_197' title='bbox 885 2792 1009 2882; x_wconf 85' lang='grc' dir='ltr'><strong><em>ὁπόσα,</em></strong></span> <span class='ocrx_word' id='word_1_198' title='bbox 1025 2795 1131 2883; x_wconf 82' lang='grc' dir='ltr'><strong><em>οἶμαι,</em></strong></span> <span class='ocrx_word' id='word_1_199' title='bbox 1145 2795 1191 2864; x_wconf 81' lang='grc' dir='ltr'><strong><em>σι)</em></strong></span> 
     </span>
     <span class='ocr_line' id='line_1_27' title="bbox 187 2894 416 2978; baseline -0.004 -17"><span class='ocrx_word' id='word_1_200' title='bbox 187 2899 253 2961; x_wconf 83' lang='grc' dir='ltr'><strong><em>νῦν</em></strong></span> <span class='ocrx_word' id='word_1_201' title='bbox 268 2894 416 2978; x_wconf 87' lang='grc' dir='ltr'><strong><em>γέγονας.</em></strong></span> 
     </span>
    </p>
   </div>
   <div class='ocr_carea' id='block_1_3' title="bbox 184 3002 1193 3482">
    <p class='ocr_par' dir='ltr' id='par_1_9' title="bbox 184 3002 1193 3482">
     <span class='ocr_line' id='line_1_28' title="bbox 270 3002 1192 3096; baseline 0.001 -22"><span class='ocrx_word' id='word_1_202' title='bbox 270 3014 369 3074; x_wconf 72' lang='lat' dir='ltr'><strong><em>m.</em></strong></span> <span class='ocrx_word' id='word_1_203' title='bbox 395 3015 547 3076; x_wconf 81' lang='grc' dir='ltr'><strong><em>Τοσαῦτα</em></strong></span> <span class='ocrx_word' id='word_1_204' title='bbox 561 3011 644 3096; x_wconf 84' lang='grc' dir='ltr'><strong><em>γόρ,</em></strong></span> <span class='ocrx_word' id='word_1_205' title='bbox 661 3002 689 3077; x_wconf 76' lang='grc' dir='ltr'><strong><em>τό</em></strong></span> <span class='ocrx_word' id='word_1_206' title='bbox 697 3008 884 3094; x_wconf 79' lang='grc' dir='ltr'><strong><em>Ἑρμότιμε·</em></strong></span> <span class='ocrx_word' id='word_1_207' title='bbox 908 3007 991 3075; x_wconf 76' lang='grc' dir='ltr'><strong><em>ὥστε</em></strong></span> <span class='ocrx_word' id='word_1_208' title='bbox 1007 3007 1068 3095; x_wconf 79' lang='grc' dir='ltr'><strong><em>την</em></strong></span> <span class='ocrx_word' id='word_1_209' title='bbox 1083 3006 1192 3094; x_wconf 78' lang='grc' dir='ltr'><strong><em>αὐτὴν</em></strong></span> 
     </span>
     <span class='ocr_line' id='line_1_29' title="bbox 186 3103 1193 3192; baseline 0.001 -19"><span class='ocrx_word' id='word_1_210' title='bbox 186 3104 246 3191; x_wconf 75' lang='grc' dir='ltr'><strong><em>ἄγε</em></strong></span> <span class='ocrx_word' id='word_1_211' title='bbox 266 3113 380 3192; x_wconf 74' lang='grc' dir='ltr'><strong><em>λαβον</em></strong></span> <span class='ocrx_word' id='word_1_212' title='bbox 400 3103 486 3192; x_wconf 82' lang='grc' dir='ltr'><strong><em>κόμέ</em></strong></span> <span class='ocrx_word' id='word_1_213' title='bbox 501 3146 538 3157; x_wconf 85' lang='grc'><strong>-</strong></span> <span class='ocrx_word' id='word_1_214' title='bbox 560 3111 689 3176; x_wconf 87' lang='grc' dir='ltr'><strong><em>δίκαιον</em></strong></span> <span class='ocrx_word' id='word_1_215' title='bbox 710 3106 775 3192; x_wconf 80' lang='grc' dir='ltr'><strong><em>γάρ</em></strong></span> <span class='ocrx_word' id='word_1_216' title='bbox 788 3144 832 3155; x_wconf 93' lang='lat'><strong><em>·-</em></strong></span> <span class='ocrx_word' id='word_1_217' title='bbox 844 3108 899 3174; x_wconf 83' lang='grc' dir='ltr'><strong><em>καὶ</em></strong></span> <span class='ocrx_word' id='word_1_218' title='bbox 921 3107 1054 3189; x_wconf 80' lang='grc' dir='ltr'><strong><em>πρῶτόν</em></strong></span> <span class='ocrx_word' id='word_1_219' title='bbox 1074 3109 1116 3181; x_wconf 82' lang='grc' dir='ltr'><strong><em>γέ</em></strong></span> <span class='ocrx_word' id='word_1_220' title='bbox 1132 3134 1193 3175; x_wconf 81' lang='grc' dir='ltr'><strong><em>μοι</em></strong></span> 
     </span>
     <span class='ocr_line' id='line_1_30' title="bbox 184 3192 1191 3282; baseline -0.002 -17"><span class='ocrx_word' id='word_1_221' title='bbox 184 3203 283 3265; x_wconf 81' lang='grc' dir='ltr'><strong><em>τοῦτο</em></strong></span> <span class='ocrx_word' id='word_1_222' title='bbox 301 3196 384 3266; x_wconf 80' lang='grc' dir='ltr'><strong><em>είπέ.</em></strong></span> <span class='ocrx_word' id='word_1_223' title='bbox 412 3200 524 3264; x_wconf 87' lang='grc' dir='ltr'><strong><em>δίδοτε</em></strong></span> <span class='ocrx_word' id='word_1_224' title='bbox 541 3194 726 3281; x_wconf 77' lang='grc' dir='ltr'><strong><em>ἀντιλέγειν</em></strong></span> <span class='ocrx_word' id='word_1_225' title='bbox 743 3210 813 3274; x_wconf 85' lang='grc' dir='ltr'><strong><em>τοῖς</em></strong></span> <span class='ocrx_word' id='word_1_226' title='bbox 830 3196 1078 3282; x_wconf 77' lang='grc' dir='ltr'><strong><em>μανθάνουσιν,</em></strong></span> <span class='ocrx_word' id='word_1_227' title='bbox 1094 3192 1138 3280; x_wconf 75' lang='grc' dir='ltr'><strong><em>ἦν</em></strong></span> <span class='ocrx_word' id='word_1_228' title='bbox 1156 3222 1191 3263; x_wconf 91' lang='grc' dir='ltr'><strong><em>τι</em></strong></span> 
     </span>
     <span class='ocr_line' id='line_1_31' title="bbox 185 3290 1191 3385; baseline -0.002 -19"><span class='ocrx_word' id='word_1_229' title='bbox 185 3296 230 3385; x_wconf 80' lang='grc' dir='ltr'><strong><em>μη</em></strong></span> <span class='ocrx_word' id='word_1_230' title='bbox 245 3295 357 3385; x_wconf 82' lang='grc' dir='ltr'><strong><em>όρθεός</em></strong></span> <span class='ocrx_word' id='word_1_231' title='bbox 370 3296 528 3383; x_wconf 85' lang='grc' dir='ltr'><strong><em>λέγεσθαι</em></strong></span> <span class='ocrx_word' id='word_1_232' title='bbox 543 3298 625 3383; x_wconf 77' lang='grc' dir='ltr'><strong><em>δοκῇ</em></strong></span> <span class='ocrx_word' id='word_1_233' title='bbox 640 3290 767 3383; x_wconf 76' lang='grc' dir='ltr'><strong><em>αὐτοῖς,</em></strong></span> <span class='ocrx_word' id='word_1_234' title='bbox 780 3290 801 3381; x_wconf 77' lang='grc' dir='ltr'><em>ἢ</em></span> <span class='ocrx_word' id='word_1_235' title='bbox 816 3294 879 3364; x_wconf 90' lang='grc' dir='ltr'><strong><em>οόκ</em></strong></span> <span class='ocrx_word' id='word_1_236' title='bbox 890 3298 999 3382; x_wconf 79' lang='grc' dir='ltr'><strong><em>ἐφίετε</em></strong></span> <span class='ocrx_word' id='word_1_237' title='bbox 1007 3299 1107 3362; x_wconf 79' lang='grc' dir='ltr'><strong><em>τοῦτο</em></strong></span> <span class='ocrx_word' id='word_1_238' title='bbox 1116 3311 1191 3375; x_wconf 81' lang='grc' dir='ltr'><strong><em>τοῖς</em></strong></span> 
     </span>
     <span class='ocr_line' id='line_1_32' title="bbox 185 3399 374 3482; baseline -0.011 -15"><span class='ocrx_word' id='word_1_239' title='bbox 185 3399 374 3482; x_wconf 77' lang='grc' dir='ltr'><strong><em>νεωτέροις;</em></strong></span> 
     </span>
    </p>
   </div>
   <div class='ocr_carea' id='block_1_4' title="bbox 0 0 1280 3825">
    <p class='ocr_par' dir='ltr' id='par_1_10' title="bbox 0 0 1280 3825">
     <span class='ocr_line' id='line_1_33' title="bbox 0 0 1280 3825; baseline 0 0"><span class='ocrx_word' id='word_1_240' title='bbox 0 0 1280 3825; x_wconf 95' lang='lat' dir='ltr'><strong><em> </em></strong></span> 
     </span>
    </p>
   </div>
  </div>
 </body>
</html>
