2550 3825
4 234 12 287 ι

4 326 6 379 λ

492 182 672 242 ΤΙΜΩΝ.
1038 180 1081 245 47

166 350 271 413 BEN.
303 350 383 413 Νῦν
405 340 589 421 δΠλοῦτος
610 344 664 410 ἐπὶ
683 348 834 430 Τίμωνα,
856 340 957 413 ὁπότε
978 341 1083 412 αῦτῦν

83 440 148 528 ἐγώ
158 449 275 521 κακῶς
291 448 408 528 ἔχοντα
422 438 489 510 ὑπὸ
504 448 562 526 τῆς
576 447 716 527 Τρυφῆς
731 448 988 528 παραλαβοῦσα,
1004 468 1084 509 του-

84 544 166 609 τοισὶ
180 546 396 627 παραδοῦσα,
412 548 452 630 τῃ
462 548 575 630 Σοφίᾳ
590 542 645 609 καὶ
660 547 707 631 τῷ
717 540 835 628 Πόνῳ,
853 553 1010 627 γενναῖον
1021 540 1083 607 άν-

84 643 146 726 δρα
160 642 213 707 καί
231 647 358 707 πολλοῦ
370 637 465 719 ἀξιον
481 636 651 719 ἀπέδειξας
673 635 781 716 οῦτως
795 636 860 723 ἀρα
875 635 1084 725 εὐκαταφρό-

84 764 183 825 νῃτος
196 734 277 823 ῦμῖν
291 734 315 830 ἡ
324 743 430 805 Πενία
445 741 535 805 δοκῶ
548 738 603 804 καὶ
618 734 831 822 εὐαδίκητος,
850 732 963 804 ῶσθ’δ
977 734 1085 821 μόνον

84 846 192 923 κτῆμα
219 833 323 921 εἶχον,
355 832 575 922 ἀφαιρεῖσθαί
596 858 654 921 με,
687 832 832 922 ἀκριβῶς
859 832 942 919 πρὸς
963 831 1086 921 ἀρετὴν

85 936 357 1020 ἐξειργασμένον,
378 936 436 1001 ἵνα
450 925 581 1011 αῦθιςὸ
597 939 748 1011 Πλοῦτος
761 930 966 1020 παραλαβών
980 930 1085 1000 αῦτδν

78 1029 188 1119 ’Τβρει
203 1036 257 1099 καὶ
273 1030 376 1122 Τῦφςο
390 1034 571 1117 ἐγχειρίσας
586 1028 706 1117 ὅμοιον
716 1036 763 1121 τῷ
774 1030 891 1116 πάλαι,
907 1029 1087 1117 μαλθακὰν

4 1108 16 1152 ¹²
84 1131 139 1198 καὶ
166 1129 292 1217 ἀγεννῆ
319 1132 375 1198 καὶ
395 1126 540 1215 ἀνόητον
559 1125 736 1216 ἀποφήνας
756 1126 870 1218 ἀποδῶ
891 1128 993 1195 πάλιν
1013 1129 1086 1214 ἐμοὶ

85 1228 187 1315 ῥάκος
202 1226 264 1314 ἤδη
278 1231 518 1314 γεγενημένους

170 1332 273 1393 ΕΡΜ.
289 1324 411 1406 Ἔδοξε
427 1332 548 1409 ταῦτα,
571 1316 599 1391 ῶ
611 1329 735 1409 Πενία,
756 1330 803 1413 τῶ
817 1330 884 1391 Διί.
924 1341 927 1346 ’
1075 1380 1079 1385 .

169 1429 220 1493 33.
253 1432 359 1493 ΠΕΝ.
377 1422 593 1510 Ἀπέρχομαι·
624 1426 680 1490 καὶ
694 1419 788 1508 ῦμεϊς
803 1426 855 1507 δέ,
879 1414 906 1489 ῶ
921 1420 1014 1490 Πόνε
1029 1424 1084 1489 καὶ
1105 1442 1155 1498 146

88 1527 203 1606 Σοφία
224 1525 278 1590 καὶ
299 1528 333 1591 oc
352 1529 478 1609 λοιποί,
502 1520 722 1592 ἀκολουθεῖτέ
736 1547 802 1606 μοι.
840 1512 937 1599 οὗτος
953 1523 989 1588 δέ
1002 1519 1084 1605 τάχα

86 1632 218 1705 εἴσεται,
235 1622 311 1688 οἵαν
324 1647 365 1708 με
382 1614 490 1689 οὖσαν
505 1618 688 1706 ἀπολείψει,
709 1617 844 1706 ἀγαθὴν
855 1619 1021 1705 συνεργὸν
1032 1620 1087 1685 καὶ

85 1718 289 1799 διδάσκαλον
299 1728 367 1786 τῶν
376 1717 530 1803 ἀρίστων,
542 1712 564 1808 ᾗ
576 1717 692 1786 συνών
704 1716 851 1804 ῦγιεινδς
861 1717 923 1803 μέν
934 1716 971 1786 τὸ
979 1724 1088 1802 σῶμα,

85 1818 273 1901 ἐρρωμένος
286 1818 331 1883 δὲ
350 1814 413 1903 τὴν
425 1818 565 1903 γνώμην
577 1819 776 1902 διετέλεσεν,
798 1814 921 1901 ἀνδρὸς
934 1822 1011 1903 βίον
1022 1822 1087 1897 ζῶν

84 1917 140 1982 καὶ
162 1911 247 2001 πρὸς
268 1912 372 1983 αὑτὸν
392 1912 606 2002 ἀποβλέπων,
628 1914 669 1983 τά
691 1919 728 1984 δὲ
749 1912 884 1999 περιττά
905 1911 1086 1983 καὶπολλὰ

84 2020 207 2098 ταῦτα,
231 2011 339 2098 ῶσπερ
356 2017 460 2098 ἐστίν,
484 2013 641 2099 ἀλλότρια
655 2011 913 2101 ὑπολαμβάνων.

170 2118 280 2180 ΕΡΜ.
301 2109 529 2198 Ἀπίρχονται·
550 2109 644 2198 ἡμεῖς
659 2114 694 2179 δὲ
712 2118 902 2197 προσίωμεν
916 2107 1015 2200 αῦτῶ.

171 2213 222 2277 34.
258 2217 352 2279 ΤΙΜ.
386 2216 480 2288 Τίνες
501 2212 589 2296 ἐστέ,
611 2200 637 2274 ώ
659 2209 857 2294 κατάρατοις
878 2204 951 2293 ἢτί
960 2206 1086 2296 βουλό-

85 2333 183 2396 μενοι
204 2312 304 2395 δεῦρο
326 2307 420 2394 ἥκετε
442 2307 550 2393 ἀνδρα
564 2305 708 2393 ἐργάτην
718 2307 775 2373 καὶ
785 2305 999 2392 μισθοφόρον
1010 2309 1087 2373 ἐνο-

85 2406 282 2494 χλήσοντεςς
297 2404 371 2476 ἀλλ’
384 2405 425 2474 οῦ
435 2414 604 2493 χαίροντες
615 2403 711 2473 άπιτε
721 2407 834 2491 μιαροὶ
844 2405 967 2482 πάντες
977 2402 1086 2481 ὄντες·

86 2501 154 2590 ἐγώ
165 2501 231 2591 γάρ
253 2501 339 2590 ῦμῦς
360 2503 478 2572 αὐτίκα
507 2503 616 2589 [μάλα]
645 2503 780 2590 βάλλων
802 2517 870 2581 τοῖς
890 2501 1012 2589 βώλοις
1032 2503 1087 2570 καὶ

84 2616 154 2680 τοῖς
170 2607 280 2680 λίθοις
294 2608 472 2686 συντρίψω.
692 2636 695 2641 ⁴

171 2708 276 2773 EPM.
299 2706 488 2788 Μηδαμῶς,
506 2693 532 2768 ῶ
547 2707 675 2786 Τίμων,
691 2699 736 2786 μὴ
753 2701 870 2789 βάλῃς·
895 2698 936 2768 οῦ
946 2697 1012 2787 γάρ
1025 2697 1088 2767 ἀν-

83 2801 249 2888 θρώπους
266 2798 365 2880 ὄντας
374 2807 501 2887 βαλεῖς,
517 2796 591 2867 ἀλλ’
603 2795 667 2884 ἐγώ
678 2797 864 2884 μένἘρμῃς
875 2803 957 2884 εἰμι,
973 2794 1087 2865 οὑτοσὶ

84 2902 119 2968 δὲ
135 2897 156 2968 ὁ
172 2905 340 2978 Πλοῦτος·
363 2905 487 2984 έπεμψε
502 2897 538 2966 δὲ
553 2895 666 2975 ὁΖεῦς
683 2897 870 2974 ἐπακούσας
884 2909 954 2962 τῶν-
968 2903 1084 2981 ενχῶν.

84 2997 172 3068 ῶστε
187 2995 303 3087 ἀγαθῇ
316 2998 398 3086 τῦχῃ
415 2999 513 3084 δέχου
527 2993 587 3064 τῦν
600 2995 705 3083 ὄλβον
721 2993 867 3072 ἀποστάς
876 3001 945 3061 τῶν
958 2992 1084 3060 πόνων.

174 3103 270 3166 ΤΙΜ.
305 3101 371 3166 Καὶ
386 3093 479 3184 ὑμεῖς
493 3095 676 3181 οἰμώξεσθε
691 3092 754 3181 ἤδη
769 3101 875 3160 καίτοι
890 3093 966 3159 θεοὶ
982 3089 1086 3172 ὄντες,
1108 3107 1154 3164 147

4 3273 5 3276 ῃ
85 3196 131 3277 ῶς
155 3222 255 3283 φατε·
284 3195 410 3273 πάντας
429 3192 495 3280 γάρ
516 3192 584 3278 ἅμα
605 3195 660 3260 καὶ
682 3189 887 3275 ἀνθρώπους
907 3191 963 3255 καὶ
982 3185 1087 3264 θεοῦς

83 3303 190 3382 μισῶ,
205 3295 339 3363 τουτονὶ
351 3294 387 3361 δέ
398 3291 458 3360 τὸν
468 3292 615 3378 τυφλόν,
632 3289 722 3369 ὅστις
733 3284 777 3356 ἀν
787 3282 827 3377 ῃ’,
840 3286 894 3355 καὶ
904 3289 1087 3371 ἐπιτρίψειν

83 3418 140 3475 μοι
158 3396 247 3461 δοκῶ
263 3399 303 3480 τῇ
318 3393 460 3478 δικέλλῃ.
