2550 3825
446 228 759 288 ΕΡΜΟΤΙΜΟΣ.
1039 228 1101 292 341

100 383 162 472 τήν
171 385 303 473 ἀρετήν,
314 384 357 465 ῶς
369 391 667 473 συνευδαιμονοῖεν
676 384 765 477 αύτῷ
775 389 923 456 πλούτου
933 415 1103 475 καταφρο-

100 509 247 562 νονντες.

185 588 234 651 ll.
257 590 362 652 ΕΡΜ.
387 581 439 650 Οὐ
458 583 558 670 σχολή
577 609 654 670 μοι,
681 577 862 668 ῶΛνκῖνε,
885 585 1103 670 περὶτούτων

101 683 314 764 διαλέγεσθαί
327 699 396 747 σοι·
425 680 560 748 σπεύδω
573 677 639 766 γὰρ
658 678 722 768 ήδη
740 679 972 767 ἀκροάσασθαι
987 679 1101 767 αὐτοῦ,

99 773 144 862 μῆ
163 779 218 844 καὶ
233 776 329 846 λα’θω
342 778 460 856 τελέως
474 774 699 864 ἀπολειφθείς.

182 881 283 942 AYK.
308 875 447 961 Θάρρει,
474 867 602 960 ῶγαθέ·
633 877 670 943 τὸ
695 874 839 963 τήμερον
857 874 923 963 γὰρ
943 878 1100 963 ἐκεχειρία
1119 892 1170 947 ⁷50

100 971 311 1058 ἐπήγγελται·
345 971 428 1040 ῶστε
449 970 512 1058 έγῶ
536 971 659 1060 ἀφίημί
677 992 731 1040 σοι
751 971 834 1041 όσον
854 979 901 1042 ἔτι
922 971 959 1040 τό
984 971 1102 1042 λοιπόν

101 1078 156 1155 τῆς
170 1067 261 1138 ὁδοῦ.

183 1174 286 1236 ΕΡΜ.
309 1175 386 1247 Πῶς
402 1170 525 1256 λέγεις;

183 1272 283 1332 ΛΤΚ.
298 1263 368 1333 Ὅτι
382 1269 419 1334 έν
432 1274 477 1356 τῷ
492 1266 633 1353 παρόντι
649 1264 711 1336 οὐκ
728 1264 772 1335 ῶν
786 1272 870 1347 ίδοις
885 1265 1005 1353 αὐτόν,
1020 1278 1053 1338 εί
1063 1295 1102 1355 γε

99 1360 160 1452 χρῆ
180 1363 348 1432 πιστεύειν
368 1372 414 1456 τῶ
429 1366 677 1452 προγράμματι·
709 1366 867 1434 πινάκιον
881 1367 945 1453 γάρ
958 1393 990 1435 τι
1008 1369 1101 1452 ἐκρέ-

100 1487 182 1548 ματο
203 1459 288 1550 ὑπὲρ
301 1469 363 1529 τοῦ
376 1471 530 1542 πνλανος
551 1463 706 1550 μεγάλοις
721 1464 890 1552 γράμμασι
904 1467 1018 1552 λέγον,
1041 1467 1100 1551 τή-

99 1586 203 1647 μερον
223 1557 265 1628 ού
282 1569 558 1647 συμφιλοσοφεῖν.
580 1565 707 1648 ἐλέγετο
723 1562 760 1630 δὲ
779 1561 856 1648 παρ’
873 1560 1039 1649 Εὐκράτει
1053 1571 1101 1650 τῶ

99 1658 191 1725 πάνυ
206 1659 381 1746 δειπνήσας
390 1663 470 1748 χθὲς
482 1661 641 1749 γενέθλια
651 1659 820 1748 θυγατρός
831 1664 979 1730 ἑστιῶντι
993 1659 1100 1729 πολλῶ

99 1783 134 1825 τε
156 1766 449 1846 συμφιλοσοφῆσαι
464 1763 501 1828 έν
515 1767 561 1850 τῶ
581 1766 753 1850 σνμποσίφ
768 1761 824 1828 καλ
842 1758 926 1846 πρός
940 1757 1102 1844 Εὐθύδη-

99 1881 164 1942 μον
174 1853 234 1924 τόν
246 1858 281 1925 έκ
291 1864 352 1925 τοῦ
359 1858 552 1945 Περιπάτου
562 1864 819 1946 παροξυνθῆναί
825 1884 857 1927 τι
868 1862 922 1929 καὶ
931 1857 1101 1947 ἀμφισβη-

99 1960 194 2040 τῆσαι
221 1951 311 2044 αὐτῷ
336 1947 479 2042 κερδῶν
501 1959 621 2024 ἐκεῖνοι
644 1955 806 2025 είῶθασιν
830 1956 1014 2044 ἀντιλέγειν
1033 1971 1101 2033 τοῖς

100 2048 164 2118 αἰπό
179 2057 236 2136 τῆς
251 2060 375 2129 Στοᾶς·
403 2048 470 2119 ὑπό
489 2078 524 2119 τε
547 2046 610 2120 οὖν
625 2060 682 2138 τῆς
701 2061 847 2140 κραυγῆς
870 2055 1023 2141 πονήρως
1039 2052 1101 2139 τῆν

100 2146 250 2233 κεφαλήν
271 2151 465 2234 διατεθῆναι
481 2152 535 2217 καὶ
557 2154 696 2232 ίδρῶσαι
716 2151 805 2236 μόλα
826 2151 931 2219 πολλὰ
955 2155 987 2229 ές
1001 2154 1101 2236 μέσας

99 2246 222 2324 νύκτας
238 2242 475 2333 όποταθείσης,
502 2246 546 2325 ῶς
560 2268 658 2333 φασι,
684 2255 741 2334 τῆς
756 2256 943 2326 συνουσίας.
977 2249 1044 2334 ἅμα
1065 2248 1101 2315 δὲ

100 2348 154 2413 καὶ
170 2345 333 2430 πεπώκει,
354 2345 460 2432 οίμαι,
484 2348 587 2415 πλέον
599 2354 661 2413 τοῦ
675 2350 810 2431 ἱκανοῦ,
831 2354 899 2413 τῶν
913 2346 1099 2429 παρόντων,

100 2443 143 2524 ῶς
169 2444 273 2532 εἰκός,
300 2450 492 2531 φιλοτησίας
517 2445 767 2531 προπινόντων,
800 2445 855 2513 καὶ
878 2444 1101 2531 ἐδεδειπνήκει

99 2549 202 2614 πλέον
220 2541 242 2633 ῆ
259 2544 343 2613 κατὰ
356 2545 512 2631 γέροντα·
541 2542 624 2611 ῶστε
645 2543 852 2629 ἀναστρέψας
866 2541 968 2630 ήμεσέ
979 2568 1031 2629 τε,
1056 2540 1100 2621 ῶς

100 2652 264 2731 ἔφασκον,
279 2640 385 2711 πολλὰ
402 2645 456 2710 καί
473 2642 579 2728 μόνον
592 2641 727 2733 ἀριθμῷ
741 2640 945 2730 παραλαβῶν
955 2639 995 2710 τὰ
1007 2646 1098 2728 κρέα,

99 2742 205 2813 ὁπόσα
220 2752 266 2835 τῶ
281 2745 374 2811 παιδὶ
385 2742 524 2811 κατόπιν
539 2744 654 2810 ἑστῶτι
670 2743 907 2829 παραδεδώκει,
923 2744 978 2811 καὶ
995 2763 1101 2829 σημη-

98 2845 241 2932 νόμενος
261 2846 419 2930 ἐπιμελῶς
433 2841 470 2910 τό
491 2839 549 2909 ἄπ’
566 2845 697 2909 ἐκείνου
717 2842 877 2909 καθεύδει
891 2844 1017 2929 μηδένα
1033 2848 1101 2909 ελσ-

98 2948 254 3030 δέχεσθαι
269 2948 497 3028 παραγγείλας.
519 2949 621 3008 ταῦτα
641 2942 676 3010 δὲ
687 2946 781 3009 Μίδα
793 2939 922 3028 ήκουσα
936 2948 996 3009 τοῦ
1012 2944 1099 3008 οίκέ-
1117 2953 1165 3009 751

97 3067 159 3110 τον
175 3039 280 3108 αὐτοῦ
296 3041 519 3126 διηγουμένου
534 3044 599 3107 τισὶ
613 3048 683 3108 τῶν
697 3048 873 3127 μαθητῶν,
890 3048 924 3108 οἳ
938 3042 992 3108 καὶ
1006 3036 1101 3105 αύτολ

97 3138 304 3224 ἀνέστρεφον
318 3138 406 3225 μάλα
421 3145 546 3207 πολλοί.

181 3243 232 3306 12.
247 3243 351 3307 EPM.
370 3236 544 3325 Ἐκράτησε
560 3241 595 3305 δὲ
606 3238 763 3323 πότερος,
781 3229 808 3306 ῶ
817 3244 959 3321 Λυκῖνε,
975 3233 1100 3304 ὁδιδα-

97 3334 247 3425 σκαλοςῆ
257 3335 274 3406 ὁ
283 3335 505 3424 Εὐθύδημος;
522 3346 555 3405 εδ
559 3363 590 3403 τι
599 3338 654 3404 καλ
662 3343 816 3405 τοιοῦτον
827 3341 939 3420 ἔλεγεν
950 3332 968 3401 ὁ
978 3340 1098 3414 Μίδας.

180 3444 279 3507 ΛΤΚ.
306 3435 354 3503 To}
375 3437 437 3523 μὲν
456 3435 572 3523 πρῶτοί
593 3456 711 3521 φασιν,
739 3429 969 3520 ῶἙρμότιμε,
991 3432 1098 3521 0272&-
