<?xml version="1.0" encoding="UTF-8"?>
<!DOCTYPE html PUBLIC "-//W3C//DTD XHTML 1.0 Transitional//EN"
    "http://www.w3.org/TR/xhtml1/DTD/xhtml1-transitional.dtd">
<html xmlns="http://www.w3.org/1999/xhtml" xml:lang="en" lang="en">
 <head>
  <title>
</title>
<meta http-equiv="Content-Type" content="text/html;charset=utf-8" />
  <meta name='ocr-system' content='tesseract 3.04.00' />
  <meta name='ocr-capabilities' content='ocr_page ocr_carea ocr_par ocr_line ocrx_word'/>
</head>
<body>
  <div class='ocr_page' id='page_1' title='image "./lucianisamosate03jacogoog_0221.png"; bbox 0 0 2550 3825; ppageno 0'>
   <div class='ocr_carea' id='block_1_1' title="bbox 160 173 808 237">
    <p class='ocr_par' dir='ltr' id='par_1_1' title="bbox 160 173 808 237">
     <span class='ocr_line' id='line_1_1' title="bbox 160 173 808 237; baseline 0.002 -1"><span class='ocrx_word' id='word_1_1' title='bbox 160 173 221 236; x_wconf 69' lang='lat'><strong><em>192</em></strong></span> <span class='ocrx_word' id='word_1_2' title='bbox 508 178 808 237; x_wconf 75' lang='lat' dir='ltr'><strong><em>AO‘PKIANOP</em></strong></span> 
     </span>
    </p>
   </div>
   <div class='ocr_carea' id='block_1_2' title="bbox 87 333 1157 3470">
    <p class='ocr_par' dir='ltr' id='par_1_2' title="bbox 90 333 1156 617">
     <span class='ocr_line' id='line_1_2' title="bbox 90 333 1155 428; baseline 0.008 -29"><span class='ocrx_word' id='word_1_3' title='bbox 90 347 140 403; x_wconf 72' lang='lat'><strong><em>458</em></strong></span> <span class='ocrx_word' id='word_1_4' title='bbox 159 361 231 419; x_wconf 87' lang='grc' dir='ltr'><strong><em>ρειν</em></strong></span> <span class='ocrx_word' id='word_1_5' title='bbox 245 335 328 406; x_wconf 87' lang='grc' dir='ltr'><strong><em>αύτόι</em></strong></span> <span class='ocrx_word' id='word_1_6' title='bbox 343 334 426 421; x_wconf 88' lang='grc' dir='ltr'><strong><em>πρός</em></strong></span> <span class='ocrx_word' id='word_1_7' title='bbox 440 335 587 414; x_wconf 80' lang='grc' dir='ltr'><strong><em>ἅπαντας</em></strong></span> <span class='ocrx_word' id='word_1_8' title='bbox 599 333 679 404; x_wconf 79' lang='grc' dir='ltr'><strong><em>οὐδὲ</em></strong></span> <span class='ocrx_word' id='word_1_9' title='bbox 695 334 734 404; x_wconf 83' lang='grc' dir='ltr'><strong><em>τά</em></strong></span> <span class='ocrx_word' id='word_1_10' title='bbox 750 333 920 427; x_wconf 80' lang='grc' dir='ltr'><strong><em>ἀπόρρητα</em></strong></span> <span class='ocrx_word' id='word_1_11' title='bbox 934 340 1155 428; x_wconf 82' lang='grc' dir='ltr'><strong><em>έξαγορεύειν,</em></strong></span> 
     </span>
     <span class='ocr_line' id='line_1_3' title="bbox 156 431 1156 522; baseline 0.002 -21"><span class='ocrx_word' id='word_1_12' title='bbox 156 432 277 521; x_wconf 85' lang='grc' dir='ltr'><strong><em>μηκαί</em></strong></span> <span class='ocrx_word' id='word_1_13' title='bbox 286 461 335 514; x_wconf 91' lang='grc' dir='ltr'><strong><em>τις</em></strong></span> <span class='ocrx_word' id='word_1_14' title='bbox 351 431 436 519; x_wconf 79' lang='grc' dir='ltr'><strong><em>ἡμᾶς</em></strong></span> <span class='ocrx_word' id='word_1_15' title='bbox 449 432 613 519; x_wconf 75' lang='grc' dir='ltr'><strong><em>γράψηται</em></strong></span> <span class='ocrx_word' id='word_1_16' title='bbox 627 431 762 520; x_wconf 84' lang='grc' dir='ltr'><strong><em>γραφήν</em></strong></span> <span class='ocrx_word' id='word_1_17' title='bbox 778 432 927 522; x_wconf 81' lang='grc' dir='ltr'><strong><em>ἀσεβείας</em></strong></span> <span class='ocrx_word' id='word_1_18' title='bbox 943 439 995 506; x_wconf 80' lang='grc' dir='ltr'><strong><em>ἐπὶ</em></strong></span> <span class='ocrx_word' id='word_1_19' title='bbox 1008 444 1069 505; x_wconf 84' lang='grc' dir='ltr'><strong><em>τοῦ</em></strong></span> <span class='ocrx_word' id='word_1_20' title='bbox 1083 433 1156 504; x_wconf 82' lang='grc' dir='ltr'><strong><em>Ῥα-</em></strong></span> 
     </span>
     <span class='ocr_line' id='line_1_4' title="bbox 157 532 362 617; baseline -0.005 -17"><span class='ocrx_word' id='word_1_21' title='bbox 157 532 362 617; x_wconf 87' lang='grc' dir='ltr'><strong><em>δαμάνθυος.</em></strong></span> 
     </span>
    </p>

    <p class='ocr_par' dir='ltr' id='par_1_3' title="bbox 157 626 1156 919">
     <span class='ocr_line' id='line_1_5' title="bbox 240 626 1155 723; baseline 0 -20"><span class='ocrx_word' id='word_1_22' title='bbox 240 639 329 703; x_wconf 88' lang='grc' dir='ltr'><strong><em>ΦΙΛ.</em></strong></span> <span class='ocrx_word' id='word_1_23' title='bbox 352 638 540 719; x_wconf 81' lang='grc' dir='ltr'><strong><em>Μηδαμιις,</em></strong></span> <span class='ocrx_word' id='word_1_24' title='bbox 567 626 782 719; x_wconf 78' lang='grc' dir='ltr'><strong><em>εόΜίνιππε,</em></strong></span> <span class='ocrx_word' id='word_1_25' title='bbox 806 660 889 721; x_wconf 91' lang='grc' dir='ltr'><strong><em>προς</em></strong></span> <span class='ocrx_word' id='word_1_26' title='bbox 911 644 971 703; x_wconf 84' lang='grc' dir='ltr'><strong><em>τοῦ</em></strong></span> <span class='ocrx_word' id='word_1_27' title='bbox 986 636 1084 721; x_wconf 88' lang='grc' dir='ltr'><strong><em>Διός,</em></strong></span> <span class='ocrx_word' id='word_1_28' title='bbox 1110 634 1155 723; x_wconf 82' lang='grc' dir='ltr'><strong><em>μὴ</em></strong></span> 
     </span>
     <span class='ocr_line' id='line_1_6' title="bbox 158 730 1156 821; baseline -0.003 -19"><span class='ocrx_word' id='word_1_29' title='bbox 158 734 332 820; x_wconf 76' lang='grc' dir='ltr'><em>φθονήσῃς</em></span> <span class='ocrx_word' id='word_1_30' title='bbox 342 739 409 799; x_wconf 78' lang='grc' dir='ltr'><strong><em>τῶν</em></strong></span> <span class='ocrx_word' id='word_1_31' title='bbox 422 730 533 816; x_wconf 91' lang='grc' dir='ltr'><strong><em>λόγων</em></strong></span> <span class='ocrx_word' id='word_1_32' title='bbox 547 737 632 821; x_wconf 79' lang='grc' dir='ltr'><strong><em>φίλω</em></strong></span> <span class='ocrx_word' id='word_1_33' title='bbox 648 730 747 817; x_wconf 88' lang='grc' dir='ltr'><strong><em>άνδρί</em></strong></span> <span class='ocrx_word' id='word_1_34' title='bbox 754 757 762 773; x_wconf 92' lang='grc'><em>·</em></span> <span class='ocrx_word' id='word_1_35' title='bbox 783 730 866 818; x_wconf 86' lang='grc' dir='ltr'><strong><em>πρὸς</em></strong></span> <span class='ocrx_word' id='word_1_36' title='bbox 879 731 942 819; x_wconf 87' lang='grc' dir='ltr'><strong><em>γάρ</em></strong></span> <span class='ocrx_word' id='word_1_37' title='bbox 956 734 1064 803; x_wconf 86' lang='grc' dir='ltr'><strong><em>είδότα</em></strong></span> <span class='ocrx_word' id='word_1_38' title='bbox 1076 754 1156 800; x_wconf 86' lang='grc' dir='ltr'><strong><em>σιω-</em></strong></span> 
     </span>
     <span class='ocr_line' id='line_1_7' title="bbox 157 829 934 919; baseline -0.001 -17"><span class='ocrx_word' id='word_1_39' title='bbox 157 842 225 902; x_wconf 85' lang='grc' dir='ltr'><strong><em>πάν</em></strong></span> <span class='ocrx_word' id='word_1_40' title='bbox 239 836 337 919; x_wconf 80' lang='grc' dir='ltr'><strong><em>ἐρεῖς,</em></strong></span> <span class='ocrx_word' id='word_1_41' title='bbox 351 834 391 899; x_wconf 89' lang='grc' dir='ltr'><strong><em>τά</em></strong></span> <span class='ocrx_word' id='word_1_42' title='bbox 405 829 434 899; x_wconf 88' lang='grc' dir='ltr'><strong><em>τ’</em></strong></span> <span class='ocrx_word' id='word_1_43' title='bbox 452 830 536 899; x_wconf 80' lang='grc' dir='ltr'><strong><em>ἄλλα</em></strong></span> <span class='ocrx_word' id='word_1_44' title='bbox 550 834 603 899; x_wconf 82' lang='grc' dir='ltr'><strong><em>καὶ</em></strong></span> <span class='ocrx_word' id='word_1_45' title='bbox 617 834 700 916; x_wconf 87' lang='grc' dir='ltr'><strong><em>πρὸς</em></strong></span> <span class='ocrx_word' id='word_1_46' title='bbox 714 837 934 919; x_wconf 88' lang='grc' dir='ltr'><strong><em>μεμυημένον.</em></strong></span> 
     </span>
    </p>

    <p class='ocr_par' dir='ltr' id='par_1_4' title="bbox 156 924 1157 1403">
     <span class='ocr_line' id='line_1_8' title="bbox 241 924 1157 1019; baseline -0.001 -19"><span class='ocrx_word' id='word_1_47' title='bbox 241 924 354 1000; x_wconf 85' lang='grc' dir='ltr'><strong>ΜΕΝ.</strong></span> <span class='ocrx_word' id='word_1_48' title='bbox 381 928 537 998; x_wconf 80' lang='grc' dir='ltr'><strong><em>Χαλεπὸν</em></strong></span> <span class='ocrx_word' id='word_1_49' title='bbox 551 932 612 1014; x_wconf 78' lang='grc' dir='ltr'><strong><em>μὲν</em></strong></span> <span class='ocrx_word' id='word_1_50' title='bbox 632 932 810 1010; x_wconf 73' lang='grc' dir='ltr'><strong><em>ἐπιτάττεις</em></strong></span> <span class='ocrx_word' id='word_1_51' title='bbox 824 929 1028 1019; x_wconf 88' lang='grc' dir='ltr'><strong><em>τούπίταγμα</em></strong></span> <span class='ocrx_word' id='word_1_52' title='bbox 1046 935 1100 1000; x_wconf 83' lang='grc' dir='ltr'><strong><em>καὶ</em></strong></span> <span class='ocrx_word' id='word_1_53' title='bbox 1114 930 1157 999; x_wconf 87' lang='grc' dir='ltr'><strong><em>ού</em></strong></span> 
     </span>
     <span class='ocr_line' id='line_1_9' title="bbox 157 1024 1154 1115; baseline 0 -18"><span class='ocrx_word' id='word_1_54' title='bbox 157 1029 264 1115; x_wconf 91' lang='grc' dir='ltr'><strong><em>πάντη</em></strong></span> <span class='ocrx_word' id='word_1_55' title='bbox 293 1026 453 1113; x_wconf 80' lang='grc' dir='ltr'><strong><em>ἀσφαλές·</em></strong></span> <span class='ocrx_word' id='word_1_56' title='bbox 486 1024 573 1112; x_wconf 78' lang='grc' dir='ltr'><strong><em>πλὴν</em></strong></span> <span class='ocrx_word' id='word_1_57' title='bbox 596 1024 680 1096; x_wconf 82' lang='grc' dir='ltr'><strong><em>άλλᾶ</em></strong></span> <span class='ocrx_word' id='word_1_58' title='bbox 703 1034 765 1095; x_wconf 84' lang='grc' dir='ltr'><strong><em>σοῦ</em></strong></span> <span class='ocrx_word' id='word_1_59' title='bbox 786 1055 824 1113; x_wconf 89' lang='grc' dir='ltr'><strong><em>γε</em></strong></span> <span class='ocrx_word' id='word_1_60' title='bbox 848 1032 944 1096; x_wconf 80' lang='grc' dir='ltr'><strong><em>ἕνεκα</em></strong></span> <span class='ocrx_word' id='word_1_61' title='bbox 964 1030 1154 1115; x_wconf 86' lang='grc' dir='ltr'><strong><em>τολμητέον.</em></strong></span> 
     </span>
     <span class='ocr_line' id='line_1_10' title="bbox 158 1124 1156 1214; baseline -0.001 -18"><span class='ocrx_word' id='word_1_62' title='bbox 158 1132 248 1208; x_wconf 82' lang='grc' dir='ltr'><strong><em>ἔδοξε</em></strong></span> <span class='ocrx_word' id='word_1_63' title='bbox 264 1125 304 1212; x_wconf 87' lang='grc' dir='ltr'><strong><em>δή</em></strong></span> <span class='ocrx_word' id='word_1_64' title='bbox 319 1124 396 1203; x_wconf 82' lang='grc' dir='ltr'><strong><em>τούς</em></strong></span> <span class='ocrx_word' id='word_1_65' title='bbox 407 1132 587 1203; x_wconf 76' lang='grc' dir='ltr'><strong><em>πλουσίους</em></strong></span> <span class='ocrx_word' id='word_1_66' title='bbox 598 1125 737 1205; x_wconf 83' lang='grc' dir='ltr'><strong><em>τούτους</em></strong></span> <span class='ocrx_word' id='word_1_67' title='bbox 750 1128 805 1194; x_wconf 81' lang='grc' dir='ltr'><strong><em>καὶ</em></strong></span> <span class='ocrx_word' id='word_1_68' title='bbox 816 1128 1089 1214; x_wconf 80' lang='grc' dir='ltr'><strong><em>πολυχρημάτους</em></strong></span> <span class='ocrx_word' id='word_1_69' title='bbox 1101 1128 1156 1195; x_wconf 87' lang='grc' dir='ltr'><strong><em>καλ</em></strong></span> 
     </span>
     <span class='ocr_line' id='line_1_11' title="bbox 157 1221 1156 1312; baseline -0.002 -19"><span class='ocrx_word' id='word_1_70' title='bbox 157 1224 194 1293; x_wconf 89' lang='grc' dir='ltr'><strong><em>τό</em></strong></span> <span class='ocrx_word' id='word_1_71' title='bbox 218 1231 356 1312; x_wconf 82' lang='grc' dir='ltr'><strong><em>χρυσίον</em></strong></span> <span class='ocrx_word' id='word_1_72' title='bbox 382 1222 616 1290; x_wconf 83' lang='grc' dir='ltr'><strong><em>κατάκλειστον</em></strong></span> <span class='ocrx_word' id='word_1_73' title='bbox 641 1221 750 1308; x_wconf 74' lang='grc' dir='ltr'><strong><em>ὥσπερ</em></strong></span> <span class='ocrx_word' id='word_1_74' title='bbox 776 1221 837 1310; x_wconf 86' lang='grc' dir='ltr'><strong><em>τήν</em></strong></span> <span class='ocrx_word' id='word_1_75' title='bbox 860 1226 1002 1310; x_wconf 86' lang='grc' dir='ltr'><strong><em>Δανάην</em></strong></span> <span class='ocrx_word' id='word_1_76' title='bbox 1027 1225 1156 1311; x_wconf 85' lang='grc' dir='ltr'><strong><em>φνλάτ-</em></strong></span> 
     </span>
     <span class='ocr_line' id='line_1_12' title="bbox 156 1350 327 1403; baseline -0.006 -11"><span class='ocrx_word' id='word_1_77' title='bbox 156 1350 272 1403; x_wconf 90' lang='grc' dir='ltr'><strong><em>τοντας</em></strong></span> <span class='ocrx_word' id='word_1_78' title='bbox 286 1365 327 1376; x_wconf 89' lang='lat'><strong><em>—-</em></strong></span> 
     </span>
    </p>

    <p class='ocr_par' dir='ltr' id='par_1_5' title="bbox 156 1412 1156 1998">
     <span class='ocr_line' id='line_1_13' title="bbox 240 1412 1156 1507; baseline -0.005 -17"><span class='ocrx_word' id='word_1_79' title='bbox 240 1430 328 1490; x_wconf 87' lang='grc' dir='ltr'><strong><em>ΦΙΛ.</em></strong></span> <span class='ocrx_word' id='word_1_80' title='bbox 353 1417 412 1506; x_wconf 84' lang='grc' dir='ltr'><strong><em>Μή</em></strong></span> <span class='ocrx_word' id='word_1_81' title='bbox 433 1418 596 1504; x_wconf 85' lang='grc' dir='ltr'><strong><em>πρότερον</em></strong></span> <span class='ocrx_word' id='word_1_82' title='bbox 618 1428 726 1507; x_wconf 73' lang='grc' dir='ltr'><strong><em>εἴπης,</em></strong></span> <span class='ocrx_word' id='word_1_83' title='bbox 753 1412 880 1505; x_wconf 79' lang='grc' dir='ltr'><strong><em>ὦγαθέ,</em></strong></span> <span class='ocrx_word' id='word_1_84' title='bbox 904 1416 943 1487; x_wconf 84' lang='grc' dir='ltr'><strong><em>τά</em></strong></span> <span class='ocrx_word' id='word_1_85' title='bbox 962 1420 1156 1505; x_wconf 78' lang='grc' dir='ltr'><strong><em>δεδογμένα,</em></strong></span> 
     </span>
     <span class='ocr_line' id='line_1_14' title="bbox 157 1512 1154 1606; baseline -0.009 -15"><span class='ocrx_word' id='word_1_86' title='bbox 157 1527 236 1606; x_wconf 81' lang='grc' dir='ltr'><strong><em>πρὶν</em></strong></span> <span class='ocrx_word' id='word_1_87' title='bbox 247 1525 356 1589; x_wconf 88' lang='grc' dir='ltr'><strong><em>έκεῖνοι</em></strong></span> <span class='ocrx_word' id='word_1_88' title='bbox 367 1524 530 1602; x_wconf 82' lang='grc' dir='ltr'><strong><em>διελθεῖν,</em></strong></span> <span class='ocrx_word' id='word_1_89' title='bbox 546 1514 568 1585; x_wconf 80' lang='grc' dir='ltr'><strong><em>ά</em></strong></span> <span class='ocrx_word' id='word_1_90' title='bbox 578 1514 708 1603; x_wconf 88' lang='grc' dir='ltr'><strong><em>μάλιστ’</em></strong></span> <span class='ocrx_word' id='word_1_91' title='bbox 722 1512 765 1583; x_wconf 79' lang='grc' dir='ltr'><strong><em>άν</em></strong></span> <span class='ocrx_word' id='word_1_92' title='bbox 775 1514 879 1602; x_wconf 79' lang='grc' dir='ltr'><strong><em>ἡδέως</em></strong></span> <span class='ocrx_word' id='word_1_93' title='bbox 893 1513 1073 1603; x_wconf 91' lang='grc' dir='ltr'><strong><em>άκούσαιμί</em></strong></span> <span class='ocrx_word' id='word_1_94' title='bbox 1081 1536 1154 1603; x_wconf 89' lang='grc' dir='ltr'><strong><em>σου,</em></strong></span> 
     </span>
     <span class='ocr_line' id='line_1_15' title="bbox 156 1612 1155 1707; baseline -0.009 -18"><span class='ocrx_word' id='word_1_95' title='bbox 156 1628 204 1699; x_wconf 90' lang='grc' dir='ltr'><strong><em>τίς</em></strong></span> <span class='ocrx_word' id='word_1_96' title='bbox 218 1618 239 1707; x_wconf 82' lang='grc' dir='ltr'><em>ἡ</em></span> <span class='ocrx_word' id='word_1_97' title='bbox 255 1617 384 1687; x_wconf 79' lang='grc' dir='ltr'><strong><em>ἐπίνοιά</em></strong></span> <span class='ocrx_word' id='word_1_98' title='bbox 398 1637 460 1684; x_wconf 91' lang='grc' dir='ltr'><strong><em>σου</em></strong></span> <span class='ocrx_word' id='word_1_99' title='bbox 476 1623 533 1703; x_wconf 82' lang='grc' dir='ltr'><strong><em>τῆς</em></strong></span> <span class='ocrx_word' id='word_1_100' title='bbox 548 1614 699 1682; x_wconf 78' lang='grc' dir='ltr'><strong><em>καθόδου</em></strong></span> <span class='ocrx_word' id='word_1_101' title='bbox 715 1617 860 1700; x_wconf 79' lang='grc' dir='ltr'><strong><em>ἐγένετο,</em></strong></span> <span class='ocrx_word' id='word_1_102' title='bbox 877 1622 924 1693; x_wconf 90' lang='grc' dir='ltr'><strong><em>τίς</em></strong></span> <span class='ocrx_word' id='word_1_103' title='bbox 938 1615 973 1683; x_wconf 76' lang='grc' dir='ltr'><strong><em>δὲ</em></strong></span> <span class='ocrx_word' id='word_1_104' title='bbox 989 1612 1007 1683; x_wconf 88' lang='grc' dir='ltr'>ὁ</span> <span class='ocrx_word' id='word_1_105' title='bbox 1022 1621 1079 1701; x_wconf 82' lang='grc' dir='ltr'><strong><em>τῆς</em></strong></span> <span class='ocrx_word' id='word_1_106' title='bbox 1092 1638 1155 1680; x_wconf 91' lang='grc' dir='ltr'><strong><em>πο-</em></strong></span> 
     </span>
     <span class='ocr_line' id='line_1_16' title="bbox 159 1709 1152 1804; baseline -0.008 -18"><span class='ocrx_word' id='word_1_107' title='bbox 159 1726 248 1804; x_wconf 84' lang='grc' dir='ltr'><strong><em>ρείας</em></strong></span> <span class='ocrx_word' id='word_1_108' title='bbox 268 1716 416 1804; x_wconf 77' lang='grc' dir='ltr'><strong><em>ήγεμοόν,</em></strong></span> <span class='ocrx_word' id='word_1_109' title='bbox 442 1714 510 1783; x_wconf 79' lang='grc' dir='ltr'><strong><em>εἶτα</em></strong></span> <span class='ocrx_word' id='word_1_110' title='bbox 530 1716 601 1799; x_wconf 81' lang='grc' dir='ltr'><strong><em>ἑξῆς</em></strong></span> <span class='ocrx_word' id='word_1_111' title='bbox 615 1711 639 1779; x_wconf 84' lang='grc' dir='ltr'><strong><em>ά</em></strong></span> <span class='ocrx_word' id='word_1_112' title='bbox 655 1738 689 1780; x_wconf 91' lang='grc' dir='ltr'><strong><em>τε</em></strong></span> <span class='ocrx_word' id='word_1_113' title='bbox 711 1710 832 1791; x_wconf 84' lang='grc' dir='ltr'><strong><em>εἶδεςά</em></strong></span> <span class='ocrx_word' id='word_1_114' title='bbox 853 1739 888 1781; x_wconf 89' lang='grc' dir='ltr'><strong><em>τε</em></strong></span> <span class='ocrx_word' id='word_1_115' title='bbox 907 1712 1052 1799; x_wconf 79' lang='grc' dir='ltr'><strong><em>ἤκουσας</em></strong></span> <span class='ocrx_word' id='word_1_116' title='bbox 1073 1709 1152 1797; x_wconf 88' lang='grc' dir='ltr'><strong><em>παρ’</em></strong></span> 
     </span>
     <span class='ocr_line' id='line_1_17' title="bbox 159 1807 1152 1899; baseline -0.006 -18"><span class='ocrx_word' id='word_1_117' title='bbox 159 1815 285 1893; x_wconf 81' lang='grc' dir='ltr'><strong><em>αὐτοῖς·</em></strong></span> <span class='ocrx_word' id='word_1_118' title='bbox 302 1813 388 1891; x_wconf 89' lang='grc' dir='ltr'><strong><em>είκός</em></strong></span> <span class='ocrx_word' id='word_1_119' title='bbox 400 1810 464 1898; x_wconf 86' lang='grc' dir='ltr'><strong><em>γάρ</em></strong></span> <span class='ocrx_word' id='word_1_120' title='bbox 476 1809 516 1897; x_wconf 88' lang='grc' dir='ltr'><strong><em>δή</em></strong></span> <span class='ocrx_word' id='word_1_121' title='bbox 529 1811 712 1896; x_wconf 89' lang='grc' dir='ltr'><strong><em>φιλόκαλον</em></strong></span> <span class='ocrx_word' id='word_1_122' title='bbox 723 1808 802 1878; x_wconf 84' lang='grc' dir='ltr'><strong><em>ὅντα</em></strong></span> <span class='ocrx_word' id='word_1_123' title='bbox 814 1831 851 1878; x_wconf 89' lang='grc' dir='ltr'><strong><em>σε</em></strong></span> <span class='ocrx_word' id='word_1_124' title='bbox 862 1813 966 1899; x_wconf 75' lang='grc' dir='ltr'><strong><em>μηδὲν</em></strong></span> <span class='ocrx_word' id='word_1_125' title='bbox 977 1818 1043 1878; x_wconf 84' lang='grc' dir='ltr'><strong><em>των</em></strong></span> <span class='ocrx_word' id='word_1_126' title='bbox 1055 1807 1152 1889; x_wconf 81' lang='grc' dir='ltr'><strong><em>άξίων</em></strong></span> 
     </span>
     <span class='ocr_line' id='line_1_18' title="bbox 157 1908 612 1998; baseline -0.018 -17"><span class='ocrx_word' id='word_1_127' title='bbox 157 1917 239 1991; x_wconf 85' lang='grc' dir='ltr'><strong><em>θέας</em></strong></span> <span class='ocrx_word' id='word_1_128' title='bbox 253 1908 275 1997; x_wconf 85' lang='grc' dir='ltr'><strong><em>ή</em></strong></span> <span class='ocrx_word' id='word_1_129' title='bbox 290 1909 391 1998; x_wconf 84' lang='grc' dir='ltr'><strong><em>άκοής</em></strong></span> <span class='ocrx_word' id='word_1_130' title='bbox 405 1917 612 1994; x_wconf 80' lang='grc' dir='ltr'><strong><em>παραλιπεῖν.</em></strong></span> 
     </span>
    </p>

    <p class='ocr_par' dir='ltr' id='par_1_6' title="bbox 158 2004 1156 2390">
     <span class='ocr_line' id='line_1_19' title="bbox 242 2004 1156 2094; baseline -0.001 -17"><span class='ocrx_word' id='word_1_131' title='bbox 242 2017 271 2077; x_wconf 88' lang='grc'><strong><em>3.</em></strong></span> <span class='ocrx_word' id='word_1_132' title='bbox 288 2017 401 2079; x_wconf 85' lang='grc' dir='ltr'><strong>ΜΕΝ.</strong></span> <span class='ocrx_word' id='word_1_133' title='bbox 414 2007 657 2094; x_wconf 70' lang='grc' dir='ltr'><strong><em>’Ῥαουργητέον</em></strong></span> <span class='ocrx_word' id='word_1_134' title='bbox 667 2011 719 2076; x_wconf 81' lang='grc' dir='ltr'><strong><em>καλ</em></strong></span> <span class='ocrx_word' id='word_1_135' title='bbox 731 2007 834 2075; x_wconf 76' lang='grc' dir='ltr'><strong><em>ταῦτά</em></strong></span> <span class='ocrx_word' id='word_1_136' title='bbox 846 2027 914 2076; x_wconf 92' lang='grc' dir='ltr'><strong><em>σοι·</em></strong></span> <span class='ocrx_word' id='word_1_137' title='bbox 930 2016 963 2076; x_wconf 92' lang='grc' dir='ltr'><strong><em>τί</em></strong></span> <span class='ocrx_word' id='word_1_138' title='bbox 970 2006 1034 2094; x_wconf 82' lang='grc' dir='ltr'><strong><em>γάρ</em></strong></span> <span class='ocrx_word' id='word_1_139' title='bbox 1046 2004 1089 2076; x_wconf 85' lang='grc' dir='ltr'><strong><em>άν</em></strong></span> <span class='ocrx_word' id='word_1_140' title='bbox 1101 2011 1156 2077; x_wconf 79' lang='grc' dir='ltr'><strong><em>καὶ</em></strong></span> 
     </span>
     <span class='ocr_line' id='line_1_20' title="bbox 158 2102 1156 2193; baseline -0.005 -16"><span class='ocrx_word' id='word_1_141' title='bbox 158 2109 263 2178; x_wconf 85' lang='grc' dir='ltr'><strong><em>πάθοι</em></strong></span> <span class='ocrx_word' id='word_1_142' title='bbox 277 2134 341 2193; x_wconf 86' lang='grc' dir='ltr'><strong><em>τις,</em></strong></span> <span class='ocrx_word' id='word_1_143' title='bbox 358 2103 458 2175; x_wconf 88' lang='grc' dir='ltr'><strong><em>ὁπότε</em></strong></span> <span class='ocrx_word' id='word_1_144' title='bbox 470 2113 565 2191; x_wconf 89' lang='grc' dir='ltr'><strong><em>φίλος</em></strong></span> <span class='ocrx_word' id='word_1_145' title='bbox 578 2102 664 2191; x_wconf 85' lang='grc' dir='ltr'><strong><em>άνήρ</em></strong></span> <span class='ocrx_word' id='word_1_146' title='bbox 677 2104 837 2192; x_wconf 73' lang='grc' dir='ltr'><strong><em>βιάζοιτο;</em></strong></span> <span class='ocrx_word' id='word_1_147' title='bbox 853 2108 906 2174; x_wconf 85' lang='grc' dir='ltr'><strong><em>καὶ</em></strong></span> <span class='ocrx_word' id='word_1_148' title='bbox 922 2103 961 2192; x_wconf 81' lang='grc' dir='ltr'><strong><em>δή</em></strong></span> <span class='ocrx_word' id='word_1_149' title='bbox 974 2107 1087 2192; x_wconf 78' lang='grc' dir='ltr'><strong><em>πρῶτά</em></strong></span> <span class='ocrx_word' id='word_1_150' title='bbox 1102 2125 1156 2172; x_wconf 94' lang='grc' dir='ltr'><strong><em>σοι</em></strong></span> 
     </span>
     <span class='ocr_line' id='line_1_21' title="bbox 158 2200 1156 2292; baseline -0.008 -16"><span class='ocrx_word' id='word_1_151' title='bbox 158 2213 259 2292; x_wconf 87' lang='grc' dir='ltr'><strong><em>δίειμι</em></strong></span> <span class='ocrx_word' id='word_1_152' title='bbox 279 2201 319 2272; x_wconf 88' lang='grc' dir='ltr'><strong><em>τά</em></strong></span> <span class='ocrx_word' id='word_1_153' title='bbox 341 2205 415 2288; x_wconf 79' lang='grc' dir='ltr'><strong><em>περὶ</em></strong></span> <span class='ocrx_word' id='word_1_154' title='bbox 433 2210 490 2290; x_wconf 80' lang='grc' dir='ltr'><strong><em>τῆς</em></strong></span> <span class='ocrx_word' id='word_1_155' title='bbox 505 2203 639 2288; x_wconf 76' lang='grc' dir='ltr'><strong><em>γνώμης</em></strong></span> <span class='ocrx_word' id='word_1_156' title='bbox 654 2209 711 2288; x_wconf 81' lang='grc' dir='ltr'><strong><em>τῆς</em></strong></span> <span class='ocrx_word' id='word_1_157' title='bbox 727 2204 805 2288; x_wconf 82' lang='grc' dir='ltr'><strong><em>ἐμῆς</em></strong></span> <span class='ocrx_word' id='word_1_158' title='bbox 821 2205 876 2269; x_wconf 79' lang='grc' dir='ltr'><strong><em>καὶ</em></strong></span> <span class='ocrx_word' id='word_1_159' title='bbox 891 2200 975 2270; x_wconf 79' lang='grc' dir='ltr'><strong><em>ὅθεν</em></strong></span> <span class='ocrx_word' id='word_1_160' title='bbox 993 2201 1156 2288; x_wconf 79' lang='grc' dir='ltr'><strong><em>ὡρμήθην</em></strong></span> 
     </span>
     <span class='ocr_line' id='line_1_22' title="bbox 158 2293 1155 2390; baseline -0.006 -19"><span class='ocrx_word' id='word_1_161' title='bbox 158 2304 240 2390; x_wconf 85' lang='grc' dir='ltr'><strong><em>πρὸς</em></strong></span> <span class='ocrx_word' id='word_1_162' title='bbox 259 2301 321 2390; x_wconf 88' lang='grc' dir='ltr'><strong><em>τήν</em></strong></span> <span class='ocrx_word' id='word_1_163' title='bbox 336 2302 533 2388; x_wconf 85' lang='grc' dir='ltr'><strong><em>κατάβασιν·</em></strong></span> <span class='ocrx_word' id='word_1_164' title='bbox 561 2297 624 2386; x_wconf 81' lang='grc' dir='ltr'><strong><em>έγοό</em></strong></span> <span class='ocrx_word' id='word_1_165' title='bbox 639 2299 721 2386; x_wconf 90' lang='grc' dir='ltr'><strong><em>γάρ,</em></strong></span> <span class='ocrx_word' id='word_1_166' title='bbox 743 2298 817 2387; x_wconf 86' lang='grc' dir='ltr'><strong><em>άχρι</em></strong></span> <span class='ocrx_word' id='word_1_167' title='bbox 834 2301 896 2387; x_wconf 75' lang='grc' dir='ltr'><strong><em>μὲν</em></strong></span> <span class='ocrx_word' id='word_1_168' title='bbox 910 2303 947 2367; x_wconf 87' lang='grc' dir='ltr'><strong><em>έν</em></strong></span> <span class='ocrx_word' id='word_1_169' title='bbox 965 2303 1081 2367; x_wconf 78' lang='grc' dir='ltr'><strong><em>παισὶν</em></strong></span> <span class='ocrx_word' id='word_1_170' title='bbox 1099 2293 1155 2386; x_wconf 81' lang='grc' dir='ltr'><strong><em>ἦν,</em></strong></span> 
     </span>
    </p>

    <p class='ocr_par' dir='ltr' id='par_1_7' title="bbox 87 2398 1157 3470">
     <span class='ocr_line' id='line_1_23' title="bbox 87 2398 1157 2489; baseline -0.012 -13"><span class='ocrx_word' id='word_1_171' title='bbox 87 2419 141 2476; x_wconf 81' lang='grc'><strong><em>459</em></strong></span> <span class='ocrx_word' id='word_1_172' title='bbox 159 2403 293 2474; x_wconf 90' lang='grc' dir='ltr'><strong><em>άκούων</em></strong></span> <span class='ocrx_word' id='word_1_173' title='bbox 303 2400 449 2489; x_wconf 87' lang='grc' dir='ltr'><strong><em>Ὁμήρου</em></strong></span> <span class='ocrx_word' id='word_1_174' title='bbox 463 2398 682 2468; x_wconf 84' lang='grc' dir='ltr'><strong><em>καλἩσιόδου</em></strong></span> <span class='ocrx_word' id='word_1_175' title='bbox 699 2402 863 2484; x_wconf 78' lang='grc' dir='ltr'><strong><em>πολέμους</em></strong></span> <span class='ocrx_word' id='word_1_176' title='bbox 874 2399 929 2466; x_wconf 82' lang='grc' dir='ltr'><strong><em>καὶ</em></strong></span> <span class='ocrx_word' id='word_1_177' title='bbox 941 2399 1070 2476; x_wconf 88' lang='grc' dir='ltr'><strong><em>στάσεις</em></strong></span> <span class='ocrx_word' id='word_1_178' title='bbox 1082 2402 1157 2483; x_wconf 87' lang='grc' dir='ltr'><strong><em>διη-</em></strong></span> 
     </span>
     <span class='ocr_line' id='line_1_24' title="bbox 157 2493 1156 2588; baseline -0.01 -18"><span class='ocrx_word' id='word_1_179' title='bbox 157 2504 332 2588; x_wconf 89' lang='grc' dir='ltr'><strong><em>γουμένων</em></strong></span> <span class='ocrx_word' id='word_1_180' title='bbox 348 2497 388 2566; x_wconf 89' lang='grc' dir='ltr'><strong><em>ού</em></strong></span> <span class='ocrx_word' id='word_1_181' title='bbox 409 2497 515 2584; x_wconf 90' lang='grc' dir='ltr'><strong><em>μόνον</em></strong></span> <span class='ocrx_word' id='word_1_182' title='bbox 529 2505 597 2564; x_wconf 78' lang='grc' dir='ltr'><strong><em>τόν</em></strong></span> <span class='ocrx_word' id='word_1_183' title='bbox 610 2495 776 2583; x_wconf 78' lang='grc' dir='ltr'><strong><em>ἡμιθέων,</em></strong></span> <span class='ocrx_word' id='word_1_184' title='bbox 798 2493 880 2565; x_wconf 85' lang='grc' dir='ltr'><strong><em>άλλά</em></strong></span> <span class='ocrx_word' id='word_1_185' title='bbox 895 2499 949 2564; x_wconf 81' lang='grc' dir='ltr'><strong><em>καὶ</em></strong></span> <span class='ocrx_word' id='word_1_186' title='bbox 964 2494 1075 2563; x_wconf 79' lang='grc' dir='ltr'><strong><em>αὐτῶν</em></strong></span> <span class='ocrx_word' id='word_1_187' title='bbox 1090 2493 1156 2580; x_wconf 81' lang='grc' dir='ltr'><strong><em>ἤδη</em></strong></span> 
     </span>
     <span class='ocr_line' id='line_1_25' title="bbox 157 2591 1156 2684; baseline -0.01 -16"><span class='ocrx_word' id='word_1_188' title='bbox 157 2608 225 2669; x_wconf 78' lang='grc' dir='ltr'><strong><em>τῶν</em></strong></span> <span class='ocrx_word' id='word_1_189' title='bbox 241 2607 348 2684; x_wconf 71' lang='grc' dir='ltr'><strong><em>θεοῖν,</em></strong></span> <span class='ocrx_word' id='word_1_190' title='bbox 365 2604 412 2665; x_wconf 83' lang='grc' dir='ltr'><strong><em>ἔτι</em></strong></span> <span class='ocrx_word' id='word_1_191' title='bbox 427 2597 462 2665; x_wconf 72' lang='grc' dir='ltr'><strong><em>δὲ</em></strong></span> <span class='ocrx_word' id='word_1_192' title='bbox 476 2598 530 2664; x_wconf 82' lang='grc' dir='ltr'><strong><em>καὶ</em></strong></span> <span class='ocrx_word' id='word_1_193' title='bbox 541 2603 684 2683; x_wconf 74' lang='grc' dir='ltr'><strong><em>μοιχείας</em></strong></span> <span class='ocrx_word' id='word_1_194' title='bbox 695 2594 805 2663; x_wconf 74' lang='grc' dir='ltr'><strong><em>αὐτῶν</em></strong></span> <span class='ocrx_word' id='word_1_195' title='bbox 819 2597 873 2664; x_wconf 85' lang='grc' dir='ltr'><strong><em>καὶ</em></strong></span> <span class='ocrx_word' id='word_1_196' title='bbox 887 2603 960 2683; x_wconf 80' lang='grc' dir='ltr'><strong><em>βίας</em></strong></span> <span class='ocrx_word' id='word_1_197' title='bbox 975 2598 1028 2663; x_wconf 81' lang='grc' dir='ltr'><strong><em>καὶ</em></strong></span> <span class='ocrx_word' id='word_1_198' title='bbox 1046 2591 1156 2679; x_wconf 84' lang='grc' dir='ltr'><strong><em>άρττα-</em></strong></span> 
     </span>
     <span class='ocr_line' id='line_1_26' title="bbox 157 2691 1157 2784; baseline -0.007 -20"><span class='ocrx_word' id='word_1_199' title='bbox 157 2696 219 2784; x_wconf 87' lang='grc' dir='ltr'><strong><em>γάς</em></strong></span> <span class='ocrx_word' id='word_1_200' title='bbox 238 2700 292 2764; x_wconf 82' lang='grc' dir='ltr'><strong><em>καὶ</em></strong></span> <span class='ocrx_word' id='word_1_201' title='bbox 308 2700 401 2773; x_wconf 89' lang='grc' dir='ltr'><strong><em>δίκας</em></strong></span> <span class='ocrx_word' id='word_1_202' title='bbox 421 2699 473 2762; x_wconf 85' lang='grc' dir='ltr'><strong><em>καὶ</em></strong></span> <span class='ocrx_word' id='word_1_203' title='bbox 490 2698 642 2778; x_wconf 81' lang='grc' dir='ltr'><strong><em>πατέρων</em></strong></span> <span class='ocrx_word' id='word_1_204' title='bbox 664 2694 824 2773; x_wconf 81' lang='grc' dir='ltr'><strong><em>ἐξελάσεις</em></strong></span> <span class='ocrx_word' id='word_1_205' title='bbox 845 2696 899 2761; x_wconf 82' lang='grc' dir='ltr'><strong><em>καὶ</em></strong></span> <span class='ocrx_word' id='word_1_206' title='bbox 919 2692 1074 2779; x_wconf 81' lang='grc' dir='ltr'><strong><em>άδελφῶν</em></strong></span> <span class='ocrx_word' id='word_1_207' title='bbox 1091 2691 1157 2777; x_wconf 85' lang='grc' dir='ltr'><strong><em>γά·</em></strong></span> 
     </span>
     <span class='ocr_line' id='line_1_27' title="bbox 157 2791 1157 2882; baseline -0.005 -20"><span class='ocrx_word' id='word_1_208' title='bbox 157 2821 257 2882; x_wconf 89' lang='grc' dir='ltr'><strong><em>μους,</em></strong></span> <span class='ocrx_word' id='word_1_209' title='bbox 272 2793 380 2862; x_wconf 91' lang='grc' dir='ltr'><strong><em>πάντα</em></strong></span> <span class='ocrx_word' id='word_1_210' title='bbox 394 2799 496 2860; x_wconf 86' lang='grc' dir='ltr'><strong><em>ταῦτα</em></strong></span> <span class='ocrx_word' id='word_1_211' title='bbox 510 2795 661 2880; x_wconf 73' lang='grc' dir='ltr'><strong><em>ἐνόμιζον</em></strong></span> <span class='ocrx_word' id='word_1_212' title='bbox 673 2793 756 2860; x_wconf 81' lang='grc' dir='ltr'><strong><em>εἶναι</em></strong></span> <span class='ocrx_word' id='word_1_213' title='bbox 770 2791 854 2861; x_wconf 87' lang='grc' dir='ltr'><strong><em>καλά</em></strong></span> <span class='ocrx_word' id='word_1_214' title='bbox 865 2797 919 2862; x_wconf 82' lang='grc' dir='ltr'><strong><em>καλ</em></strong></span> <span class='ocrx_word' id='word_1_215' title='bbox 931 2791 972 2861; x_wconf 87' lang='grc' dir='ltr'><strong><em>ού</em></strong></span> <span class='ocrx_word' id='word_1_216' title='bbox 983 2796 1157 2879; x_wconf 80' lang='grc' dir='ltr'><strong><em>παρέργως</em></strong></span> 
     </span>
     <span class='ocr_line' id='line_1_28' title="bbox 158 2891 1153 2983; baseline 0.002 -22"><span class='ocrx_word' id='word_1_217' title='bbox 158 2893 312 2980; x_wconf 81' lang='grc' dir='ltr'><strong><em>ἐκνόμην</em></strong></span> <span class='ocrx_word' id='word_1_218' title='bbox 326 2891 409 2976; x_wconf 81' lang='grc' dir='ltr'><strong><em>πρὸς</em></strong></span> <span class='ocrx_word' id='word_1_219' title='bbox 424 2893 508 2962; x_wconf 87' lang='grc' dir='ltr'><strong><em>αύτά</em></strong></span> <span class='ocrx_word' id='word_1_220' title='bbox 516 2922 523 2936; x_wconf 92' lang='grc'><em>·</em></span> <span class='ocrx_word' id='word_1_221' title='bbox 545 2899 614 2964; x_wconf 76' lang='grc' dir='ltr'><strong><em>ἐπεὶ</em></strong></span> <span class='ocrx_word' id='word_1_222' title='bbox 630 2899 666 2964; x_wconf 77' lang='grc' dir='ltr'><strong><em>δὲ</em></strong></span> <span class='ocrx_word' id='word_1_223' title='bbox 681 2903 726 2975; x_wconf 87' lang='grc' dir='ltr'><strong><em>είς</em></strong></span> <span class='ocrx_word' id='word_1_224' title='bbox 736 2895 860 2980; x_wconf 76' lang='grc' dir='ltr'><strong><em>ἄνδρας</em></strong></span> <span class='ocrx_word' id='word_1_225' title='bbox 874 2907 979 2966; x_wconf 88' lang='grc' dir='ltr'><strong><em>τελεῖν</em></strong></span> <span class='ocrx_word' id='word_1_226' title='bbox 991 2895 1153 2983; x_wconf 81' lang='grc' dir='ltr'><strong><em>ἠρξάμην,</em></strong></span> 
     </span>
     <span class='ocr_line' id='line_1_29' title="bbox 157 2985 1156 3080; baseline 0.002 -23"><span class='ocrx_word' id='word_1_227' title='bbox 157 2991 259 3058; x_wconf 89' lang='grc' dir='ltr'><strong><em>πάλιν</em></strong></span> <span class='ocrx_word' id='word_1_228' title='bbox 270 2985 314 3058; x_wconf 80' lang='grc' dir='ltr'><strong><em>αὖ</em></strong></span> <span class='ocrx_word' id='word_1_229' title='bbox 323 2994 471 3061; x_wconf 79' lang='grc' dir='ltr'><strong><em>ἐνταῦθα</em></strong></span> <span class='ocrx_word' id='word_1_230' title='bbox 479 2992 604 3080; x_wconf 85' lang='grc' dir='ltr'><strong><em>ήκουον</em></strong></span> <span class='ocrx_word' id='word_1_231' title='bbox 614 3001 681 3061; x_wconf 75' lang='grc' dir='ltr'><strong><em>τῶν</em></strong></span> <span class='ocrx_word' id='word_1_232' title='bbox 691 2995 805 3080; x_wconf 90' lang='grc' dir='ltr'><strong><em>νόμων</em></strong></span> <span class='ocrx_word' id='word_1_233' title='bbox 814 2993 970 3062; x_wconf 88' lang='grc' dir='ltr'><strong><em>τάναντία</em></strong></span> <span class='ocrx_word' id='word_1_234' title='bbox 981 3009 1048 3071; x_wconf 85' lang='grc' dir='ltr'><strong><em>τοῖς</em></strong></span> <span class='ocrx_word' id='word_1_235' title='bbox 1058 3019 1156 3079; x_wconf 88' lang='grc' dir='ltr'><strong><em>ποιη-</em></strong></span> 
     </span>
     <span class='ocr_line' id='line_1_30' title="bbox 156 3088 1156 3178; baseline 0.003 -23"><span class='ocrx_word' id='word_1_236' title='bbox 156 3102 226 3167; x_wconf 91' lang='grc' dir='ltr'><strong><em>ταῖς</em></strong></span> <span class='ocrx_word' id='word_1_237' title='bbox 243 3088 465 3175; x_wconf 89' lang='grc' dir='ltr'><strong><em>κελευόντων,</em></strong></span> <span class='ocrx_word' id='word_1_238' title='bbox 486 3091 567 3176; x_wconf 88' lang='grc' dir='ltr'><strong><em>μήτε</em></strong></span> <span class='ocrx_word' id='word_1_239' title='bbox 588 3092 754 3178; x_wconf 83' lang='grc' dir='ltr'><strong><em>μοιχεύειν</em></strong></span> <span class='ocrx_word' id='word_1_240' title='bbox 768 3091 850 3178; x_wconf 91' lang='grc' dir='ltr'><strong><em>μήτε</em></strong></span> <span class='ocrx_word' id='word_1_241' title='bbox 869 3093 1052 3174; x_wconf 82' lang='grc' dir='ltr'><strong><em>στασιάζειν</em></strong></span> <span class='ocrx_word' id='word_1_242' title='bbox 1074 3091 1156 3177; x_wconf 88' lang='grc' dir='ltr'><strong><em>μήτε</em></strong></span> 
     </span>
     <span class='ocr_line' id='line_1_31' title="bbox 156 3181 1154 3277; baseline 0.001 -25"><span class='ocrx_word' id='word_1_243' title='bbox 156 3181 324 3269; x_wconf 79' lang='grc' dir='ltr'><strong><em>ἁρπάζειν.</em></strong></span> <span class='ocrx_word' id='word_1_244' title='bbox 352 3189 389 3253; x_wconf 85' lang='grc' dir='ltr'><strong><em>έν</em></strong></span> <span class='ocrx_word' id='word_1_245' title='bbox 403 3189 528 3276; x_wconf 88' lang='grc' dir='ltr'><strong><em>μεγάλη</em></strong></span> <span class='ocrx_word' id='word_1_246' title='bbox 544 3181 607 3254; x_wconf 80' lang='grc' dir='ltr'><strong><em>οὖν</em></strong></span> <span class='ocrx_word' id='word_1_247' title='bbox 627 3187 859 3273; x_wconf 87' lang='grc' dir='ltr'><strong><em>καθειστήκειν</em></strong></span> <span class='ocrx_word' id='word_1_248' title='bbox 874 3187 1056 3277; x_wconf 81' lang='grc' dir='ltr'><strong><em>ἀμφιβολίᾳ</em></strong></span> <span class='ocrx_word' id='word_1_249' title='bbox 1070 3188 1154 3272; x_wconf 77' lang='grc' dir='ltr'><strong><em>μηδὲ</em></strong></span> 
     </span>
     <span class='ocr_line' id='line_1_32' title="bbox 157 3280 1155 3375; baseline 0 -25"><span class='ocrx_word' id='word_1_250' title='bbox 157 3281 251 3361; x_wconf 80' lang='grc' dir='ltr'><strong><em>είδως</em></strong></span> <span class='ocrx_word' id='word_1_251' title='bbox 270 3281 336 3352; x_wconf 87' lang='grc' dir='ltr'><strong><em>ότι</em></strong></span> <span class='ocrx_word' id='word_1_252' title='bbox 351 3292 535 3371; x_wconf 82' lang='grc' dir='ltr'><strong><em>χρησαίμην</em></strong></span> <span class='ocrx_word' id='word_1_253' title='bbox 557 3288 703 3375; x_wconf 76' lang='grc' dir='ltr'><strong><em>ἐμαυτῷ·</em></strong></span> <span class='ocrx_word' id='word_1_254' title='bbox 726 3284 803 3352; x_wconf 86' lang='grc' dir='ltr'><strong><em>ούτε</em></strong></span> <span class='ocrx_word' id='word_1_255' title='bbox 824 3285 889 3372; x_wconf 87' lang='grc' dir='ltr'><strong><em>γάρ</em></strong></span> <span class='ocrx_word' id='word_1_256' title='bbox 910 3283 952 3352; x_wconf 86' lang='grc' dir='ltr'><strong><em>άν</em></strong></span> <span class='ocrx_word' id='word_1_257' title='bbox 975 3311 1053 3358; x_wconf 89' lang='grc' dir='ltr'><strong><em>ποτε</em></strong></span> <span class='ocrx_word' id='word_1_258' title='bbox 1075 3280 1155 3363; x_wconf 86' lang='grc' dir='ltr'><strong><em>τούς</em></strong></span> 
     </span>
     <span class='ocr_line' id='line_1_33' title="bbox 154 3377 1152 3470; baseline 0.005 -22"><span class='ocrx_word' id='word_1_259' title='bbox 154 3377 258 3458; x_wconf 75' lang='grc' dir='ltr'><strong><em>θεοὺς</em></strong></span> <span class='ocrx_word' id='word_1_260' title='bbox 271 3389 443 3467; x_wconf 84' lang='grc' dir='ltr'><strong><em>μοιχεῦσαι</em></strong></span> <span class='ocrx_word' id='word_1_261' title='bbox 457 3386 511 3452; x_wconf 79' lang='grc' dir='ltr'><strong><em>καὶ</em></strong></span> <span class='ocrx_word' id='word_1_262' title='bbox 526 3384 699 3451; x_wconf 90' lang='grc' dir='ltr'><strong><em>στασιάσαι</em></strong></span> <span class='ocrx_word' id='word_1_263' title='bbox 714 3381 797 3466; x_wconf 87' lang='grc' dir='ltr'><strong><em>πρός</em></strong></span> <span class='ocrx_word' id='word_1_264' title='bbox 812 3382 975 3470; x_wconf 80' lang='grc' dir='ltr'><strong><em>ἀλλήλους</em></strong></span> <span class='ocrx_word' id='word_1_265' title='bbox 990 3381 1152 3470; x_wconf 82' lang='grc' dir='ltr'><strong><em>ἡγούμην.</em></strong></span> 
     </span>
    </p>
   </div>
   <div class='ocr_carea' id='block_1_3' title="bbox 0 0 1280 3825">
    <p class='ocr_par' dir='ltr' id='par_1_8' title="bbox 0 0 1280 3825">
     <span class='ocr_line' id='line_1_34' title="bbox 0 0 1280 3825; baseline 0 0"><span class='ocrx_word' id='word_1_266' title='bbox 0 0 1280 3825; x_wconf 95' lang='lat' dir='ltr'><strong><em> </em></strong></span> 
     </span>
    </p>
   </div>
  </div>
 </body>
</html>
