2550 3825
412 246 415 252 ·
509 219 708 278 ΑΛΙΕΥΣ.
1048 214 1110 280 267

107 369 215 458 άνδρα
229 373 283 438 καὶ
298 368 496 458 ἀνατίθεμαι
510 370 550 440 τὰ
565 376 838 462 κατηγορούμενα
852 380 907 446 καὶ
919 385 1019 465 φίλον
1034 403 1109 448 ποι-

107 478 209 558 οῶμαι
227 467 330 538 αὐτὸν
345 487 502 556 γενναῖον
517 470 606 540 ὄντα.

191 577 241 640 39.
266 578 355 639 ΦΙΛ.
385 563 438 639 Ed
451 598 505 658 γε,
527 566 553 639 ῶ
572 575 807 662 Παρρησιάδη·
837 573 977 663 ἀφίεμέν
999 600 1036 646 σε
1052 586 1110 666 τῆς

106 675 226 754 αἰτίας,
249 671 304 736 καὶ
320 683 390 747 ταῖς
405 670 525 749 πάσαις
541 687 672 756 κρατεῖς
684 675 739 740 καὶ
752 671 789 741 τὸ
804 673 924 743 λοιπὸν
939 686 1011 744 tom
1027 675 1110 764 ἡμέ-

105 793 199 853 τερος
216 765 272 834 ῶν.

189 872 312 934 ΠΑΡΡ.
342 865 583 952 Προσεκύνησα
600 868 663 953 τήν
682 894 721 952 γε
739 870 892 955 πρῶτην·
924 880 1051 956 μᾶλλον
1072 877 1109 941 δέ

105 964 349 1050 τραγικώτερον
363 960 444 1030 αὐτὸ
456 965 607 1050 ποιήσειν
619 990 676 1050 μοι
687 970 789 1034 δοκῶ·
812 969 1013 1054 σεμνότερον
1023 971 1108 1055 γάρ·

312 1053 339 1128 ῶ
353 1063 436 1146 μέγα
451 1059 554 1148 σεμνή
572 1070 680 1150 Νίκη,
697 1062 758 1132 τὸν
774 1064 855 1151 ἐμὸν

311 1165 424 1246 βίοτον
438 1162 584 1245 κατέχοις

310 1259 363 1323 καὶ
379 1254 422 1343 μή
438 1257 552 1343 λήγοις
566 1265 788 1343 στεφανοῦσα.

189 1363 314 1424 ΑΡΕΤ.
347 1352 483 1422 Οὐκοῦν
504 1359 663 1439 δευτέρου
679 1367 841 1443 κρατῆρος
857 1358 920 1446 ήδη
937 1357 1109 1444 καταργῶ-

104 1464 203 1541 μεθα,
214 1459 454 1538 προσκαλῶμεν
464 1450 650 1538 κάκείνους,
662 1450 706 1533 ῶς
716 1458 812 1541 δίκην
822 1454 1014 1542 ὑπόσχωσιν
1025 1454 1105 1524 ἄνθ’

105 1545 155 1620 ῶν
176 1555 208 1630 ἐς
236 1548 322 1637 ὑμᾶς
345 1548 533 1638 ὑβρίζουσι·
572 1551 790 1637 κατηγορήσει
815 1553 852 1620 δὲ
872 1555 1108 1640 Παρρησιάδης

106 1651 255 1718 ἑκάστου.

187 1755 310 1816 ΠΑΡΡ.
339 1745 482 1833 Ὀρθῶς,
509 1739 686 1833 οἷἈρετή,
712 1752 839 1827 ἔλεξας·
869 1747 953 1816 ῶστε
967 1750 1026 1835 σά,
1048 1764 1111 1816 παῖ

105 1849 330 1933 Συλλογισμέ,
356 1846 548 1928 κατακύψας
569 1848 601 1924 ές
622 1842 660 1915 τὸ
678 1844 762 1915 άστυ
782 1847 1010 1935 προσκήρυττε
1028 1845 1108 1925 τούς

106 1945 323 2031 φιλοσόφους.

186 2048 237 2109 40.
259 2048 389 2109 ΣΡΛΛ.
402 2038 541 2124 Ἄκουε,
552 2048 643 2127 σίγα·
660 2040 739 2119 τούς
750 2045 958 2130 φιλοσόφους
968 2041 1063 2129 ήκειν
1074 2046 1107 2121 ές

105 2140 287 2226 άκρόπολιν
302 2138 613 2227 ἀπολογησομένους
623 2144 676 2209 ἐπὶ
687 2149 745 2228 τῆς
756 2140 887 2229 Ἀρετής
898 2146 953 2210 καὶ
964 2151 1107 2210 Φιλοσο-

104 2246 183 2327 φίας
196 2241 251 2307 καὶ
265 2244 378 2326 Δίκης.

188 2344 311 2405 ΠΑΡΡ.
332 2334 447 2427 ’ορᾷς;
468 2336 574 2422 ὀλίγοι
595 2340 812 2425 συνέρχονται
827 2337 1105 2424 γνωρίσαντες-τὰ

103 2439 274 2524 κήρυγμα·
302 2433 408 2513 άλλως
427 2431 492 2520 γάρ
516 2438 641 2505 δεδίασι
656 2435 718 2523 τήν
733 2444 852 2523 Δίκην.
881 2443 916 2507 οί
933 2441 1049 2507 πολλοὶ
1070 2441 1106 2506 δὲ

103 2537 216 2607 αὐτον
230 2532 309 2603 οὐδὲ
325 2531 448 2621 σχολήν
463 2532 604 2620 άγουσιν
621 2534 706 2623 άμφλ
721 2533 800 2616 τους
814 2543 995 2617 πλουσίους
1010 2544 1104 2623 έχον-
1122 2557 1174 2613 609

102 2663 165 2715 τες.
189 2641 219 2704 εί
233 2635 270 2703 δὲ
285 2635 401 2722 βούλει
415 2632 542 2712 πάντας
554 2631 667 2721 ήκειν,
684 2633 767 2703 κατά
784 2637 879 2722 τάδε,
897 2629 1106 2723 ῶΣυλλογι-

103 2739 180 2822 σμέ,
198 2736 347 2821 κήρυττε.
617 2736 621 2747 ’

188 2841 277 2902 ΦΙΛ.
300 2837 488 2920 Μηδαμῶς,
511 2832 594 2903 άλλά
616 2832 677 2918 σύ,
699 2826 977 2921 ῶΠαρρησιάδη,
1000 2857 1106 2920 προσ-

102 2933 195 3001 κάλει
213 2928 294 2999 καθ’
311 2929 376 2997 ὅτι
391 2950 444 2997 σοι
461 2935 560 2998 δοκεῖ.

185 3038 237 3101 41.
253 3038 378 3099 ΠΑΡΡ.
397 3028 507 3099 Οὐδὲν
517 3032 593 3099 τόδε
603 3030 756 3117 χαλεπόν.
771 3030 908 3117 Ἀκονε,
923 3040 1008 3118 σίγα.
1031 3033 1105 3101 ὅσοι

103 3132 284 3218 φιλόσοφοι
299 3129 384 3199 εἶναι
396 3135 529 3217 λέγουσι
539 3134 594 3199 καὶ
609 3128 683 3198 ὅσοι
697 3130 878 3215 προσήκειν
890 3127 1001 3209 αὐτοῖς
1013 3140 1105 3200 οίου-

102 3258 154 3300 ται
167 3238 228 3298 τοῦ
243 3228 422 3317 ὀνόματος,
436 3228 532 3317 ήκειν
546 3232 579 3308 ές
592 3227 775 3312 ἀκρόπολιν
787 3232 839 3299 ἐπὶ
852 3227 915 3316 τήν
929 3231 1103 3317 διανομήν.

103 3329 164 3398 δύο
181 3345 264 3417 μναῖ
274 3332 399 3421 ἑκάστφ
411 3330 613 3416 δοθήσονται
627 3332 681 3397 καὶ
693 3344 874 3415 σησαμαῖος
884 3337 1047 3409 πλακοῦς·
1069 3328 1106 3409 ὃς

102 3426 135 3497 δ’
150 3423 195 3497 ῶν
205 3430 352 3515 πῶγυνα
362 3427 478 3512 βαθὺν
492 3431 707 3515 ἐπιδείξηται,
725 3431 779 3497 καὶ
790 3429 950 3516 παλάθην
959 3431 1105 3515 ἰσχάδων
