2550 3825
181 160 221 225 10
534 166 824 225 ΛΟΤΚΙΑΝΟΥ

182 332 314 407 ρεσθαι,
336 319 377 388 οὐ
400 326 525 401 συνιεὶς
547 322 590 401 ὡς
612 322 700 391 πολὺ
720 322 933 412 ἀμορφότερα
955 323 995 393 τά
1017 325 1099 412 μετά
1118 332 1177 395 τοῦ

173 418 393 503 1ξένουταύτδ
408 422 613 489 πεπονθότα.
658 426 689 489 4.
709 430 913 509 Πτολεμαῖος
926 433 1012 509 γοῦν
1027 451 1045 491 ο
1061 424 1176 510 Λάγον

181 521 243 588 δύο
259 517 358 586 καινά
380 522 413 599 ές
426 530 600 606 Αἴγυπτον
616 519 725 607 άγων,
747 519 899 607 κάμηλόν
919 548 954 588 τε
967 520 1178 609 Βακτριανὴν
1264 579 1265 582 ι

181 621 413 704 παμμέλαιναν
436 621 490 686 καὶ
512 624 679 703 δίχρωμον
699 618 894 703 ἄνθρωπον,
918 617 963 697 ὡς
975 646 1012 687 το
1030 647 1092 705 μεν
1108 618 1179 707 ἡμί-

181 744 284 804 τομον
299 715 404 785 αὐτοῦ
419 716 564 804 ἀκριβῶς
578 720 682 802 μέλαν
698 714 793 799 εἶναι,
810 743 846 784 το
859 716 891 784 δ’
905 721 1019 802 ἕτερον
1030 722 1063 797 ές
1074 717 1179 804 ὑπερ-

181 813 287 904 βολὴν
301 816 439 902 λευκόν,
456 814 503 883 ἐπ’
522 826 594 902 ἴσης
610 816 645 882 δέ
662 819 914 903 μεμερισμένον,
932 820 965 896 ἐς
979 844 1017 886 το
1034 821 1178 904 θέατρον

183 914 385 1002 συναγαγιύν
406 912 484 994 τούς
505 920 711 1000 Αἰγυπτίους
732 915 943 982 ἐπεδείκνυτο
965 914 1077 995 αὐτοῖς
1097 916 1179 987 α”λλα

127 1027 162 1081 29
182 1042 216 1083 τε
231 1012 337 1083 πολλὰ
353 1014 504 1099 θεάματα
520 1016 575 1081 καὶ
587 1010 624 1079 τό
641 1019 830 1079 τελευταῖον
845 1015 1028 1083 καὶταῦτα.
1045 1012 1107 1100 τόν
1117 1016 1180 1082 κά-

182 1122 288 1201 μηλον
312 1116 367 1181 καὶ
388 1111 448 1181 τόν
470 1110 652 1199 ἡμίλευκον
666 1107 867 1197 ἄνθρωπον,
889 1138 945 1179 και
961 1110 1042 1203 ᾤετο
1058 1112 1176 1190 εκπλό-
1261 1136 1265 1159 ³

183 1218 252 1294 ξειν
268 1221 314 1301 τῷ
329 1214 481 1298 θεάματι.
503 1216 536 1279 οἱ
551 1213 587 1277 δὲ
598 1207 682 1293 πρός
695 1208 757 1292 μέν
770 1206 832 1294 τὴν
845 1210 996 1297 κάμηλον
1006 1214 1180 1299 εφορηθν-

183 1332 247 1379 σαν
261 1313 315 1379 καὶ
329 1310 446 1398 ὀλίγον
461 1314 532 1379 δεῖν
547 1315 678 1395 ἔφυγον
693 1304 931 1393 άναθορόντες,
945 1313 1051 1377 καίτοι
1067 1316 1179 1397 ηρυσεί

183 1418 272 1478 πᾶσα
287 1410 488 1496 ἐκεκόσμητο
511 1408 567 1476 καὶ
588 1404 762 1491 ἁλουργίδι
777 1408 960 1490 ἐπέστρωτο
981 1434 1036 1475 και
1053 1435 1071 1475 ο
1086 1417 1181 1495 χαλι-

182 1506 241 1587 νός
253 1501 299 1595 ἦν
310 1508 557 1593 λιθοκόλλητος,
573 1513 722 1590 Δαρείου
737 1503 827 1582 τινὸς
842 1500 862 1591 ἦ
873 1506 1060 1591 Καμβύσου
1073 1502 1095 1592 ἦ
1106 1505 1183 1575 Κό-

183 1635 245 1693 ρου
259 1604 365 1674 αὐτοῦ
387 1606 574 1693 κειμήλιον·
596 1603 680 1689 πρός
707 1607 743 1671 δὲ
768 1602 828 1671 τόν
853 1603 1038 1690 άνθρωπον
1061 1611 1096 1675 ol
1117 1622 1183 1693 μέν

182 1707 299 1774 πολλοὶ
316 1706 457 1789 ἐγέλων,
480 1708 514 1771 ολ
534 1706 574 1771 δέ
585 1728 674 1781 τινες
688 1701 732 1782 ὡς
749 1705 801 1771 ἐπὶ
816 1704 925 1787 τέρατι
941 1705 1181 1790 ἐμυσάττοντο·

184 1804 268 1872 όίστε
281 1801 299 1870 ὁ
313 1810 518 1887 Πτολεμαῖος
535 1803 647 1879 συνεὶς
662 1800 712 1869 ότι
729 1800 791 1869 οὐκ
808 1800 978 1889 εὐδοκιμεῖ
996 1801 1048 1871 ἐπ’
1069 1801 1184 1883 αὐτοῖς

184 1900 262 1971 οὐδὲ
276 1901 480 1987 θαυμάζεται
499 1897 564 1968 ὑπό
580 1907 648 1968 τῶν
663 1908 856 1988 Αἰγυπτίων
871 1899 892 1990 ἡ
907 1905 1073 1991 καινότης,
1095 1900 1180 1972 ἀλλὰ

181 1999 245 2087 πρό
261 1998 361 2088 αὐτῆς
377 1997 415 2066 τό
432 1998 606 2085 εὔρυθμον
622 2002 677 2068 καὶ
691 1999 728 2069 τό
741 2001 914 2088 εὔμορφον
925 2009 1089 2089 κρίνουσι,
1102 2028 1182 2088 μετ-

181 2102 318 2186 έστησεν
332 2094 416 2164 αὐτά
432 2101 487 2164 καὶ
502 2096 572 2182 [τόν
587 2097 783 2185 ἄνθρωπον]
799 2099 910 2168 οὐκέτι
921 2099 976 2168 διά
991 2107 1085 2187 τιμῆς
1097 2093 1181 2185 ἦγεν

182 2197 226 2278 αἱς
239 2196 304 2283 πρὸ
321 2205 398 2265 τοῦ·
420 2195 495 2265 ἄλλ’
511 2195 531 2283 ἡ
547 2200 608 2282 μέν
622 2198 768 2284 κάμηλος
779 2196 1183 2285 άπέθανενάμελουμένη,

127 2321 162 2375 30
182 2296 242 2366 τόν
256 2296 441 2382 άνθρωπον
456 2295 492 2364 δέ
505 2293 566 2363 τόν
583 2297 694 2364 διττὸν
710 2301 847 2364 Θέσπιδι
856 2305 902 2387 τῷ
914 2296 1038 2386 αὐλητῇ
1053 2299 1186 2383 ἐδωρή-

182 2418 260 2465 σατο
277 2403 386 2475 καλῶς
401 2392 582 2482 αὐλήσαντι
596 2393 687 2480 παρά
704 2393 765 2463 τόν
779 2395 892 2463 πότον.
938 2403 967 2464 5.
994 2399 1128 2464 δέδοικα
1144 2397 1187 2464 δὲ

181 2493 224 2582 μὴ
241 2497 296 2562 καὶ
310 2491 437 2580 τούμόν
451 2495 596 2579 κάμηλος
610 2497 647 2561 έν
658 2500 852 2579 Αἰγυπτίοις
865 2487 898 2582 ᾖ,
914 2500 947 2562 οί
956 2496 992 2562 δέ
1003 2493 1187 2581 άνθρωποι

181 2590 242 2661 τόν
255 2590 393 2678 χαλινόν
415 2599 462 2660 ἐτι
486 2591 587 2679 αὐτῆς
607 2592 804 2678 θαυμάζωσι
825 2595 880 2660 καλ
902 2591 964 2680 τὴν
984 2591 1187 2679 ἁλουργίδα,

182 2689 293 2778 ἐπειδὴ
308 2688 434 2758 οὐδὲτὸ
447 2693 482 2758 ἐκ
495 2695 592 2759 δυσίν
602 2707 674 2760 τοῖν
684 2698 873 2760 καλλίστοιν
884 2701 1094 2778 συγκεῖσθαι,
1106 2696 1189 2759 δια-

182 2790 288 2876 λόγου
302 2792 357 2857 καλ
373 2794 557 2879 κωμωδίας,
572 2788 759 2859 οὐδὲτοῦτο
776 2788 904 2876 άπόχρη
921 2796 967 2868 είς
982 2789 1188 2878 εὐμορφίαν,

92 2955 96 2962 ,
184 2894 214 2956 εί
226 2887 271 2974 μὴ
286 2885 376 2976 καὶὴ
395 2892 480 2974 μίξις
495 2889 693 2975 ἐναρμόνιος
707 2891 762 2957 καὶ
776 2887 860 2957 κατά
874 2886 910 2957 τό
925 2889 1116 2975 σύμμετρον
1128 2902 1177 2974 γε’*

182 3012 313 3074 γνοιτο·
337 2992 406 3055 ἐστι
420 2994 507 3074 γοῦν
521 2989 557 3054 ἐκ
574 2989 636 3054 δύο
651 2997 764 3057 καλῶν
778 2987 962 3058 άλλόκοτον
975 2985 1036 3074 τὴν
1051 2989 1177 3076 ξυνθή·

182 3111 246 3172 κην
262 3084 357 3170 εἶναι,
374 3080 447 3153 οἷον
461 3087 567 3154 ἐκεῖνο
583 3085 620 3154 τὸ
637 3088 903 3173 προχειρότατον,
922 3086 939 3155 ὁ
957 3090 1195 3155 ἱπποκένταυ-

181 3209 254 3271 ρος·
274 3181 394 3271 οὐγὰρ
412 3179 456 3252 άν
467 3192 567 3272 φαίης
578 3187 758 3268 ἐπέραστόν
768 3214 799 3254 τι
814 3193 898 3277 ζῷον
907 3190 999 3255 τουτὶ
1008 3191 1194 3277 γενέσθαι,

130 3301 164 3357 31
183 3281 266 3353 άλλά
283 3285 338 3354 καὶ
354 3283 604 3372 ὑβριστότατον,
622 3291 652 3353 ελ
660 3283 721 3372 χρη
735 3285 905 3353 πιστεύειν
915 3300 984 3364 τοις
994 3291 1195 3371 ζωγραφοις

179 3387 462 3469 ἐπιδεικνυμένοις
489 3381 548 3463 τάς
570 3390 742 3470 παροινίας
762 3386 817 3452 καὶ
843 3381 976 3467 σφαγάς
1001 3381 1124 3452 αὐτων.
1154 3407 1197 3458 τι
