2550 3825
171 185 292 241 HEPJ
314 182 414 239 ΤΩΝ
434 182 525 238 Em
543 182 711 240 ΜΙΣΘΩ
733 180 1021 241 ΣΥΝΟΝΤΩΝ.
1050 177 1112 239 303

109 342 218 429 δεήσει
234 335 389 408 κάκεῖνον
404 344 524 427 ζηλοῦν
543 343 597 407 καὶ
613 341 802 426 μανθάνειν
819 347 879 406 τοῦ
896 344 1034 408 δείπνου
1051 343 1112 426 τήν

108 438 323 506 ἀκολουθίαν.
359 442 408 505 16.
433 434 473 504 τὰ
495 435 528 504 δ’
552 435 635 504 άλλα
661 444 810 515 ποικίλος
831 435 862 504 εἰ
880 439 935 505 καὶ
956 438 1112 524 θορύβου

108 539 213 614 πλέως
227 534 289 621 τήν
304 535 431 621 ψυχήν,
448 532 531 618 πρὸς
548 537 668 601 ἕκαστα
683 542 750 602 τῶν
764 538 998 621 πραττομένων
1014 538 1111 602 ἐκπε-

108 635 310 720 πληγμένος,
325 631 468 718 καῖάρτι
478 633 541 719 μὲν
553 630 789 718 εὐδαιμονίζεις
803 631 862 700 τὸν
875 633 1039 701 πλούσιον
1051 639 1111 699 τοῦ

107 739 235 817 χρυσοῦ
249 734 302 799 καὶ
315 739 377 798 τοῦ
388 736 566 817 έλέφαντος
580 733 634 798 καὶ
645 738 702 815 τῆς
713 732 875 816 τοσαύτης
885 738 1024 817 τρυφής,
1036 729 1111 813 άρτι

109 833 145 898 δὲ
160 836 329 915 οἰκτείρεις
343 831 500 916 σεαυτόν,
517 825 560 906 ὥς
576 827 612 896 τό
628 829 733 914 μηδὲν
748 825 796 896 ύν
811 828 878 896 εἰτα
893 824 1112 914 ζήνύπολαμ-

108 930 238 1016 βαίνεις,
256 931 361 996 ε’νίοτε
375 932 411 995 δὲ
422 926 555 996 κάκεῖνο
567 930 745 1012 εἰσέρχεταί
755 949 809 1012 σε,
827 924 870 1004 ὡς
882 926 1027 1013 ζηλωτόν
1037 953 1111 993 τινα

108 1026 214 1115 βιύση
227 1023 287 1093 τόν
301 1033 376 1113 βίον
391 1025 516 1094 άπασιν
536 1028 673 1103 ἐκείνοις
694 1027 914 1112 ἐντρυφήσων
934 1027 988 1092 καὶ
1008 1028 1110 1110 μεθέ-

109 1129 175 1204 ξων
189 1121 301 1192 αὐτόν
315 1127 348 1204 ἐξ
360 1130 529 1210 ἰσοτιμίας.
551 1133 613 1191 οίει
626 1121 691 1210 γάρ
704 1126 804 1190 εἰσαεὶ
813 1124 980 1190 Διονύσια
993 1121 1109 1207 ἑορτά-

108 1242 196 1308 σειν,
211 1228 269 1290 καί
277 1247 344 1289 που
358 1225 412 1290 καὶ
426 1222 580 1309 μειράκια
592 1217 696 1306 ὡραῖα
706 1221 951 1307 διακονούμενα
965 1223 1020 1288 καλ
1033 1218 1111 1306 ήρέ-

108 1347 153 1407 μα
176 1324 441 1407 προσμειδιῶντα
470 1320 732 1404 γλαφυρωτέραν
758 1315 948 1406 ὑπογράφει
971 1338 1024 1385 σοι
1048 1316 1110 1403 τήν

108 1422 293 1505 μέλλουσαν
305 1417 494 1505 διατριβήν,
515 1415 597 1484 ὥστε
609 1415 799 1503 συνεχῶςτό
812 1414 990 1502 Ὁμηρικόν
1004 1419 1109 1483 έκεῖνο

109 1521 384 1604 ἐπιφθέγγεσθαι,
791 1561 797 1568 -

213 1616 254 1684 ού
268 1619 398 1702 νέμεσις
417 1623 532 1702 Τρῶας
546 1618 600 1684 καὶ
616 1616 818 1701 ἐϋκνήμιδας
830 1612 978 1699 Ἀχαιούς

109 1711 213 1782 πολλά
228 1727 344 1782 πονεῖν
356 1717 409 1782 καί
419 1713 599 1800 ὑπομένειν
611 1711 696 1800 ὑπὲρ
707 1720 764 1799 τῆς
776 1714 938 1798 τοσαύτης
950 1711 1106 1800 εύδαιμο·
1125 1734 1177 1789 672

107 1820 189 1890 νίας.
222 1820 410 1897 φιλοτησίαι
431 1811 468 1880 τό
491 1815 543 1880 ἐπὶ
563 1813 687 1901 τούτῳ,
712 1813 764 1878 καί
788 1811 922 1897 σκύφον
943 1810 1108 1898 εύμεγέθη

106 1907 180 1976 τινά
202 1908 335 1996 αἰτήσας
356 1908 501 1996 προύπιέ
517 1934 569 1980 σοι
589 1919 634 2002 τῷ
659 1911 864 2002 διδασκάλῳ,
889 1905 912 1997 ή
934 1907 1108 2000 ὁτιδήποτε

108 2006 314 2090 προσειπών·
337 2004 380 2072 οὐ
398 2007 433 2074 δὲ
450 2008 577 2095 λαβών,
594 2007 643 2075 ὅτι
658 2011 720 2093 μέν
731 2016 764 2076 τί
775 2028 812 2075 σε
826 2011 880 2075 καὶ
894 2006 998 2077 αὐτόν
1012 2007 1109 2077 ὑπει-

108 2119 182 2171 πεῖν
198 2109 264 2172 έδει
279 2102 445 2191 ήγνόησας
461 2103 521 2172 ὑπ’
544 2104 710 2191 ἀπειρίας,
739 2109 794 2173 καὶ
814 2105 983 2192 ἀγροικίας
1006 2110 1108 2188 δόξαν

109 2196 224 2289 ὦφλες.
246 2207 296 2271 17.
314 2205 498 2287 ἐπίφθονος
509 2200 539 2269 δ’
554 2197 617 2269 οὖν
629 2201 694 2269 άπό
706 2211 763 2288 τῆς
774 2204 968 2288 προπόσεως
982 2208 1108 2290 ἐκείνης

108 2308 241 2378 πολλοῖς
258 2307 326 2367 των
338 2306 488 2367 παλαιῶν
505 2306 612 2385 φίλων
622 2302 799 2385 γεγένησαι
812 2303 867 2367 καί
881 2302 1045 2387 πρότερον
1056 2305 1108 2369 ἐπὶ

107 2407 147 2488 τή
162 2403 350 2466 κατακλίσει
367 2396 533 2482 ἐλύπησάς
548 2422 640 2475 τινας
655 2395 783 2482 αὐτῶν,
801 2396 851 2465 ὅτι
862 2398 1005 2485 τήμερον
1015 2398 1108 2486 ήκων

107 2494 315 2584 προύκρίθης
330 2492 464 2577 άνδρων
478 2502 620 2581 πολυετῆ
636 2500 792 2563 δουλείαν
807 2494 1030 2583 ήντληκότων.
1052 2494 1108 2563 εύ-

106 2594 173 2675 θύς
196 2587 260 2663 οὖν
284 2596 339 2662 καὶ
362 2593 511 2673 τοιοῦτός
534 2621 583 2673 τις
609 2597 646 2661 έν
671 2592 783 2673 αὐτοῖς
803 2598 879 2681 περὶ
905 2602 968 2663 σοῦ
993 2596 1107 2682 λόγος·

110 2700 216 2762 Τοῦτο
236 2689 331 2780 ήμῶν
347 2706 414 2770 τοῖς
429 2690 542 2770 ἄλλοις
562 2697 684 2771 δεινοῖς
698 2696 858 2778 ἐλείπετο,
879 2698 932 2761 καί
949 2702 1017 2762 των
1033 2694 1107 2780 άρτι

107 2790 361 2877 έσεληλυθότων
375 2793 407 2868 ές
422 2788 484 2877 τήν
499 2797 606 2859 οἰκίαν
622 2794 799 2874 δευτέρους
813 2790 913 2859 εἰναι·
942 2800 1013 2879 καί,
1029 2795 1107 2861 Μό-

107 2916 177 2968 νοις
197 2903 265 2966 τοῖς
284 2886 417 2973 Ἕλλησι
437 2888 567 2967 τούτοις
588 2890 748 2980 άνέφκται
771 2887 792 2976 ή
814 2887 979 2977 Ῥωμαίων
1000 2892 1095 2971 πόλις

106 2993 212 3054 καίτοι
227 2992 260 3053 τί
272 2988 362 3052 ἐστιν
376 2984 430 3072 ἐφ’
450 2985 514 3077 ὅτφ
534 2994 758 3073 προτιμῶνται
772 2984 884 3073 ἡμων;
907 2986 948 3055 ού
965 2989 1107 3076 ῥημάτια

107 3084 254 3169 δύστηνα
271 3083 421 3167 λέγοντες
441 3093 570 3153 οἰονταί
586 3113 617 3153 τι
640 3090 849 3171 παμμέγεθες
871 3085 1027 3169 ωφελεῖν;
1049 3087 1109 3154 άλ-
1164 3094 1167 3097 ’

107 3191 162 3259 λος
182 3184 234 3266 δέ,
258 3178 309 3248 Ού
322 3179 387 3266 γάρ
405 3180 487 3260 εἶδες
503 3180 565 3250 ὅσα
579 3186 642 3269 μέν
656 3190 767 3269 ἔπιεν,
789 3182 878 3261 ὅπως
893 3183 929 3250 δέ
946 3181 985 3250 τά
1001 3208 1108 3267 παρα-

107 3281 246 3345 τεθέντα
265 3276 442 3365 συλλαβων
462 3284 664 3368 κατέφαγεν;
686 3280 905 3369 ἀπειρόκαλος
928 3280 1108 3367 άυθρωπος

107 3377 161 3443 καὶ
175 3383 275 3463 λιμοῦ
290 3379 411 3463 πλέως,
427 3374 501 3443 οὐδ’
518 3375 601 3465 όναρ
613 3386 735 3448 λευκοῦ
748 3405 826 3448 ποτε
840 3379 944 3466 άρτου
960 3382 1108 3467 ἐμφορη-
