2550 3825
127 191 255 247 ΥΠΕΡ
272 194 367 252 TOY
380 197 445 254 EN
466 197 528 254 ΤΗ
544 198 749 256 ΠΡΟΣΑΓ.
766 199 1044 258 ΠΤΑΙΣΜΑΤ.
1065 197 1127 258 331

124 351 179 418 καὶ
197 349 215 416 6
232 352 401 440 Φιλήμων,

250 455 329 516 αἰτῶ
345 447 375 516 δ’
393 449 522 536 ὑγίειαν
539 461 690 538 πρῶτον,
708 450 767 519 εἰτ’
783 451 974 538 εὐπραξίαν,

249 556 361 666 τρίτον
375 552 411 617 δὲ
425 559 568 637 χαίρειν,
584 549 641 620 εἶτ’
658 550 805 638 ὀφείλειν
819 558 947 638 μηδενί.

124 643 142 711 6
159 644 300 732 μὲνγὰρ
315 643 352 713 τό
367 649 503 716 σκόλιον
515 649 662 736 γράψας,
678 643 721 718 ού
731 677 785 717 και
774 649 940 717 Πλάτων
954 651 1126 734 μέμνηται,
1145 663 1194 719 733

124 751 157 810 τί
167 746 222 811 καὶ
237 736 334 822 ούτός
349 767 469 830 φησιν,
484 744 662 839 Ὑγιαίνειν
672 746 770 832 μὲν”
747 765 902 831 αριστον,
917 771 954 812 το
944 742 1126 828 δεύτερον

4 929 8 934 .
77 931 80 934 Ι
123 839 228 910 καλόν
240 846 416 959 γενέσβαι,
437 852 549 928 τρίτον
565 847 600 913 δὲ
620 853 794 929 πλουτεῖν,
817 849 878 959 τμύ
892 847 1020 928 χαίρειν
1035 837 1127 908 δὲτὸ

123 938 282 1024 παράπαν
294 937 368 1005 οὐκ
388 939 597 1024 ἐμνήσθη,“
582 966 639 1006 ινα
661 960 715 1008 σοι
740 937 784 1025 μὴ
809 937 846 1006 τό
868 939 1127 1024 γνωριμώτατον

123 1039 231 1104 ἐκεῖνο
245 1033 298 1104 καλ
314 1046 394 1104 πᾶσι
410 1035 465 1104 διὰ
481 1038 643 1122 στόματος
654 1040 750 1123 λε’γω,

249 1134 376 1221 ὑγίεια,
391 1141 570 1222 πρεσβίστα
585 1137 761 1220 μακάρων,
778 1132 860 1220 μετὰ
873 1140 935 1200 σεῦ
947 1139 1073 1218 ναίοιμι
1088 1129 1126 1198 τό

738 1233 938 1318 λειπόμενον

249 1338 378 1418 βιοτᾶς·

124 1429 207 1496 ὥστε
225 1435 255 1496 εί
273 1437 452 1517 πρεσβίστη
471 1433 560 1500 ἐστὶν
575 1429 701 1517 ὑγίεια,
726 1433 780 1498 καὶ
802 1429 953 1518 τὸέργον
973 1426 1074 1514 αὐτῆς
1088 1425 1125 1495 τό

123 1526 289 1613 ὑγιαίνειν
303 1533 504 1614 προτακτέον
525 1535 592 1596 τεόν
613 1527 724 1596 ἄλλων
740 1526 889 1614 άγαθων.
924 1532 953 1596 7.
974 1533 1076 1613 μυρία
1090 1524 1127 1591 δὲ

124 1629 179 1694 καὶ
193 1624 276 1693 ἄλλα
292 1631 329 1694 ἔκ
342 1652 378 1694 τε
389 1651 536 1714 ποιητων
552 1629 607 1725 καὶ
622 1629 845 1746 συγγραφέων
859 1627 915 1693 καὶ
929 1623 1127 1710 φιλοσόφων

123 1726 295 1803 καταδεϊξα
297 1730 375 1792 ίσοι
390 1730 489 1812 ἔχων,
515 1720 757 1811 προτιμώντων
769 1723 806 1792 τό
823 1723 1005 1810 ὑγιαίνειν,
1028 1728 1127 1788 τοῦτο

124 1825 186 1906 μὲν
199 1821 460 1909 παραιτήσομαι,
483 1851 527 1902 ως
541 1821 586 1909 μὴ
608 1829 654 1900 είς
671 1821 907 1905 ἀπειροκαλίαν
919 1819 993 1887 τινὰ
1010 1843 1127 1905 μειρα-

123 1922 226 2004 κιώδη
242 1924 362 2008 ἐκπέσῃ
376 1948 431 2006 μοι
444 1919 481 1989 τό
494 1924 693 2008 σύγγραμμα
706 1949 761 1989 και
751 1920 1024 2005 κινδυνεύωμεν
1038 1915 1128 2006 άλλφ

126 2017 194 2106 ἥλφ
210 2016 433 2099 ἐκκρούειν
399 2045 459 2085 τον
472 2012 571 2105 ἧλον,
588 2018 683 2104 ὀλίγα
697 2025 736 2087 δι’
751 2042 804 2086 σοι
817 2016 907 2105 τῆς’
889 2024 1025 2106 αρχαίας
1039 2020 1128 2082 ίστο-

125 2120 197 2197 ρίας
211 2111 318 2181 ὁπόσα
328 2117 494 2199 μέμνημαι
510 2122 612 2182 οἰκεία
623 2123 669 2204 τῷ
683 2116 824 2198 παρόντι
838 2114 1052 2199 προσγράψαι
1067 2137 1128 2176 κα-

124 2220 189 2289 λῶς
212 2218 299 2298 ἒχειν
320 2210 498 2298 ὑπέλαβον.
536 2220 566 2281 8.
589 2210 644 2279 ότε
665 2212 877 2298 Ἀλέξανδρος
897 2210 959 2296 τὴν
979 2214 1017 2277 ἐν
1036 2208 1127 2297 Ἰσσῷ

124 2311 233 2397 μάχην
254 2307 470 2395 ἀγωνιεῖσθαι
488 2317 640 2398 ἔμελλεν,
664 2310 707 2389 ως
727 2309 880 2395 Εὐμένης
900 2310 918 2375 6
936 2304 1126 2392 Καρδιανός
1145 2321 1194 2375 734

126 2412 162 2477 ἐν
178 2418 219 2497 τῇ
230 2407 313 2494 πρός
324 2408 538 2498 Ἀντίπατρον
553 2414 708 2497 ἐπιστολῇ
718 2412 822 2493 λέγει,
838 2410 947 2475 ἕωθεν
964 2403 1127 2474 είσελθύν
1243 2465 1245 2470 .

125 2514 171 2586 είς
184 2507 246 2595 τὴν
261 2506 389 2595 σκηνὴν
404 2506 510 2576 αὐτοῦ
529 2506 546 2577 6
565 2505 788 2593 Ἡφαιστίων,
810 2504 869 2573 εἴτ’
887 2506 1127 2591 ἐπιλαθόμενος
1173 2581 1175 2584 ,
1251 2565 1254 2570 ,

126 2606 184 2676 εἰτ’
204 2610 414 2695 ἐκταραχθεὶς
432 2606 542 2689 ω”σπερ
564 2605 627 2693 ἐγω
653 2615 717 2673 εἴτε
738 2608 793 2673 καλ
809 2613 897 2671 θεοῦ
918 2630 1009 2682 τινος
1028 2610 1125 2671 τοῦτο

125 2705 453 2792 καταναγκάσαντος,
475 2703 597 2773 ταύτόν
612 2708 683 2790 ἐμοὶ
697 2710 777 2792 ἔφη,
794 2702 954 2789 Ὑγίαινε,
975 2708 1124 2789 βασιλεύ,

124 2802 313 2891 καιρόςῆδη
324 2805 600 2889 παρατάττεσθαι.
623 2805 858 2889 ταραχθέντων
868 2802 904 2869 δὲ
917 2810 984 2868 τῶν
995 2802 1124 2884 παρόν-

124 2930 191 2970 των
213 2899 296 2985 πρός
316 2900 354 2969 τό
375 2904 565 2987 παράδοξον
585 2910 643 2987 τῆς
667 2900 961 2986 προσαγορεύσεως
986 2902 1041 2967 καὶ
1064 2906 1127 2966 τού

123 3006 358 3084 Ηφαιστίωνος
371 2996 488 3084 ὀλίγον
503 3003 573 3066 δεῖν
592 2995 651 3065 ὑπ’
669 3002 783 3076 αίδούς
798 2999 1016 3083 ἐκθανόντος,
1035 2996 1125 3063 Ἀλέ-

124 3100 280 3181 ξανδρος,
305 3100 468 3183 Δέχομαι,
490 3095 578 3183 εἷπε,
600 3094 663 3183 τὴν
684 3097 846 3185 κλῃδόνα·
875 3096 912 3164 τό
932 3095 997 3182 γάρ
1017 3117 1125 3173 σιιονς

124 3191 300 3277 ἐπανήξειν
311 3190 375 3260 ἀπὸ
391 3200 448 3279 τῆς
458 3193 562 3279 μάχης
572 3192 636 3280 ἤδη
648 3218 704 3278 μοι
713 3191 900 3279 ὑπέσχηται.
918 3199 947 3259 9.
962 3191 1126 3276 Ἀντίοχος

124 3286 189 3357 δὲό
205 3288 316 3377 σωτὴρ
330 3289 384 3357 ὅτε
395 3306 463 3369 τοῖς
475 3291 639 3369 Γαλάταις
651 3292 832 3358 συνάπτειν
844 3296 995 3376 ἔμελλεν,
1012 3294 1125 3369 ἔδοξεν

123 3386 209 3471 όναρ
233 3389 410 3457 ἐπιστάντα
431 3395 466 3457 oc
483 3388 543 3458 τόν
566 3387 784 3471 Ἁλέξανδρον
800 3387 949 3456 κελεύειν
966 3385 1125 3473 σύνθημα
