2550 3825
151 167 213 232 108
504 169 803 228 AOYKIANOY

149 323 214 414 γάρ
227 333 335 397 ἔνεστί
343 347 407 415 σοι,
424 325 482 395 τὸυ
498 332 613 413 ἔρωτα,
627 325 664 395 τὸ
676 328 805 412 κάλλος,
824 325 884 396 τὸν
894 329 1004 415 γάμον
1018 327 1150 395 τουτουὶ

150 434 211 495 τοῦ
225 428 333 514 μήλου
350 434 522 516 πρίασθαι.
899 431 904 441 ’

233 534 332 595 ΠΛΡ
355 529 517 611 Δέδοικα,
535 527 580 612 μή
596 551 662 611 μου
678 519 843 614 ἀμελήσῃς
856 521 936 611 μετά
952 521 1015 611 τήν
1029 530 1149 610 κρίσιν.

235 631 336 706 ΛΦΡ,
352 625 475 692 Βούλει
489 616 552 690 οὑν
569 625 798 710 έπομόσωμαι;
1147 670 1149 672 -

233 729 332 789 ΠΛΡ.
355 727 544 808 Μηδαμῶς,
563 718 646 788 ἀλλά
662 718 812 806 ὑπόσχου
825 720 936 788 πάλιν.

235 826 332 886 ΛΦΡ.
350 816 585 904 ’Υπισχνούμαι
602 817 643 904 δή
658 837 710 886 σοι
721 816 782 903 τὴν
793 816 928 903 Ἑλένην
942 817 1153 903 παραδώσειν

81 939 132 996 267
151 930 293 1002 γυναῖκα
309 920 364 984 καὶ
377 914 624 1002 ἀκολουθήσειν
635 943 672 1001 γε
687 912 793 1001 αύτήν
807 917 861 983 καὶ
875 913 1055 1001 ἀφίξεσθαι
1069 919 1148 997 παρ’

151 1012 236 1100 ὑμᾶς
252 1017 284 1094 ές
300 1014 362 1101 τήν
371 1013 493 1098 Ἴλιον,
515 1016 570 1082 καὶ
592 1011 675 1100 αύτή
697 1019 880 1098 παρέσομαι
900 1016 955 1080 καὶ
972 1014 1154 1099 συμπράξω

151 1109 192 1179 τά
208 1114 326 1180 πάντα.

233 1218 333 1278 ΠΛΡ.
357 1214 422 1279 Καὶ
436 1208 495 1278 τόν
506 1210 632 1293 Ἔρωτα
653 1213 707 1278 καὶ
723 1208 782 1277 τόν
795 1208 926 1296 Ἵμερον
940 1212 994 1277 καί
1011 1206 1068 1284 τάς
1082 1210 1154 1276 Χά-

152 1333 244 1393 ριτας
262 1307 364 1386 άξεις;

236 1414 334 1474 ΛΦΡ.
360 1407 499 1495 Θάρρει,
515 1411 570 1476 καὶ
584 1407 644 1476 τὸν
654 1408 775 1476 Πόθον
786 1410 840 1476 καὶ
851 1407 911 1476 τὸν
924 1407 1091 1494 Ὑμέναιον
1106 1413 1153 1475 ἔτι

153 1501 238 1589 πρὸς
253 1505 383 1584 τούτοις
399 1499 645 1593 παραλήψομαι.

235 1610 334 1670 ΠΛΡ.
353 1601 490 1671 Ούκοῦν
499 1606 551 1671 έπὶ
563 1603 693 1682 τούτοις
705 1609 821 1691 δίδωμι
833 1604 870 1673 τὰ
882 1612 999 1692 μήλου,
1012 1606 1064 1672 ἐπὶ
1074 1605 1153 1671 τού-

152 1725 221 1780 τοις
237 1701 395 1788 λάμβανε.

627 1946 678 2005 21.

419 2052 578 2103 ΛΡΕΩΣ
604 2056 686 2105 ΚΑΙ
712 2056 886 2107 ΕΡΜΟΤ.

238 2193 265 2254 l.
293 2194 357 2254 ΛΡ.
377 2185 561 2272 Ἤκουσας,
586 2180 746 2273 ύἙρμή,
771 2184 823 2256 οἷα
842 2186 1020 2275 ἠπείλησεν
1040 2187 1120 2276 ἡμῖν
1136 2186 1155 2257 ὁ

152 2284 246 2370 Ζεύς,
263 2280 306 2363 ὡς
323 2281 526 2367 ὑπεροπτικὰ
538 2287 592 2351 καὶ
604 2283 648 2363 ύς
659 2282 824 2367 ἀπίθανα;
839 2281 903 2353 Ἦν
914 2287 1072 2373 ἐθελήσω,
1087 2313 1154 2372 φη-

153 2390 224 2465 σίν,
247 2378 311 2468 έμύ
326 2382 387 2467 μέν
404 2385 440 2449 έκ
456 2389 517 2449 τοῦ
534 2379 684 2466 ούρανοῦ
701 2381 817 2467 σειρὰν
832 2384 988 2469 καθήσω,
1009 2382 1103 2470 ὑμεῖς
1120 2384 1156 2453 δέ
1256 2463 1259 2469 ¹

153 2478 463 2565 ἀποκρεμασθέντες
482 2487 655 2547 κατασπᾶν
677 2480 837 2566 βιάσεσθέ
857 2506 912 2565 με,
941 2478 1024 2548 άλλὺ
1046 2482 1153 2567 μάτην

153 2576 329 2662 πονήσετε·
352 2573 393 2642 ού
409 2573 474 2661 γάρ
490 2576 530 2663 δή
546 2577 783 2646 καθελκύσετε·
807 2585 837 2646 εί
847 2582 882 2645 δὲ
898 2579 961 2665 έγὺ
975 2580 1155 2665 θελήσαιμι
1256 2652 1260 2659 ,

153 2672 351 2757 ἀνελκύσαι,
373 2670 416 2739 ού
435 2676 542 2759 μόνον
562 2673 665 2760 ὑμάς,
687 2672 842 2743 ἀλλὰκαὶ
862 2673 924 2761 τήν
939 2685 1002 2763 γῆν
1018 2675 1085 2763 άμα
1101 2679 1157 2744 καὶ

154 2768 216 2858 τήν
232 2770 404 2838 θάλατταν
418 2774 626 2859 συναρτήσας
638 2780 818 2859 μετεωριῶ·
842 2776 897 2841 καὶ
909 2767 1010 2842 τάλλα
1026 2773 1089 2841 ὅσα
1100 2776 1156 2841 καὶ

86 2884 138 2941 268
156 2866 199 2938 σύ
214 2864 368 2952 ἀκήκοας.
398 2866 462 2953 ἐμά
480 2870 515 2935 δὲ
530 2868 580 2935 ὅτι
595 2871 657 2953 μὲν
677 2866 757 2935 καθ’
775 2870 833 2935 ἕνα
853 2871 990 2938 πάντων
1011 2868 1157 2957 ἀμείνων
1253 2862 1265 2886 “

154 2965 210 3033 καὶ
226 2964 437 3050 ἰσχυρότερός
454 2968 543 3033 ἐστιν
564 2966 626 3035 ούκ
648 2961 691 3033 άυ
709 2964 908 3052 ἀρνηθείην,
932 2966 1018 3053 ὁμοῦ
1040 2970 1075 3035 δὲ
1089 2975 1157 3035 τῶν

154 3062 324 3131 τοσούτων
338 3059 558 3149 ὑπερφέρειν,
576 3061 619 3142 ὡς
633 3061 678 3149 μή
694 3065 937 3149 καταπονήσειν
951 3062 1070 3150 αύτόν,
1091 3062 1157 3133 κάν

154 3264 274 3424 σθείην
291 3362 394 3425 EPM·
418 3353 590 3445 Εὐφήμει,
612 3348 759 3438 meum.
790 3354 832 3424 οὐ
853 3354 917 3443 γὰρ
938 3354 1083 3444 ἀσφαλές
1102 3360 1157 3426 λέ-
