2550 3825
185 157 247 221 178
535 163 837 223 ΛΟΤΚΙΑΝΟΤ

182 326 321 407 μετρίως
330 319 503 389 ἀποκναίει
514 346 566 405 με,
580 312 772 405 ἀδέσποτα,
786 324 841 389 καὶ
851 324 1015 409 βούλομαι
1025 317 1089 389 κάν
1099 318 1185 407 πρὸς

182 414 297 503 ὀλίγον
310 416 430 503 ὀφθεὶς
444 416 528 504 αότῇ
543 425 726 503 καταβῆναι
740 420 852 485 πάλιν.

265 520 296 581 2.
317 522 481 583 ΠΛΟῬΤ.
504 512 577 581 Οὐκ
596 520 701 598 ἔκιες,
723 506 992 600 ὦΠρωτεσίλαε,
1011 513 1048 582 τό
1067 513 1186 600 Λήθης

182 610 296 697 ῧὸωαι
1133 646 1136 651 ·

264 715 398 777 ΠΡΩΤ.
420 713 486 776 Καὶ
500 711 606 795 μάλα,
623 702 652 777 ὦ
661 714 818 778 δέσποτα·
841 711 878 778 τὰ
890 714 926 779 δὲ
937 719 1070 796 πρᾶγμα
1080 708 1180 793 ὑπέρ·

183 835 287 897 ογκον
302 802 355 895 ἦν.

266 914 428 979 ΠΛΟῬΤ.
442 905 580 975 Οὐκοῦν
591 914 800 993 περίμεινον·
815 906 964 993 ἀφίξεται
974 906 1038 993 γάρ
1049 903 1185 989 κάκείνη

182 1008 263 1073 ποτὲ
278 1007 334 1073 καὶ
349 1003 428 1073 οὐδὲ
445 1006 481 1072 σὲ
496 1002 654 1072 ἀνελθεῖν
669 1006 789 1091 δεήσει.

265 1109 398 1170 nm.
418 1099 506 1170 Ἀλλ’
526 1100 567 1169 οὐ
582 1104 674 1187 φέρω
686 1100 747 1186 τήν
762 1101 951 1189 διατριβήν,
967 1093 1184 1167 ὦΠλούτων
1264 1094 1267 1099 ’

185 1198 334 1287 ήράσθης
350 1200 387 1266 δὲ
402 1203 458 1267 καὶ
472 1196 573 1278 αότδς
587 1199 652 1285 ήδη
667 1200 721 1265 καλ
735 1197 835 1265 οἶσθα
850 1194 923 1267 οἷον
936 1196 973 1265 τό
990 1200 1070 1282 ε’ρᾶν
1083 1200 1181 1264 ἐστιν.

265 1303 428 1363 ΠΛΟΤΤ.
451 1294 532 1364 Εἶτα
546 1303 579 1364 τί
587 1316 625 1363 σε
640 1293 753 1383 ὀνήσει
767 1303 848 1382 μίαν
861 1294 988 1382 ἡμέραν
999 1291 1182 1380 ἀναβιῶναι

183 1389 254 1480 μετ’
271 1389 386 1478 ὀλίγον
400 1391 440 1459 τά
456 1390 541 1461 αότά
555 1392 780 1479 ὀδυρόμενου;

117 1506 167 1559 128
266 1497 399 1557 ΠΡΩΤ.
429 1490 529 1578 Οἶμαι
550 1498 678 1559 πείσειν
697 1489 856 1578 κάκείνην
879 1488 1082 1559 ἀκολουθεῖν
1102 1485 1183 1570 παρ’

184 1585 286 1673 ὑμᾶς,
305 1587 388 1655 ὥστε
404 1586 487 1656 ἀνθ’
505 1587 581 1667 ένός
596 1590 659 1657 δύο
675 1588 815 1676 νεκροὺς
831 1591 928 1677 λήψει
943 1589 1014 1677 μετ’
1031 1588 1155 1673 ὀλίγον.

266 1691 429 1752 ΠΛΟΤΤ.
463 1683 514 1753 Οὐ
536 1690 633 1771 θέμις
658 1690 816 1771 γενέσθαι
837 1694 939 1754 ταῦτα
965 1684 1044 1753 οὐδὲ
1068 1688 1185 1770 γέγονε

185 1809 327 1850 πωποτε.

267 1887 297 1950 3.
319 1889 451 1951 ΠΡΩΤ.
472 1881 666 1970 Ἀναμνήσω
681 1904 735 1971 σε,
754 1879 780 1953 ἀ
795 1883 973 1953 Πλούτων·
991 1880 1107 1968 Ὀρφεῖ
1120 1878 1186 1966 γάρ

186 1978 233 2049 δι’
251 1979 358 2067 αὐτήν
378 1983 503 2068 ταύτην
518 1981 579 2068 τήν
602 1989 711 2051 αἰτίαν
733 1983 795 2070 τήν
814 1981 1007 2067 Εὐρυδίκην
1026 1983 1186 2064 παρέδοτε

186 2082 241 2148 καλ
258 2076 321 2166 τήν
337 2077 480 2168 ὁμογενῆ
501 2107 567 2168 μου
581 2082 759 2169 ’Ἄλκηστιν
781 2085 1012 2166 παρεπέμψατε
1032 2076 1187 2161 Ἡρακλεῖ

185 2179 403 2265 χαριζόμενοι.

274 2284 430 2344 ΠΛΟΤΤ.
452 2277 608 2363 Θελήσεις
618 2278 655 2344 δὲ
665 2274 771 2356 οὕτως
781 2283 920 2362 κρανίον
929 2270 1060 2360 γυμνὸν
1072 2299 1121 2338 ιιν
1131 2275 1188 2338 καὶ

186 2372 342 2461 ἄμορφον
361 2383 401 2463 τῇ
416 2381 500 2463 καλή
522 2395 585 2442 σου
609 2377 718 2461 ε’κείνη
738 2374 855 2462 νύμφη
871 2380 1035 2458 φαυήναι;
1063 2377 1132 2447 πῶς
1150 2371 1185 2435 δὲ

186 2468 320 2557 κάκείνη
333 2472 536 2558 προσήσεταί
543 2493 579 2539 σε
591 2471 669 2539 οὐδὲ
682 2475 849 2557 δυναμένη
862 2474 1060 2555 διαγνῶναις
1077 2466 1167 2554 φοβή

186 2588 277 2635 σεται
292 2566 357 2652 γάρ
372 2563 411 2636 εὖ
425 2568 498 2636 οῖδα
513 2573 566 2638 καὶ
582 2572 739 2657 φεύξεταί
751 2590 787 2637 σε
801 2573 855 2638 καὶ
870 2571 977 2655 μάτην
991 2575 1049 2655 έση
1063 2567 1186 2634 τοσαύ-

187 2692 248 2752 την
263 2663 346 2733 ὀδόν
362 2665 586 2752 ἀνεληλυθώς.

269 2769 397 2830 ΠΕΡΣ.
422 2762 568 2849 Οὐκοῦν,
587 2757 717 2849 ἀάνερ,
733 2763 776 2830 σύ
788 2769 842 2832 καὶ
853 2773 950 2834 τοῦτο
961 2776 1051 2834 ῖασαι
1063 2760 1188 2832 καὶτὸν

181 2857 304 2948 Ἑρμῆν
315 2866 489 2949 κέλευσον,
509 2863 642 2932 ἐπειδάν
654 2866 748 2952 ἐντῷ
760 2868 844 2950 φωτὶ
853 2865 917 2950 ἤδη
929 2863 947 2933 ὁ
959 2872 1188 2950 Πρωτεσίλαος

187 2953 225 3046 ή,
253 2960 480 3047 καθικόμενον
505 2965 564 3046 [έν]
594 2971 633 3050 τῇ
658 2962 770 3053 ῥάβδῳ
795 2971 931 3031 νεανίαν
954 2959 1059 3040 εὐθὺς
1083 2958 1188 3029 καλὸν

120 3077 170 3130 λῖθ
189 3059 443 3146 ἀπεργάσασθαι
460 3059 580 3148 αὐτόν,
597 3057 666 3142 οἷος
681 3055 726 3148 ἦν
741 3064 776 3130 ἐκ
791 3069 852 3130 τοῦ
868 3067 1005 3129 παστοῦ.

269 3166 431 3226 ΠΛΟΥΤ.
444 3157 529 3228 Ἐπεὶ
536 3160 734 3246 Φερσεφόνη
744 3164 909 3243 συνδοκεῖ,
920 3153 1098 3244 ἀναγαγών
1109 3164 1188 3222 τοῦ-

188 3280 247 3322 τον
258 3247 359 3334 αὖθις
370 3263 510 3342 ποίησον
524 3262 690 3342 νυμφίον·
714 3253 756 3321 σύ
772 3258 808 3321 δὲ
822 3257 968 3340 μέμνησο
980 3260 1059 3340 μίαν
1074 3251 1187 3340 λαβὼν

188 3356 322 3438 ημέραν.

586 3467 788 3475 ...κ--ψ--ο
