2550 3825
376 178 616 245 NEKPIKOI
640 179 898 237 ΔΙΑΛΟΓΟΙ.
1076 172 1137 237 18⁹

610 371 661 435 30.

317 484 522 538 αιααοε
542 486 624 537 ιιι
649 482 950 535 >sammon

218 622 247 685 l.
269 626 372 687 MIN.
396 616 432 687 ‘0
454 617 515 705 μὲν
535 614 654 707 λῃστής
675 614 788 685 οὑτοσὶ
804 614 1000 697 Σώστρατος
1021 617 1055 695 ἐς
1076 613 1136 682 τόν

135 720 434 802 Πυριφλεγέθοντα
455 715 690 804 ἐμβεβλήσθω,
712 711 731 780 ὁ
752 715 788 780 δὲ
805 712 977 796 ἱερόσυλος
997 706 1136 797 ὑπὸτῆς

134 822 296 900 Χιμαίρας
310 817 566 904 διασπασθήτω,
583 811 600 881 ὁ
618 813 654 881 δὲ
667 813 848 897 τύραννος,
872 802 1023 897 ιδἙρμῆ,
1043 807 1134 896 παρὰ

133 910 194 980 τόν
211 910 334 981 Τιτυόν
349 912 528 991 ἀποταθεὶς
542 909 608 981 ὑπό
623 919 691 980 τῶν
709 918 828 996 γυπῶν
841 914 896 979 καὶ
912 906 1011 987 αὐτὸς
1027 911 1135 995 κειρέ-

134 1022 208 1079 σθω
225 1010 261 1080 τό
272 1005 378 1099 ἧπαρ,
396 1010 489 1099 ὑμεῖς
503 1013 539 1080 δὲ
550 1018 584 1081 οί
595 1009 719 1098 ἀγαθοὶ
734 1010 828 1079 ἀπιτε
841 1036 923 1079 κατα
941 1010 1038 1095 τύχος
1051 1013 1083 1087 ἐς
1096 1002 1132 1074 ιδ

129 1106 286 1178 Ἠλύσιον
297 1116 411 1179 πεδίον
421 1108 542 1189 καλτάς
550 1111 711 1197 μακάρων
721 1109 843 1196 νήσους
851 1123 1041 1193 κατοικεῖτε,
1051 1103 1132 1175 ἀνθ’

134 1200 184 1275 όν
199 1212 309 1278 δίκαια
326 1212 464 1279 ἐποιεῖτε
478 1207 568 1296 παρὰ
582 1207 642 1278 τόν
656 1216 741 1296 βίον.

216 1314 353 1377 zm.
376 1307 558 1395 Ἄκουσον,
581 1301 607 1377 ό
627 1316 762 1393 Μίνως,
789 1319 822 1379 εί
840 1331 892 1377 σοι
916 1314 1025 1377 δίκαια
1049 1308 1134 1387 δόξω

134 1408 252 1492 λέγειν.

218 1511 319 1574 ΜΙΝ.
340 1512 419 1574 Νῦν
435 1504 570 1575 ἀκούσω
585 1500 702 1589 αύθιςς
728 1504 770 1575 ού
784 1503 848 1593 γὰρ
866 1507 1086 1593 ἐξελήλεγξαι,
1106 1498 1134 1574 ω’

13 1606 24 1627 “
135 1603 326 1689 Σώστρατε,
342 1604 489 1692 πονηρός
503 1602 551 1674 ὧν
568 1609 623 1675 καλ
637 1604 818 1683 τοσούτους
832 1602 1038 1688 ἀπεκτονόςς
1150 1622 1198 1677 451

217 1709 354 1771 ΣΩΣΤ.
379 1701 570 1792 Ἐλήλεγμαι
587 1708 664 1790 μεύ,
691 1700 763 1771 ἀλλ’
780 1702 859 1789 ὅρα,
882 1709 912 1772 εἰ
929 1707 984 1773 καλ
1001 1710 1134 1785 δικαίως

132 1801 393 1887 κολασθήσομαι.

216 1906 317 1969 ΜΙΝ.
341 1904 406 1971 Καὶ
416 1901 524 1990 πύου,
541 1912 618 1991 ελγε
631 1900 802 1973 ἀποτίνειν
815 1900 878 1990 τήν
888 1899 984 1984 ἀξίαν
994 1905 1131 1973 δίκαιον.

216 2006 353 2068 mm.
366 1999 475 2087 Ὅμως
487 2001 669 2087 ἀπόκριναί
677 2029 744 2090 μοι,
757 1995 785 2071 ό
796 2010 929 2080 Μίνως·
949 2001 1055 2089 βραχύ
1066 2004 1132 2089 γάρ

133 2123 162 2162 τι
178 2096 339 2183 ἐρήσομαί
351 2117 397 2166 σε.

215 2202 318 2265 ΜΙΝ.
338 2200 440 2284 Λέγε,
462 2196 505 2284 μή
520 2197 630 2285 μακρά
644 2199 765 2285 μόνον,
790 2197 834 2277 ὡς
850 2202 904 2267 καλ
918 2195 996 2277 τούς
1010 2197 1131 2277 ἄλλους

132 2299 355 2385 διακρίνωμεν
371 2294 445 2383 ἤδη.

215 2399 245 2461 2.
261 2401 397 2468 ΣΩΣΤ.
410 2393 534 2464 Ὁπόσα
546 2402 707 2481 ἔπραττον
718 2401 755 2465 ἐν
765 2402 811 2485 τῷ
821 2401 900 2485 βίω,
913 2395 1035 2480 πότερα
1045 2391 1131 2462 ἕκιδν

132 2496 293 2575 ἔπραττον
306 2488 328 2579 ἢ
343 2496 567 2562 ἐπεκέκλωστό
582 2523 639 2582 μοι
655 2493 720 2563 ὑπό
737 2504 793 2581 τῆς
806 2500 952 2581 Μοίρας;

217 2597 317 2659 ΜΙΝ.
334 2589 412 2660 ’Ῥπδ
431 2600 488 2679 τῆς
501 2600 633 2680 Μοίρας
646 2593 781 2680 δηλαδή.

214 2697 351 2758 zm
369 2690 504 2760 Ούκούυ
515 2694 570 2762 καὶ
581 2698 615 2761 oc
623 2693 755 2778 χρηστοί
767 2690 909 2770 ἅπαντες
920 2693 1018 2760 καλοί
1027 2717 1132 2777 πονη-

130 2789 183 2871 ρολ
193 2791 369 2867 δοκοῦντες
378 2787 471 2876 ἡμεῖς
480 2793 589 2881 ἐκείνῃ
599 2793 841 2878 ὑπηρετοῦντες
851 2799 954 2859 ταῦτα
966 2793 1131 2877 ίδρωμενς

213 2893 315 2954 ΜΙΝ.
337 2894 422 2974 Ναί,
446 2897 486 2978 τῇ
502 2898 656 2978 Κλωθοῖ,
683 2888 705 2977 ἢ
725 2891 850 2981 ἑκάστω
864 2893 996 2972 ἐπέταξε
1010 2915 1132 2976 γεννη-

128 2986 224 3051 θέντι
238 2981 279 3051 τά
292 2989 447 3071 πρακτέα.

212 3091 351 3151 zm.
372 3091 416 3154 Εί
429 3093 546 3154 τοίνυν
565 3083 788 3172 ἀναγκασθείς
804 3115 852 3165 τις
869 3084 928 3154 ὑπ’
947 3086 1052 3156 ἀλλου
1065 3113 1130 3174 φο-

130 3181 261 3249 νεύσειέ
270 3209 346 3250 τινα
357 3180 400 3250 ού
413 3184 600 3270 δυνάμενος
612 3181 795 3269 ἀντιλέγειν
807 3187 921 3274 ἐκείνω
935 3189 1128 3274 βιαζομένῳ,

129 3275 202 3347 οἷον
219 3277 369 3369 δήμιοςή
384 3284 589 3370 δορυφόρος,
607 3281 625 3352 ὁ
640 3285 701 3368 μὲν
718 3285 855 3370 δικαστῇ
871 3289 1035 3369 πεισθείς,
1057 3279 1074 3350 ὁ
1093 3281 1129 3349 δὲ

129 3378 300 3468 τυράννῳ,
317 3385 392 3448 τίνα
408 3381 540 3466 αίτιάσή
554 3387 615 3448 τού
629 3410 756 3466 φουον;
