2550 3825
160 181 223 245 284
512 184 820 245 AOYKIANOY

161 343 326 430 ἀρρηκτός
341 373 390 424 τις
406 335 505 422 οὗτος
524 341 541 410 ὁ
558 344 678 428 δεσμός
693 345 796 425 ἐστιν,
822 330 850 426 ᾦ
871 344 1026 410 δεδέσθαι
1041 344 1168 427 συμβέ-

161 448 264 527 βηκεν
279 441 418 521 αὐτούς·
442 439 554 528 ἀμέλει
572 437 637 508 κάν
656 437 768 526 ἀπάνη
783 465 832 516 τις
846 436 969 517 αὐτοὺς
986 436 1065 523 μετά
1080 443 1167 524 βίας,

163 537 397 608 ἀνακωκύουσι
417 540 472 607 καί
492 538 696 623 ἱκετεύουσι,
720 538 775 603 καὶ
791 533 830 602 τά
855 534 939 604 ἀλλα
961 535 1054 613 ὅντες
1075 546 1167 619 θρα-

161 651 244 721 σεῖς,
261 641 362 706 δειλοὶ
376 635 460 723 πρὸς
474 639 599 722 ταύτην
613 633 823 718 εὑρίσκονται
839 631 901 721 τήν
916 637 967 703 ε’πί
981 632 1166 720 τόνἍιδην

162 736 334 819 φέρουσαν
354 733 451 802 ὁδόν·
485 737 736 819 ἐπιστρέφονται
762 740 848 819 γοῦν
869 739 914 811 εἰς
940 731 1087 802 τούπίσω
1108 733 1167 799 καί

146 890 149 898 .
163 830 274 914 ῶσπερ
289 837 322 899 οί
335 836 517 918 δυσέρωτες
531 827 598 899 κάν
613 833 794 917 πόρρωθεν
804 830 1006 918 ἀποβλέπειν
1019 829 1059 897 τά
1072 833 1107 897 έν
1118 834 1166 918 τῷ

163 929 247 1013 φωτὶ
262 928 458 1015 βούλονται,
480 924 533 996 οἷα
551 927 568 996 ὁ
586 929 723 1014 μάταιος
743 931 869 1006 ἐκεῖνος
886 930 988 996 ἐποίει
1005 930 1060 995 καὶ
1073 923 1164 1010 παρά

163 1023 224 1111 τήν
255 1023 337 1093 ὁδόν
368 1023 624 1114 ἀποδιδράσκων
652 1025 829 1094 κάνταῦθά
856 1045 892 1093 σε
920 1033 1164 1109 καταλιπαρῶν.

164 1127 213 1192 15.
237 1120 301 1207 ἐγώ
322 1123 358 1190 δὲ
385 1122 442 1191 ἀτε
464 1124 568 1210 μηδὲν
590 1130 674 1210 έχων
693 1127 850 1209 ἐνέχυρον
874 1125 911 1190 έν
931 1132 977 1213 τῶ
997 1129 1076 1214 βίῳ,
1102 1121 1166 1190 οὐκ

162 1217 284 1305 ἀγρόν,
300 1217 341 1286 οὐ
358 1231 548 1308 συνοικίαν,
566 1221 607 1290 οό
619 1221 764 1308 χρυσόν,
785 1219 827 1288 οό
842 1230 974 1307 σκεῦος,
993 1219 1034 1290 οά
1050 1220 1164 1306 δόξαν,

163 1315 224 1384 οὐκ
235 1317 379 1403 εἰκόνας,
391 1321 523 1399 εἰκότως
533 1319 675 1401 εὔζωνος
683 1313 738 1405 ἦν,
750 1315 888 1405 κάπειδή
901 1317 1007 1406 μόνον
1016 1316 1038 1405 ή
1046 1318 1163 1401 ’Ἀτρο-

163 1439 224 1493 πος
245 1419 363 1483 ἔνευσέ
375 1442 450 1502 μοι,
472 1417 613 1504 ἀσμενος
629 1414 816 1503 ἀπορρίψας
835 1414 896 1502 τήν
913 1423 1033 1503 σμίλην
1052 1418 1106 1483 καὶ
1127 1411 1163 1482 τό

163 1513 311 1598 κάττυμα
329 1555 365 1564 -
384 1519 527 1600 κρηπῖδα
545 1515 610 1601 γάρ
635 1540 709 1581 τινα
731 1517 768 1582 ἐν
790 1529 864 1582 ταῖν
886 1529 997 1600 χεροῖν
1018 1511 1107 1599 εἰχον
1124 1553 1162 1562 -

163 1608 377 1696 ἀναπηδήσας
398 1609 503 1691 εὐθὺς
524 1609 733 1699 ἀνυπόδητος
758 1609 837 1679 οὐδὲ
860 1609 922 1697 τήν
943 1618 1166 1698 μελαντηρίαν

163 1705 412 1792 ἀπονιψάμενος
423 1710 577 1796 εἰπόμην·
600 1720 727 1797 μᾶλλον
741 1712 777 1778 δὲ
788 1709 942 1798 ἡγούμην
957 1713 991 1789 ές
1000 1707 1037 1776 τό
1050 1709 1166 1795 πρόσω

164 1803 262 1889 ὁρῶν.
286 1804 386 1873 οὐδὲν
400 1808 464 1892 γάρ
481 1834 521 1893 με
536 1817 603 1875 τῶν
613 1809 754 1877 κατόπιν
772 1812 950 1894 ἐπέστρεφε
961 1811 1016 1875 καὶ
1026 1807 1165 1893 μετεκά-

95 1917 146 1971 638
165 1911 224 1970 λει.
246 1904 301 1971 καὶ
317 1900 358 1989 νή
370 1901 427 1971 Δί’
438 1903 501 1993 ήδη
516 1904 599 1974 καλά
614 1904 655 1973 τά
667 1905 747 1992 παρ’
758 1904 839 1993 ἀμῖν
853 1906 961 1973 πάντα
976 1901 1059 1989 ὁρῶ·
1081 1904 1119 1971 τό
1130 1929 1165 1971 τε

165 1998 229 2086 γάρ
246 2006 410 2087 ἰσοτιμίαν
423 2001 548 2071 ἀπασιν
564 2002 647 2071 εἶναι
663 2009 717 2073 καί
729 2008 853 2091 μηδένα
869 2012 929 2071 τοῦ
940 2007 1080 2089 πλησίον
1091 2006 1166 2067 δια-

165 2101 297 2184 φέρειν,
324 2096 546 2188 ὑπερήδιστον
566 2104 639 2185 ἐμοὶ
657 2110 742 2188 γοῦν
763 2106 862 2169 δοκεῖ.
893 2106 1108 2186 τεκμαίρομαι
1129 2101 1165 2169 δὲ

165 2193 241 2280 μηδ’
261 2194 473 2267 ἀπαιτεῖσθαι
487 2198 527 2267 τά
538 2204 616 2285 χρέα
630 2200 709 2280 τοδς
720 2198 914 2287 ὀφείλοντας
924 2201 1071 2267 ἐνταῦθα
1081 2198 1165 2283 μηδὲ

166 2296 293 2380 φόρους
306 2294 495 2384 ὑποτελεῖν,
513 2296 550 2365 τό
564 2300 600 2365 δὲ
613 2303 783 2385 μέγιστον,
798 2301 880 2385 μηδὲ
894 2301 1014 2384 ῥιγοῦν
1026 2303 1087 2363 τοῦ
1097 2321 1165 2380 χει-

165 2401 274 2478 μῶνος
291 2399 373 2482 μηδὲ
387 2414 500 2467 νοσεῖν
516 2397 593 2485 μηδ’
612 2395 679 2466 ὑπὸ
697 2404 764 2464 τῶν
780 2397 1017 2480 δυνατωτέρων
1032 2396 1164 2481 ῥαπίζε-

164 2502 254 2559 σθαι.
269 2496 383 2581 εἰρήνη
392 2496 428 2564 δὲ
438 2506 528 2564 πᾶσα
537 2500 592 2565 καὶ
602 2496 641 2564 τά
652 2496 827 2581 πράγματα
838 2499 870 2573 ἐς
881 2493 917 2562 τδ
930 2500 1071 2580 ἔμπαλιν
1081 2490 1162 2559 ἀνα-

163 2594 382 2675 τετραμμένα·
404 2591 497 2680 ἡμεῖς
507 2598 569 2681 μὲν
580 2601 614 2664 οί
625 2596 762 2679 πένητες
774 2600 939 2678 γελῶμεν,
957 2591 1115 2660 ἀνιῶνται
1128 2589 1164 2657 δὲ

165 2688 219 2753 καί
236 2688 434 2772 οἰμῶζονσιν
451 2698 485 2761 οἰ
497 2696 661 2764 πλούσιοι.

249 2791 297 2853 16.
322 2793 457 2856 ΚΛΩΘ.
480 2792 589 2860 Πάλαι
609 2786 674 2861 οὖν
698 2814 751 2878 σε,
776 2785 992 2876 ῶΜίκνλλε,
1017 2795 1164 2878 γελῶντα

166 2881 288 2965 ἑῶρων.
312 2890 346 2950 τί
359 2885 394 2952 δὲ
408 2879 452 2971 ήν
468 2885 487 2953 ό
505 2907 542 2955 σε
556 2890 698 2974 μάλιστα
713 2892 814 2957 έκίνει
827 2896 946 2975 μελάνς

248 2987 348 3049 ΜΙΚ.
360 2982 543 3071 Ἄκουσον,
563 2980 590 3054 ὦ
604 2988 781 3074 τιμιωτάτη
796 3015 853 3074 μοι
863 2995 971 3056 θεῶν·
993 2991 1164 3068 παροικῶν

166 3076 236 3146 ἀνω
252 3082 407 3172 τυράννῳ
424 3082 515 3151 πάνυ
532 3082 676 3173 ἀκριβῶς
691 3084 806 3168 ἑῶρων
826 3084 866 3152 τὰ
882 3086 1064 3172 γιγνόμενα
1083 3081 1162 3166 παρ’

166 3175 255 3267 αὐτῶ
272 3186 331 3248 καί
341 3206 397 3267 μοι
411 3183 518 3250 ἐδόκει
540 3184 613 3251 τότε
634 3183 768 3261 ἰσόθεός
782 3210 831 3261 τις
850 3182 953 3251 εἰναι·
981 3192 1038 3270 της
1051 3209 1087 3250 τε
1100 3180 1165 3268 γάρ

165 3280 341 3364 πορφύρας
354 3278 391 3349 τό
409 3280 516 3361 ἀνθος
529 3280 620 3366 ὁρῶν
636 3282 847 3367 ἐμακάριζον,
870 3286 924 3349 καὶ
937 3308 1006 3349 τιιν
1020 3280 1166 3350 ἀκολου-

164 3377 322 3445 θούντων
335 3376 371 3446 τό
390 3387 519 3466 πλῆθος
533 3384 588 3448 καὶ
607 3378 667 3447 τόν
679 3378 805 3465 χρυσὸν
819 3383 873 3447 καὶ
887 3378 927 3446 τά
942 3382 1164 3465 λιθοκόλλητα
