2550 3825
181 168 223 231 32
533 170 818 230 AOYKIANOY

181 338 248 397 τών
262 327 373 398 ἀλλων
388 327 545 417 ἀπέσχετο
561 328 775 415 γραμμάτων,
794 326 877 397 ἀλλά
889 332 945 397 καὶ
961 327 998 399 τὸ
1014 334 1110 398 δέλτα
1125 334 1178 398 καλ

181 426 218 495 τὸ
233 433 320 512 θῆτα
335 428 388 494 καλ
400 424 437 493 τὸ
454 432 540 512 ζῆτα,
556 433 678 512 μικροῦ
690 430 760 495 δεῖν
771 428 879 495 πάντα
890 426 1026 515 ήδίκησε
1037 425 1077 496 τά
1089 449 1180 495 στοι-
1273 455 1274 462 ·

180 538 261 611 χεία,
278 524 363 593 αῦτά
376 552 432 611 μοι
444 525 537 592 κάλει
552 521 592 591 τά
604 521 808 609 ἀδικηθέντα
823 527 1008 612 γράμματα.
1031 522 1179 608 ἀκούετε,
1273 563 1274 568 1

181 622 359 711 φωνήεντα
373 628 535 708 δικασταί,
550 630 611 691 τοῦ
632 624 694 708 μὲν
714 627 811 692 δέλτα
823 627 994 710 λέγοντος·
1024 621 1180 708 ἀφείλετό

181 748 248 809 μου
261 719 323 807 τῆν
338 723 550 806 ἐνδελέχειαν,
566 724 769 806 ἐντελέχειαν
785 720 903 802 ἀξιοῦν
917 726 1075 809 λέγεσθαι
1090 717 1179 805 παρά

183 820 307 898 πάντας
324 817 402 897 τοῦς
417 820 559 905 νόμους·
586 826 647 886 τοῦ
660 826 749 905 θῆτα
764 820 953 904 ,κρούοντος
974 825 1028 908 καὶ
1048 826 1107 908 τῆς
1123 844 1181 886 κε-

127 926 161 981 96
183 924 289 1004 φαλῆς
303 915 362 997 τάς
376 924 486 1003 τρίχας
502 925 671 996 τίλλοντος
692 920 745 986 ἐπὶ
765 926 811 1008 τῷ
826 921 952 1004 καὶτῆς
969 918 1180 1003 κολοκύνθης
1273 973 1274 978 ,

182 1016 394 1102 ἐστερῆσθαι·
416 1022 477 1084 τοῦ
492 1020 579 1101 ζῆτα,
593 1013 630 1083 τδ
645 1022 790 1098 συρίζειν
801 1020 855 1085 καὶ
867 1023 1044 1103 σαλπίζειν,
1059 1014 1102 1095 ὡς
1116 1042 1180 1103 μη-

182 1112 244 1181 κέτ’
269 1112 359 1205 αὐτῷ
382 1119 502 1195 ἐξεῖναι
525 1116 607 1200 μηδὲ
627 1115 772 1200 γρύζειν.
799 1122 847 1193 τίς
871 1110 914 1181 ἀν
941 1115 1070 1183 τούτων
1095 1112 1182 1181 ἀνά·
1272 1111 1274 1150 j

183 1234 310 1298 σχοιτο;
326 1210 347 1301 ή
362 1220 411 1292 τίς
422 1214 605 1297 ἐξαρκέσειε
617 1217 692 1298 δίκη
704 1210 788 1298 πρὸς
799 1211 835 1279 τδ
849 1213 1078 1300 πονηρότατον
1089 1214 1182 1280 τουτὶ

181 1317 261 1393 ταῦς
278 1316 327 1379 ll.
342 1310 379 1379 τδ
395 1310 430 1378 δὲ
443 1306 559 1397 ἀραοῦ
574 1306 610 1377 τδ
625 1306 802 1395 ὁμόφυλον
814 1315 882 1376 τών
891 1315 1061 1393 στοιχείων
1072 1309 1181 1395 μόνον

183 1406 293 1477 ἀδικεῖ
305 1413 411 1494 γένος,
429 1406 503 1476 ἀλλ’
518 1406 581 1493 ήδη
596 1410 651 1475 καὶ
665 1406 750 1492 πρὸς
761 1404 797 1473 τδ
811 1405 1026 1492 ἀνθρώπειον
1041 1407 1181 1493 μεταβέ·

183 1517 264 1596 βηκε
278 1510 410 1575 τουτονὶ
436 1506 496 1574 τὸν
513 1506 655 1593 τρόπον·
684 1505 725 1574 οῦ
740 1504 805 1593 γάρ
820 1507 986 1591 ἐπιτρέπει
1002 1533 1041 1592 γε
1055 1502 1180 1583 αὐτούς

182 1603 339 1675 κατέύθῦ
348 1609 511 1690 φέρεσθαι
523 1620 593 1684 ταῖς
599 1600 776 1690 γλώσσαις·
786 1612 913 1690 μᾶλλον
923 1597 1007 1691 δέ,ώ
1020 1609 1181 1689 δικασταί,

182 1701 303 1789 μεταξύ
319 1703 384 1790 γάρ
401 1730 441 1790 με
455 1704 557 1771 πάλιν
572 1702 612 1771 τά
627 1712 694 1771 τῶν
705 1703 899 1785 ἀνθρώπων
910 1702 1086 1789 πράγματα
1101 1699 1181 1768 ἀνέ-

183 1820 288 1887 μνησε
314 1803 390 1885 περὶ
408 1806 465 1892 τῆς
479 1800 646 1886 γλώσσης,
671 1799 723 1868 ὅτι
741 1803 796 1869 καὶ
816 1801 937 1887 ταύτης
957 1826 998 1886 με
1021 1798 1058 1868 τό
1083 1804 1181 1886 μέρος

184 1897 331 1986 ἀπήλασε
351 1902 405 1967 καὶ
424 1906 573 1984 γλώτταν
593 1897 762 1985 ποιεῖτὴν
784 1907 949 1986 γλῶσσαν,
978 1892 1005 1967 ά
1030 1899 1182 1986 γλώσσης

184 1997 318 2084 ἀληθοῦς
332 1997 462 2084 νόσημα
478 2005 550 2066 ταῦ.
572 1996 655 2066 ἀλλά
667 1999 891 2086 μεταβήσομαι
902 1999 1003 2067 πάλιν
1014 1995 1061 2066 έπ’
1073 2002 1181 2067 ἐκεῖνο

185 2097 323 2172 καὶτοῖς
345 2093 539 2179 ἀνθρώποις
560 2096 800 2182 συναγορεύσω
823 2095 908 2182 ὑπὲρ
933 2089 981 2163 ών
995 2102 1042 2175 εἰς
1057 2093 1181 2174 αὐτούς

185 2201 368 2280 πλημμελεῖ
374 2218 381 2232 ·
404 2197 535 2279 δεσμοῖς
548 2194 613 2278 γάρ
633 2213 698 2260 τισι
716 2201 898 2279 στρεβλοῦν
913 2195 969 2261 καὶ
979 2193 1178 2277 σπαράττειν

184 2288 295 2356 αὐτῶν
319 2288 379 2375 τῆν
395 2289 514 2376 φωνῆν
531 2293 695 2376 ἐπιχειρεῖ.
725 2293 781 2358 καί
802 2288 820 2357 ὁ
841 2293 903 2376 μέν
921 2318 952 2359 τι
974 2289 1078 2359 καλὸν
1095 2288 1180 2360 ἰδών

131 2408 165 2465 97
186 2397 290 2456 καλου
307 2394 410 2456 εἰπεῖν
431 2386 511 2456 αύτδ
530 2389 703 2475 βούλεται,
730 2385 766 2454 τδ
790 2388 826 2454 δὲ
839 2386 1063 2474 παρεισπεσὸν
1076 2387 1182 2456 ταλόν

186 2493 290 2555 εἰπεῖν
321 2483 444 2565 αύτούς
478 2485 656 2571 ἀναγκάζει
687 2488 724 2552 ἐν
754 2484 857 2553 άπασι
889 2492 1069 2573 προεδρίαν
1093 2494 1184 2573 ἔχειν

185 2587 316 2667 ἀξιοῦν·
338 2584 440 2653 πάλιν
456 2587 567 2672 ἕτερος
586 2587 662 2672 περὶ
683 2587 847 2672 κλήματος
865 2590 1064 2672 διαλέγεται,
1085 2584 1121 2654 τὸ
1143 2588 1185 2655 δὲ

188 2725 223 2735 -
245 2689 372 2768 τλῆμον
397 2682 461 2768 γάρ
485 2685 574 2750 ἐστιν
599 2681 735 2769 ἀληθοῦς
760 2725 798 2734 -
827 2691 933 2770 τλῆμα
958 2695 1116 2771 πεποίηκε
1140 2682 1183 2752 τὰ

185 2789 302 2867 κλῆμα,
326 2781 380 2848 καὶ
396 2777 437 2847 ού
453 2779 560 2866 μόνον
574 2807 613 2867 γε
626 2779 706 2860 τούς
722 2781 882 2868 τυχόντας
898 2781 1015 2869 ἀδικεῖ,
1031 2780 1103 2851 ἀλλ’
1116 2781 1185 2870 ἤδη

185 2879 239 2944 καὶ
255 2882 301 2967 τῷ
316 2875 448 2966 μεγάλῳ
464 2884 609 2963 βασιλεῖ,
631 2869 660 2966 ᾦ
679 2881 734 2945 καὶ
756 2881 889 2964 γῆνκαὶ
908 2878 1086 2946 θάλασσαν
1100 2878 1192 2960 εἶξαί

187 2996 271 3062 φασι
285 2977 341 3044 καὶ
357 2985 415 3061 τῆς
432 2973 545 3043 αὑτοῖν
561 2979 694 3062 φύσεως
709 2981 880 3063 ἐκστῆναι,
901 2975 938 3046 τδ
955 2980 991 3047 δὲ
1006 2982 1061 3046 καὶ
1073 2980 1187 3070 τούτῳ

186 3077 393 3161 ἐπιβουλεύει
408 3075 463 3142 καὶ
479 3080 596 3158 Κῦρον
614 3072 718 3142 αύτδν
734 3074 814 3143 ὄντα
833 3075 947 3158 Τῦρόν
963 3103 1038 3144 τινα
1051 3073 1191 3162 ἀπεφη-

185 3198 254 3240 νεν.
299 3178 348 3241 12.
369 3172 457 3240 οὕτω
468 3171 529 3259 μὲν
544 3167 608 3241 οὖν
622 3173 705 3241 ὅσον
720 3177 752 3253 ἐς
764 3173 882 3261 φωνήν
893 3173 1097 3261 ἀνθρώπους
1107 3173 1193 3243 ἀδι-

186 3285 251 3340 κεί·
274 3276 358 3362 ἔργῳ
380 3269 416 3338 δὲ
429 3277 516 3354 πῦς;
545 3272 708 3340 κλάουσιν
727 3272 903 3360 ἅνθρωποι
924 3278 978 3343 καὶ
993 3274 1055 3362 τῆν
1071 3271 1193 3342 αῦτῶυ

184 3369 288 3458 τύχην
305 3365 486 3458 ὀδύρονται
502 3375 557 3440 καλ
573 3373 700 3467 Κάδμῳ
714 3381 922 3461 καταρῶνται
936 3377 1107 3459 πολλάκις,
1130 3375 1193 3448 ὅτι
