2550 3825
130 736 262 807 ΠΕΡΙ
289 740 401 808 ΤΟΥ
426 735 736 805 ΕΝΥΠΝΙΟΥ
756 740 879 800 ΗΤΟΙ
903 734 1038 802 ΒΙΟΣ

406 852 741 921 ΛΟΥΚΙΑΝΟΥ.

475 1046 678 1055 ——-—-—-

1089 1085 1149 1175 ’ἐξ

160 1186 187 1251 l.
200 1173 317 1265 ”Αρτι
328 1181 390 1267 μὲν
405 1179 598 1264 ἐπεπαύμην
611 1183 656 1256 είς
671 1205 710 1245 τα
723 1182 934 1247 διδασκαλεῖα
947 1188 1074 1265 φοιτῶν
1094 1198 1108 1249 l

80 1277 212 1369 ἤδητὴν
227 1279 359 1366 ἡλικίαν
386 1276 553 1362 πρόσηβος
580 1274 646 1360 ἀν,
670 1273 688 1343 ὁ
716 1276 752 1343 δὲ
774 1275 881 1361 πατὴρ
904 1279 1071 1346 ἐσκοπεῖτο
1093 1301 1112 1354 2

80 1374 237 1463 μετάτιιν
254 1383 377 1463 φίλων,
407 1373 427 1441 ὅ
440 1401 471 1441 τι
486 1377 541 1441 καὶ
555 1373 724 1453 διδάξαιτό
740 1399 789 1459 με.
825 1390 892 1452 τοῖς
911 1382 1075 1453 πλείστοις

78 1468 139 1542 ούν
153 1479 243 1555 ἔδοξε
258 1478 390 1542 παιδεία
407 1471 467 1558 μέν
483 1474 538 1540 καὶ
549 1471 659 1539 πόνου
670 1479 797 1540 πολλοῦ
811 1474 999 1561 καὶχρόνου
1010 1500 1074 1560 μα-

76 1580 157 1656 κροῦ
170 1576 225 1640 καὶ
240 1571 389 1657 δαπάνης
404 1568 445 1638 ού
457 1579 576 1657 μικροῖς
587 1572 641 1638 καὶ
652 1570 751 1656 τύχης
763 1575 895 1641 δεῖσθαι
911 1579 1073 1659 λαμπρᾶς,

76 1671 115 1738 τά
134 1668 163 1737 δ’
181 1668 322 1757 ἡμέτερα
336 1669 439 1756 μικρά
461 1694 496 1735 τε
519 1668 603 1736 εἶναι
619 1674 675 1737 καὶ
690 1672 822 1756 ταχεῖαν
837 1698 911 1739 τινα
925 1671 986 1759 τὴν
1001 1676 1073 1741 ἐπι-

74 1776 213 1852 κουρίαν
229 1767 394 1836 ἀπαιτεῖν·
418 1771 448 1835 εί
460 1770 499 1834 δέ
512 1793 587 1833 τινα
601 1770 719 1852 τέχνην
734 1776 802 1835 τῶν
821 1771 1003 1855 βαναύσων
1018 1774 1074 1839 ἐκ-

25 1860 28 1881 '
71 1868 213 1954 μάθοιμι
229 1866 368 1952 τούτων,
390 1862 426 1932 τό
448 1864 511 1953 μὲν
527 1872 660 1952 πρῶτον
682 1862 788 1945 εὐθύς
808 1862 851 1935 ἀν
867 1865 967 1946 αὐτὸς
987 1873 1073 1954 ἔχειν

71 1964 109 2032 τά
129 1966 297 2052 ἀρκοῦντα
315 1960 404 2050 παρά
421 1971 478 2050 τῆς
493 1968 605 2051 τέχνης
621 1967 676 2032 καὶ
691 1962 798 2051 μηκέτ’
812 1967 975 2044 οἰκόσιτος
986 1964 1072 2034 εἶναι
1093 1989 1112 2042 3

69 2071 263 2150 τηλικοῦτος
280 2061 344 2148 ἀν,
371 2059 435 2129 οὐκ
457 2068 502 2141 είς
523 2060 657 2149 μακράν
677 2061 713 2130 δὲ
728 2060 856 2132 καὶτὸν
873 2069 998 2151 πατέρα
1014 2063 1072 2131 εύ-

68 2175 213 2247 φρανεῖν
229 2158 411 2245 ἀποφέρων
427 2156 477 2228 ἀεὶ
488 2158 746 2246 τδγιγνόμενον.
790 2168 820 2229 2.
843 2166 997 2245 δευτέρας
1008 2155 1079 2251 οὖν.

67 2261 216 2340 σκέψεως
232 2255 314 2344 ἀρχὴ
331 2256 512 2343 προύτέθη,
528 2265 575 2336 τίς
589 2256 704 2344 ἀρίστη
721 2267 789 2326 τῶν
802 2267 927 2345 τεχνῶν
939 2261 995 2328 καί
1009 2261 1071 2348 ῥᾴ-

69 2377 130 2442 στη
146 2360 307 2442 ἐκμαθεῖν
321 2359 375 2424 καὶ
391 2354 488 2440 ἀνδρὶ
503 2358 670 2446 ἐλευθέρῳ
684 2358 856 2440 πρέπουσα
869 2360 923 2423 καὶ
937 2357 1071 2441 πρόχει-

67 2480 131 2537 ρον
145 2460 267 2540 ἔχουσα
287 2452 349 2540 τὴν
365 2459 525 2541 χορηγίαν
546 2455 601 2522 καὶ
616 2456 735 2538 διαρκῆ
755 2450 815 2520 τὸν
830 2453 945 2538 πόρον.
964 2453 1070 2522 ἀλλον

68 2560 186 2619 τοίνυν
200 2551 303 2638 ἀλλην
317 2555 545 2637 ἐπαινοῦντος,
561 2548 606 2629 ὡς
621 2553 757 2629 ἕκαστος
771 2550 905 2636 γνώμης
919 2547 941 2637 ἢ
956 2553 1070 2638 ἐμπει-

66 2658 139 2732 ρίας
156 2649 287 2737 εἶχεν,ὁ
306 2649 412 2736 πατὴρ
429 2656 474 2729 εἰς
487 2648 547 2718 τόν
564 2658 661 2717 θεῖον
678 2645 818 2735 ἀπιδών,
830 2689 872 2701 -
882 2656 993 2736 παρῆν
1004 2647 1069 2735 γάρ

63 2744 82 2812 ὁ
104 2746 192 2836 πρὸς
212 2746 335 2834 μητρός
347 2759 457 2832 θεῖος,
476 2746 609 2831 ἀριστος
624 2749 834 2833 ἑρμογλύφος
855 2746 940 2816 εἶναι
959 2752 1069 2815 δοκῶν

64 2848 133 2928 [καί
149 2846 307 2925 λιθοξόος
330 2849 367 2913 έν
386 2861 453 2924 τοῖς
469 2847 610 2933 μάλιστα
631 2843 829 2932 εύδοκίμοις]
847 2887 884 2897 -
902 2845 944 2915 ού
963 2852 1070 2933 θέμις,
1093 2865 1111 2920 ῖ

64 2938 176 3027 εἶπεν,
205 2939 312 3027 ἀλλην
335 2946 454 3030 τέχνην
476 2949 665 3028 ἐπικρατεῖν
688 2951 751 3012 σοῦ
773 2945 955 3030 παρόντος,
983 2942 1067 3014 ἀλλά

61 3045 187 3106 τοῦτον
201 3039 261 3124 ἀγε
275 3081 317 3092 -
332 3047 438 3122 δείξας
454 3046 512 3128 έμέ
523 3083 565 3101 ι·-
579 3045 634 3110 καὶ
649 3046 783 3109 δίδασκε
798 3040 1002 3129 παραλαβών
1017 3049 1067 3111 λί-

58 3145 139 3203 θων
155 3138 301 3223 έργάτην
315 3135 448 3234 ἀγαθὸν
469 3138 553 3208 εἶναι
576 3142 630 3209 καὶ
645 3137 880 3226 συναρμοστὴν
898 3141 953 3208 καὶ
967 3142 1066 3227 ἑρμο-

58 3237 209 3320 γλυφέα·
234 3236 374 3306 δύναται
392 3236 457 3325 γάρ
479 3241 533 3307 καὶ
550 3245 648 3307 τοῦτο
665 3239 798 3326 φύσεώς
815 3264 865 3328 γε,
891 3236 935 3321 ὡς
954 3237 1065 3325 οἶσθα,

57 3331 175 3420 τυχών
186 3338 303 3414 δεξιᾶς.
319 3339 525 3423 ἐτεκμαίρετο
539 3341 575 3407 δὲ
587 3352 659 3415 ταῖς
669 3340 703 3406 ἐκ
713 3345 774 3405 τοῦ
784 3343 892 3422 κηροῦ
903 3343 1065 3415 παιδιαῖς·

144 3444 252 3483 wem«.
274 3430 296 3486 l.

1227 3182 1228 3211 ι

1225 3226 1227 3273 λ

1225 3304 1226 3335 ι
