2550 3825
499 221 675 283 ΤΙΜΩΝ.
1039 220 1081 283 53

166 384 261 447 ΤΙΜ.
286 381 352 448 Καὶ
364 375 431 468 μην
442 379 568 467 ἐλεγεῖά
578 406 617 468 γε
631 379 697 471 ᾂση
706 383 795 469 μάλα
805 390 999 469 περιπαθῶς
1012 381 1079 453 {aa

79 478 184 567 ιαύτη
198 486 238 568 τῇ
252 481 394 567 δικέλλη.

164 585 298 650 rm.
324 586 367 648 Τί
378 586 494 661 τοῦτος
516 585 640 665 παίεις,
657 572 685 647 ιό
704 586 832 666 mm
854 581 1078 669 μαρτύρομαι·

81 669 313 763 ώἩράιιλεις,
335 675 389 744 ίοῦ
407 675 478 763 ίού,
504 685 758 765 προσκαλοῦμαί
774 699 811 746 σε
831 680 1018 766 τραύματος
1035 686 1081 758 είς

81 774 212 861 Ἀρειον
226 777 344 864 πάγον.

167 883 261 944 ΤΙΜ.
284 878 349 944 Καὶ
365 872 433 962 μὴν
449 872 492 941 άυ
512 902 549 961 γε
564 874 686 961 μικρόν
704 875 944 965 ἐπιβραδύνῃς,
970 874 1080 963 φόνου

77 972 160 1059 τάχα
173 974 469 1060 προσκεκλύσομαι.

161 1076 295 1139 ΓΝΑΘ.
320 1075 506 1158 Μηδαμῶς·
534 1070 617 1141 άλλά
634 1073 678 1139 σύ
692 1098 731 1157 γε
745 1071 878 1151 πάντως
892 1070 929 1141 τό
949 1080 1079 1160 τραῦμα

75 1179 169 1236 ίασαι
187 1166 309 1255 μικρόν
324 1170 485 1248 ἐπιπάσας
499 1178 560 1238 τοῦ
579 1177 738 1255 χρυσίου·
760 1175 876 1249 δεινῶς
892 1168 956 1258 γάρ
972 1180 1081 1257 ίσχαι-

73 1264 144 1353 μόν
158 1268 226 1333 ἐστι
240 1264 277 1333 τό
294 1267 480 1352 φάρμακον.

165 1371 260 1433 ΤΙΜ.
273 1364 343 1433 Ἔτι
361 1362 426 1452 γάρ
442 1367 568 1451 μένειςς

161 1468 293 1531 ΓΝΑΘ.
308 1462 455 1550 ’Ἀπειμν
476 1460 520 1531 σῦ
531 1465 567 1531 δὲ
582 1460 624 1531 οῦ
633 1464 800 1550 χαιρήσεις
814 1464 902 1532 οῦτω
916 1461 1031 1543 σκαιός
1042 1466 1078 1531 ἐκ

72 1567 221 1649 χρηστοῦ
236 1560 423 1648 γενόμενος.

161 1664 211 1727 47.
239 1667 332 1728 ΤΙΜ.
358 1666 414 1739 Τίς
428 1652 526 1739 οῦτός
538 1657 655 1728 ἐστινὸ
668 1660 834 1748 προσιών,
851 1657 1077 1745 όάναφαλαυ-

73 1763 163 1835 τίαςς
186 1756 360 1843 Φιλιάδης,
372 1758 526 1825 κολάκων
537 1755 697 1826 ἁπάντων
707 1756 725 1827 ό
737 1757 993 1845 βδελυρώτατος.
1015 1748 1077 1824 οῦ-

73 1881 130 1936 τος
145 1855 182 1922 δὲ
197 1852 302 1941 άγρόν
313 1851 395 1922 ὅλον
404 1852 484 1939 παρ’
494 1858 576 1941 ἐμοῦ
587 1854 701 1945 λαβών
711 1858 766 1926 καί
776 1864 816 1947 τῇ
826 1859 970 1945 θυγατρὶ
979 1870 1076 1943 προί-

71 1980 116 2021 κα
135 1953 199 2020 δύο
216 1952 378 2037 τάλαντα,
394 1951 520 2038 μισθόν
533 1964 594 2023 τοῦ
610 1959 767 2043 ἐπαίνου,
782 1955 881 2025 ὁπότε
894 1955 1021 2047 ᾄσαντά
1035 1981 1076 2042 με

69 2051 214 2118 πάντων
227 2050 431 2118 σιωπώντων
445 2050 547 2137 μόνος
567 2050 815 2143 ὑπερεπῄνεσεν
829 2055 1076 2142 ἐπομοσάμενος

70 2149 286 2242 ᾠδικώτερον
303 2149 469 2218 εἶναιτῶν
485 2153 637 2240 κύκνων,
654 2152 766 2241 ἐπειδὴ
780 2161 945 2222 νοσοῦντα
959 2154 1077 2244 πρῴην

70 2247 143 2317 ελδέ
157 2274 199 2334 με
215 2251 270 2316 καὶ
289 2255 484 2335 προσῆλθον
506 2253 697 2338 ἐπικουρίας
717 2251 890 2338 δεόμενος,
916 2247 1073 2336 πληγάςό

68 2357 228 2432 γενναῖος
243 2349 500 2428 προσενέτεινεν.

156 2447 209 2511 48.
233 2449 321 2511 ΦΙΛ.
336 2437 379 2510 Ὦ
393 2449 450 2529 τῆς
464 2442 706 2530 άναισχυντίας.
730 2452 795 2512 νῦν
808 2451 942 2531 Τίμωνα
951 2449 1074 2528 γνωρί-

70 2546 157 2620 ζετες
179 2545 246 2605 νῦν
259 2546 478 2626 Γναθωνίδης
492 2548 589 2626 φίλος
607 2544 663 2609 καὶ
682 2541 866 2628 συμπότης;
894 2546 1074 2627 τοιγαροῦν
1092 2563 1137 2614 lo}

68 2639 185 2702 δίκαια
200 2635 370 2702 πέπονθεν
383 2635 491 2715 οῦτως
501 2635 676 2723 ἀχάριστος
691 2637 747 2706 ών.
770 2638 863 2726 ἡμεῖς
877 2641 913 2707 δὲ
927 2644 961 2707 ολ
972 2638 1074 2709 πάλαι

70 2736 233 2822 ξυνήθεις
248 2739 305 2803 καὶ
320 2739 500 2827 ξυνέφηβοι
515 2741 580 2809 καὶ,
591 2741 730 2827 δημόται
746 2738 834 2827 ὅμως
848 2741 1072 2830 μετριάζομεν,
1098 2742 1100 2747 ’

71 2831 114 2913 ῦς
127 2830 177 2921 μὴ
193 2835 359 2919 ἐπιπηδᾶν
373 2839 534 2923 δοκῶμεν.
560 2852 670 2924 χαῖρε,
692 2832 720 2907 ώ
735 2843 892 2925 δέσποτα,
914 2842 969 2909 καλ
984 2840 1074 2920 ὅπως

71 2931 147 3014 τοῦς
158 2932 304 3020 μιαροῦς
314 2935 453 3015 τούτους
464 2936 608 3017 κόλακας
618 2939 765 3028 φυλάξη,
774 2937 853 3020 τοῦς
864 2944 915 3009 ἐπὶ
926 2949 982 3027 τῆς
991 2968 1073 3025 τρα-

71 3036 165 3119 πέζης
187 3031 311 3119 μόνον,
333 3031 373 3101 τά
391 3032 475 3102 άλλα
496 3038 531 3103 δὲ
546 3038 701 3120 κοράκων
722 3034 823 3105 οὐδὲν
845 3040 1070 3123 διαφέροντας,

72 3129 183 3199 οῦκέτι
196 3134 371 3200 πιστευτέα
386 3140 454 3200 τῶν
466 3141 531 3201 νῦν
544 3134 661 3202 οῦδενί
669 3159 677 3173 ·
699 3134 820 3211 πάντες
834 3130 1003 3220 άχάριστοι
1017 3140 1071 3204 παλ

71 3232 222 3314 πονηροί.
252 3222 316 3311 ἐγώ
341 3230 377 3294 δὲ
396 3229 560 3298 τάλαντόν
581 3249 634 3298 σοι
650 3237 809 3317 κομίζων,
830 3228 874 3309 ὡς
890 3237 973 3317 ἔχοις
989 3234 1072 3319 πρός

72 3321 109 3390 τά
121 3329 363 3409 κατεπείγοντα
372 3333 534 3413 χρῆσθαι,
551 3326 632 3394 καθ’
645 3326 727 3395 ὁδόν
737 3325 801 3414 ἤδη
812 3337 952 3415 πλησίον
966 3330 1071 3418 ἥκον-

2 3439 3 3478 λ
71 3443 124 3504 σα,
147 3420 195 3501 ώς
215 3429 395 3509 πλουτοίης
415 3421 627 3512 ὑπερμεγέθη
642 3424 717 3493 τινά
733 3432 888 3494 πλοῦτον.
915 3425 986 3514 ἥκω
1000 3453 1071 3496 τοι·
