2550 3825
11 213 15 216 ’
141 203 202 266 156
490 208 793 266 ΛΟΥΚΙΑΝΟΤ

221 368 250 432 4.
268 371 397 434 KPAT.
412 362 497 433 Ἀλλ’
510 371 542 434 oc
551 363 645 434 ἄλλοι
656 363 802 452 ἠμέλουν
813 375 880 434 των
890 365 1052 433 τοιούτων
1062 391 1138 450 κτη·

136 461 251 548 μόνων
262 466 317 531 καὶ
329 459 437 543 οὐδεὶς
449 464 656 551 ἐθεράπευεν
665 462 751 551 ἡμᾶς
761 466 1024 552 κληρονομήσειν
1035 484 1141 549 προσ·
1270 494 1271 513 ¹

137 566 263 649 δοκῶν,
279 565 312 642 ἐς
326 563 362 630 66
374 562 411 630 τό
428 570 566 649 χρυσίον
583 563 704 641 πάντες
719 569 868 650 ἔβλεπον.

220 668 339 729 ΔΙΟΓ.
364 662 526 741 Εἰκότως·
549 659 590 729 οῦ
601 660 667 748 γὰρ
683 659 770 747 εἶχον
785 667 870 729 ἔνθα
885 658 928 728 δν
939 665 1087 741 δέξαιντο
1100 657 1140 728 τό

137 768 272 829 τοιαῦτα
288 761 368 848 παρ’
383 762 479 850 ἡμῶν
494 759 727 848 διερρυηκότες
742 753 808 824 ῦπό
826 765 971 843 τρυφῆς,
987 756 1141 842 καθάπερ

137 857 177 926 τῦ
191 858 300 944 σαπρὰ
315 869 383 928 των
399 867 602 980 βαλαντίων·
630 855 713 924 ὥστε
733 865 767 922 εί
778 881 856 922 ποτε
873 857 927 922 καλ
942 856 1078 941 ἐμβάλοι
1092 883 1141 933 τις

137 963 170 1038 ἐς
184 957 307 1038 αὐτοῦς
323 957 344 1046 ἢ
360 967 483 1045 σοφίαν
499 987 519 1046 η
507 949 760 1044 ”παρρησίαν’“
739 981 759 1040 η
775 952 954 1040 ἀλήθειαν,
972 956 1141 1034 ἐξέπιπτεν

137 1056 243 1136 εῦθῦς
257 1085 312 1126 και
301 1060 508 1148 διέρρει,
483 1064 544 1124 τοῦ
559 1055 731 1139 πυθμένος
746 1055 875 1138 στένειν
885 1078 927 1119 ου
916 1048 1141 1137 ’δυναμένοα

137 1151 210 1224 οἷόν
232 1183 263 1222 τι
287 1156 472 1242 πάσχουσιν
496 1141 532 1223 αί
549 1182 609 1222 του
596 1159 763 1220 Δαναοῦ
787 1143 886 1219 αῦται
907 1156 1072 1234 παρθένοι
1095 1157 1140 1230 είς

136 1252 195 1322 τδν
207 1258 405 1341 τετρημένον
415 1261 520 1321 πίθον
532 1256 767 1322 ἐπαντλοῦσαι·
781 1281 819 1321 το
809 1252 866 1322 δέ
876 1264 1015 1340 χρυσίον
1024 1253 1140 1322 ὀδοῦσι

137 1380 192 1420 και
181 1352 304 1432 ὄνυξι
321 1355 376 1421 καὶ
390 1353 480 1440 πόση
497 1359 625 1441 μηχανῇ
641 1354 834 1440 ἐφύλαττον.

221 1459 351 1520 ΚΡΑΤ.
386 1449 523 1519 Οῦκοῦν
545 1450 637 1539 ἡμεῖς
658 1451 720 1538 μὲν
745 1455 860 1537 ἕξομεν
884 1449 1059 1520 κάνταῦθα
1080 1449 1141 1519 τδν

137 1557 299 1636 πλοῦτον,
315 1555 348 1618 οί
359 1552 394 1618 δὲ
409 1547 532 1637 όβολδν
544 1548 660 1636 ἥξουσι
670 1555 857 1635 κομίζοντες
868 1554 923 1617 καὶ
934 1557 1054 1617 τοῦτον
1065 1549 1141 1635 ἄχρι

137 1655 196 1715 τοῦ
214 1656 398 1735 πορθμέως.

538 1802 735 1810 -—.—.-.

613 1918 662 1979 12.

67 2030 118 2085 380
166 2027 508 2095 ΑΛΕΞΑΝΔΡΟΤ,
538 2028 776 2096 ΑΝΝΙΒΟΤ,
804 2029 1008 2082 ΜΙΝΩΟΣ
1033 2032 1116 2083 KAI

481 2110 794 2166 ΣΚΗΠΙΩΝΟΣ.

220 2249 249 2310 1.
266 2247 392 2319 ΑΛΕΞ.
412 2240 483 2329 Ἐμέ
494 2248 547 2311 δεῖ
554 2249 794 2328 προκεκρίσθαι
806 2267 879 2331 σου,
893 2236 919 2312 6
926 2250 1031 2332 Λίβυ·
1046 2241 1140 2331 ἀμεί-

136 2368 206 2409 νων
221 2342 286 2428 γοὶρ
303 2348 377 2427 είμι.

221 2449 296 2508 AN.
322 2436 373 2508 οὐ
391 2440 452 2526 μιν
467 2432 545 2525 οὖν,
563 2436 636 2508 λα’
655 2442 718 2527 ιμε.

219 2542 343 2612 ΑΛΕΞ.
369 2536 505 2605 Οὐκοῦν
521 2536 538 2605 ὁ
556 2544 676 2617 Μίνως
689 2542 862 2608 δικασάτω.

161 2643 319 2704 ΜΙΝ.
345 2642 438 2714 Τίνες
454 2635 593 2717 δδέστέ,

216 2738 342 2811 ΑΛΕΞ
366 2726 474 2812 Οὗτος
489 2735 551 2819 μὲν
565 2731 745 2821 Ἀννίβας“
732 2762 749 2802 ο
766 2736 1010 2884 Καρχηδόνιος,
1026 2732 1140 2821 έγιδδδ

129 2830 370 2918 Αλέξανδρος
356 2859 373 2899 ο
390 2840 567 2901 Φιλίππου.

213 2938 317 3051 ΝΙΝ.
340 2928 394 3016 Νὴ
406 2937 473 2998 Δία
488 2934 619 3010 ἔνδοξοί
629 2959 667 3017 γε
684 2930 878 3019 ἀμφότεροι.
901 2873 983 3001 ἆλλῦ
1000 2936 1074 3018 περὶ
1088 2940 1139 2999 τί-

131 3057 188 3109 νος
205 3044 285 3117 υμιν
299 3057 320 3116 η
339 3037 423 3117 ἔριςς

219 3134 342 3205 ΑΛΕΞ.
365 3131 448 3214 Περὶ
465 3133 657 3214 προεδρίας·
688 3134 768 3217 φησὶ
788 3131 852 3219 γὰρ
876 3125 974 3210 οὗτος
991 3129 1138 3217 ἀμείνων

62 3246 108 3301 381
132 3234 334 3312 γενενῆσθαι
346 3226 527 3313 στρατηγός
539 3230 631 3314 ἐμοῦ,
648 3226 711 3313 ένιδ
724 3233 770 3315 δέ,
787 3228 896 3315 ὥσπερ
908 3228 1052 3309 ἅπαντες
1063 3239 1137 3297 ίσα-

130 3345 201 3409 σιν,
224 3320 296 3409 οὐχὶ
311 3325 432 3392 τούτου
449 3324 572 3411 μόνον,
595 3323 679 3393 ἀλλὰ
703 3327 839 3394 πάντων
854 3324 971 3412 σχεδόν
989 3334 1057 3392 τῶν
1072 3325 1137 3415 πρὸ

128 3424 211 3507 ἐμοῦ
227 3423 311 3508 φημὶ
328 3427 510 3507 διενεγκεῖν
524 3421 564 3490 τὰ
579 3427 728 3502 πολέμια.
