2550 3825
181 166 223 231 14
528 174 830 234 Λουκιανοῦ

180 336 304 418 σμένον
319 342 368 418 είη
383 336 577 401 στέλλεσθαι
592 330 655 418 τὴν
668 335 720 400 ἐπὶ
734 340 792 420 τῆς
800 331 964 412 Ἑλλάδος.
992 329 1009 401 ὁ
1025 329 1062 399 δέ
1077 325 1168 412 ἀρξά·
1262 285 1263 302 ¹

180 456 289 516 μενος,
318 421 489 515 ἀὲιαῖρε,
516 432 590 514 περὶ
614 430 745 497 τούτων
769 433 880 516 λέγειν
900 433 954 499 καὶ
974 427 1037 517 τὴν
1057 429 1178 494 ἑαυτου

180 528 318 616 γνόμην
335 532 522 614 διηγεῖσθαι
537 529 704 615 τοσαύτην
717 530 793 597 τινά
807 556 874 615 μου
889 540 935 621 τῷ
950 528 1040 619 λόγῳ
1051 525 1178 613 ἀμβρο-

183 635 258 697 σίαν
276 630 529 713 κατεσκέδασεν,
553 625 636 693 ὥστε
657 631 712 694 καὶ
729 625 789 705 τάς
803 635 969 714 Σειρῆνας
992 630 1134 707 ἐκείνας,
1151 631 1182 690 εί

181 752 269 804 τινες
284 725 349 811 ἀρα
367 728 528 811 ἐγένοντο,
544 728 598 792 καὶ
611 724 671 804 τοὶς
683 725 881 811 Κηληδόνας
894 728 949 794 καὶ
965 721 1180 808 τόνὉμήρου

128 834 163 889 42
183 824 291 894 λωτόν
312 824 448 911 ἀρχαῖον
473 822 658 903 ἀποδεῖξαι·
683 822 772 893 οὕτω
798 826 959 893 θεσπέσια
985 824 1178 908 ἐφθέγξατο.

181 928 212 991 4.
234 922 387 1009 προήχθη
403 920 468 1008 γάρ
482 920 588 1009 αὐτήν
601 948 636 989 τε
648 930 851 1008 φιλοσοφίαν
866 926 1037 990 ἐπαινέσαι
1051 922 1106 987 καὶ
1119 916 1181 1004 τὴν

183 1018 247 1087 ἀπὸ
271 1020 392 1105 ταύτης
412 1022 609 1104 ἐλευθερίαν
630 1023 685 1087 καὶ
706 1028 774 1088 τῶν
793 1026 934 1111 δημοσία
955 1020 1181 1105 νομιζομένων

183 1116 324 1203 ἀγαθῶν
342 1117 573 1203 καταγελάσαι,
589 1118 738 1186 πλούτου
759 1121 814 1187 καὶ
828 1118 925 1205 δόξης
943 1123 999 1186 καὶ
1014 1123 1182 1205 βασιλείας
1266 1159 1267 1162 =

183 1218 238 1284 καὶ
252 1225 357 1303 τιμῆς,
382 1223 429 1284 ἐτι
451 1244 488 1285 τε
507 1224 634 1303 χρυσοῦ
655 1218 710 1284 καί
726 1216 903 1302 πορφύρας
923 1218 978 1284 καὶ
1002 1223 1070 1283 των
1090 1212 1183 1281 πάνυ

184 1318 413 1403 περιβλέπτων
432 1330 500 1395 τοῖς
516 1325 665 1402 πολλοῖς,
687 1318 767 1393 τέως
788 1316 824 1383 δὲ
850 1314 948 1401 κάμοί
969 1313 1181 1382 δοκούντων·

184 1414 269 1501 ἀπερ
284 1421 387 1501 έγωγε
402 1412 513 1482 ἀτενεῖ
527 1417 582 1482 καὶ
598 1412 854 1501 ἀναπεπταμένη
876 1422 915 1502 τῇ
931 1420 1020 1503 ψυχῇ
1043 1412 1180 1497 δεξόμε-

184 1542 243 1593 νος
265 1512 382 1582 αὐτίκα
400 1513 463 1599 μὲν
489 1512 569 1582 ούδέ
593 1512 682 1600 εἶχον
709 1513 837 1581 είκάσαι
857 1511 939 1599 ὅπερ
967 1513 1183 1596 ἐπεπόνθειν,

184 1610 267 1681 ἀλλὰ
278 1627 433 1691 παντοῖος
447 1613 643 1700 ἐγιγνόμην·
664 1617 719 1680 καὶ
729 1610 804 1699 ἀρτι
815 1615 877 1698 μὲν
887 1612 1090 1699 ἐλυπούμην,
1106 1613 1185 1694 ἐλη-

184 1715 353 1797 λεγμένων
368 1737 424 1797 μοι
440 1719 507 1779 τῶν
523 1714 702 1798 φιλτύτων,
726 1713 875 1780 πλούτου
896 1738 931 1779 τε
948 1715 1002 1779 καί
1018 1707 1186 1796 ἀργυρίου

185 1812 239 1877 καὶ
256 1810 363 1894 δόξης,
384 1813 438 1877 καί
452 1808 560 1896 μόνον
575 1808 637 1877 οῦκ
652 1812 819 1896 ἐδάκρυον
833 1809 885 1879 ἐπ’
900 1807 1013 1887 αὐτοῖς
1030 1818 1185 1892 καθηρη-

184 1912 306 1996 μένοις,
322 1907 397 1992 ἀρτι
411 1909 447 1976 δέ
461 1905 545 1976 αύιά
559 1911 620 1995 μὲν
634 1910 743 1980 ἐδόκει
758 1938 814 1996 μοι
824 1907 963 1978 ταπεινά
977 1912 1033 1977 καὶ
1043 1910 1187 1993 καταγέ-

184 2017 304 2076 λαστα·
326 2015 459 2095 ἐχαιρον
470 2006 501 2075 δ’
513 2002 558 2075 αῦ
574 2008 685 2094 ὥσπερ
699 2013 735 2078 ἐκ
751 2017 893 2098 ζοφεροῦ
909 2035 1000 2089 τινος
1014 2005 1111 2094 ἀέρος
1121 2013 1187 2074 τοῦ

184 2115 261 2194 βίου
274 2114 335 2175 τοῦ
347 2107 500 2191 πρόσθεν
522 2110 556 2186 ἐς
569 2114 706 2193 αίθρίαν
727 2137 762 2177 τε
784 2112 839 2178 καί
857 2113 940 2197 μέγα
956 2117 1026 2195 φῶς
1042 2107 1188 2192 ἀναβλέ-

130 2226 164 2280 43
186 2231 274 2273 πων·
304 2204 386 2273 ὥστε
402 2204 459 2292 δή,
480 2203 517 2274 τό
534 2209 748 2294 καινότατον,
772 2217 833 2276 τοῦ
855 2207 1036 2294 ὀφθαλμοῦ
1051 2207 1113 2291 μὲν
1127 2207 1188 2271 καὶ

184 2314 241 2393 τῆς
257 2307 331 2391 περὶ
345 2301 449 2372 αύτδν
459 2301 634 2385 ἀσθενείας
646 2308 933 2394 ἐπελανθανόμην,
949 2304 1011 2392 τὴν
1023 2306 1058 2372 δὲ
1072 2300 1188 2388 ψυχὴν

185 2403 456 2490 ὀξυδερκέστερος
469 2402 553 2473 κατά
570 2404 691 2492 μικρὸν
705 2406 900 2493 ἐγιγνόμην·
929 2403 1101 2490 ἐλελήθειν
1116 2399 1188 2486 γὰρ

184 2509 264 2583 τέως
279 2502 384 2590 αὐτὴν
400 2505 661 2591 τυφλώττουσαν
674 2509 873 2590 περιφέρων.
911 2509 940 2572 5.
963 2499 1092 2589 προῖάυ
1103 2501 1140 2568 δέ
1151 2504 1190 2579 ἐς

186 2603 262 2670 τόδε
284 2605 486 2691 περιήχθην,
513 2604 594 2691 ὅπερ
614 2604 733 2688 ἀρτίως
752 2602 831 2690 ἡμῖν
852 2602 1036 2680 ἐπεκάλεις·
1058 2607 1191 2686 γαῦρος

186 2727 221 2769 τε
237 2699 301 2787 γὰρ
318 2699 384 2768 ὑπὸ
408 2708 469 2768 τοῦ
489 2703 593 2787 λόγου
617 2706 672 2772 καί
690 2701 853 2788 μετέωρός
876 2707 942 2787 είμι
956 2702 1011 2768 καὶ
1028 2698 1112 2777 ὅλως
1126 2725 1192 2784 μι-

185 2797 270 2887 κρόν
285 2797 394 2867 οὐκέτι
410 2797 511 2868 οῦδὲν
524 2803 648 2870 ἐπινοῶ
657 2829 664 2842 ·
687 2807 774 2869 δοκῶ
792 2801 857 2887 γάρ
873 2827 930 2887 μοι
940 2798 1061 2885 ὅμοιόν
1074 2825 1106 2864 τι
1121 2823 1192 2864 πε-

185 2901 350 2967 πονθέναι
372 2895 455 2984 πρὸς
476 2907 697 2987 φιλοσοφίαν,
722 2897 858 2985 οἷόνπερ
874 2903 929 2967 καὶ
944 2904 978 2966 οί
987 2897 1082 2968 Ἰνδοὶ
1099 2894 1194 2982 πρὸς

186 2997 246 3066 τόν
263 2996 357 3065 οἶνον
373 3000 527 3082 λέγονται
552 3009 692 3085 παθεῖν,
716 3025 771 3067 οτε
793 3005 927 3086 πρῶτον
946 3004 1041 3066 ἔπιον
1060 2994 1172 3064 αὐτοῦ
1181 3023 1192 3037 ·

184 3097 383 3184 θερμότεροι
396 3094 461 3182 γάρ
477 3095 571 3176 ὄντες
585 3099 686 3183 φύσει
705 3099 838 3176 πιόντες
858 3095 997 3185 ἰσχυρόν
1013 3094 1102 3164 οῦτω
1119 3120 1196 3162 πο-

184 3223 244 3266 τον
269 3193 386 3264 αὐτίκα
413 3189 502 3280 μάλα
527 3197 814 3284 ἐξεβακχεύθησαν
834 3199 888 3264 καί
915 3201 1094 3274 διπλασίως
1115 3193 1194 3265 ὑπὸ

184 3303 246 3365 τοῦ
259 3292 407 3382 ἀκράτου
420 3295 632 3383 ἐξεμάνησαν.
659 3293 746 3362 οῦτω
762 3316 816 3361 σοι
826 3296 882 3362 καὶ
891 3291 992 3372 αῦτός
1000 3299 1117 3372 ἔνθεος
1128 3301 1194 3365 καὶ

93 3469 96 3478 ,
184 3395 325 3482 μεθύων
336 3389 402 3462 ῦπό
419 3399 487 3462 των
503 3394 614 3479 λόγων
630 3397 850 3480 περιέρχομαι.
