2550 3825
350 200 572 258 ENAAIOI
591 201 849 260 ΔΙΑΛΟΓΟΙ.
1037 197 1097 261 127

100 354 216 428 αὐτίκα
229 356 361 437 πάντως
383 353 677 444 ἀποθανούμενος·
709 355 773 445 ἐγῶ
796 359 831 425 δέ
848 358 1028 447 ὑπολαβών
1043 362 1098 429 καί

100 452 305 541 ἀναθέμενος
320 453 423 522 αύτόν
439 457 640 543 ἐξενηξάμην
653 462 737 542 ἔχων
751 460 783 534 ἐς
803 464 978 543 Ταίναρον.

185 562 284 623 ΠΟΣ.
304 553 444 623 Ἐπαινῶ
460 576 497 622 σε
511 563 568 643 τῆς
583 563 815 643 φιλομουσίας·
844 557 937 638 ἀξιον
952 554 1015 643 γάρ
1038 556 1097 628 τὸν

101 649 225 722 ιιισθδν
241 651 453 731 ἀποδέδωκας
467 652 557 744 αὐτῷ
574 652 771 740 ἀκροάσεως.

580 910 608 970 9.

228 1017 562 1070 ΠΟΣΕΙΔΩΝΟΣ
587 1021 668 1071 ΚΑΙ
692 1020 966 1074 ΝΗΡΗΙΔΩΝ.
1114 1016 1165 1070 310

184 1155 211 1217 1.
233 1158 335 1218 ΠΟΣ.
362 1147 406 1216 Τδ
424 1151 485 1236 μὲν
503 1150 620 1218 στενὸν
633 1160 748 1238 τούτο,
772 1158 857 1221 ἔνθα
871 1153 891 1241 ἡ
907 1168 984 1233 παίς
999 1181 1099 1240 κατη-

100 1245 462 1334 νέχθη,Ἑλλησποντος
473 1246 530 1314 ἀπ’
544 1246 644 1335 αὐτῆς
655 1257 839 1318 καλείσθω·
855 1250 915 1319 τὸν
927 1254 963 1320 δὲ
974 1249 1096 1337 νεκρὸν
1114 1266 1161 1319 311

101 1341 209 1429 ὑμεῖς,
225 1335 254 1461 φά
268 1349 444 1431 Νηρηίδες,
460 1354 710 1433 παραλαβοῦσαι
721 1354 760 1436 τῇ
775 1350 906 1440 Τρῳάδι
918 1354 1099 1436 προσενέγ-

101 1465 194 1527 κατε,
212 1467 255 1518 ως
270 1448 387 1528 ταφείη
403 1440 468 1510 ὑπὸ
485 1450 552 1511 τῶν
567 1447 759 1531 ἐπιχωρίων.

184 1547 295 1608 ΑΜΦ.
317 1545 505 1628 Μηδαμῶς,
521 1535 740 1629 ῶΠόσειδον,
758 1541 831 1612 ἀλλ’
845 1547 992 1612 ἐνταῦθα
1003 1548 1040 1613 ἐν
1054 1552 1099 1633 τῷ

102 1637 265 1729 ἐπωνύμῳ
286 1640 421 1725 πελάγει
435 1640 616 1726 τεθάφθω·
648 1643 806 1727 ἐλεοῦμεν
820 1640 884 1728 γάρ
905 1639 1011 1729 αὐτὴν
1027 1651 1099 1710 οίκ-

102 1758 192 1804 ειστα
207 1735 273 1804 ὑπὸ
289 1745 345 1822 τῆς
360 1744 520 1823 μητρυιᾶς
535 1748 754 1807 πεπονθυῖαν.

182 1842 286 1902 ΠΟΣ.
307 1841 412 1902 Τούτο
424 1838 495 1921 μέν,
509 1829 535 1902 ῶ
550 1835 748 1925 Ἀμφιτρίτη,
764 1835 805 1905 ού
815 1841 927 1925 θέμις·
950 1835 1028 1906 ούδὲ
1039 1837 1100 1906 ἀλ-

100 1942 165 2011 λως
179 1929 283 2000 καλὸν
303 1934 450 2001 ἐνταῦθά
466 1958 532 2001 που
547 1946 678 2003 κεῖσθαι
699 1934 764 2004 ὑπὸ
786 1944 826 2025 τῇ
841 1939 964 2026 ψάμμῳ
981 1934 1097 2023 αὐτήν,

101 2028 176 2099 ἀλλ’
191 2028 273 2115 ὅπερ
288 2037 374 2117 ἔφην
388 2033 424 2098 ἐν
438 2040 478 2119 τῇ
496 2034 627 2123 Τρῳάδι
641 2029 662 2119 η’
683 2036 721 2100 ἐν
736 2035 936 2123 Χερρονήσῳ
953 2033 1099 2114 τεθάψε-
1115 2048 1180 2121 δινΙ

100 2154 162 2197 ται.
179 2130 284 2195 ἐκεῖνο
297 2131 333 2195 δὲ
342 2129 559 2214 παραμύθιον
573 2128 614 2197 ού
625 2129 747 2216 μικρὸν
759 2137 847 2199 ἔσται
860 2129 953 2219 αὐτῇ,
964 2131 1015 2200 ὅτι
1025 2130 1098 2219 μετ’

101 2224 215 2312 ὀλίγον
228 2224 269 2292 τά
289 2218 373 2293 αύτά
394 2230 448 2293 καὶ
465 2226 485 2313 ἡ
503 2224 574 2295 ’1νώ
593 2236 739 2297 πείσεται
753 2231 808 2296 καὶ
826 2231 1010 2314 ἐμπεσεῖται
1031 2228 1097 2296 ὑπὸ

99 2330 160 2393 τοῦ
171 2321 378 2409 Ἀθάμαντος
393 2329 577 2410 διωκομένη
593 2328 625 2405 ἐς
635 2323 672 2393 τὸ
690 2328 830 2411 πέλαγος
844 2324 901 2393 ἀπ’
917 2325 1099 2412 ἀκροατοῦ

100 2428 329 2507 Κιθαιρῶνος,
345 2420 425 2489 καθ’
439 2421 521 2507 ὅπερ
531 2424 673 2509 καθήκει
684 2426 716 2501 ἐς
726 2420 788 2509 την
798 2423 985 2509 θάλατταν,
1003 2429 1098 2508 ἐχου-

9 2508 12 2521 ’
101 2541 143 2587 σα
157 2518 284 2589 καὶτὸν
301 2519 377 2589 υίὸν
391 2523 443 2590 ἐπὶ
460 2529 517 2607 τῆς
536 2519 690 2607 ἀγκάλης.
720 2517 803 2589 ἀλλά
819 2518 977 2606 κάκείνην
997 2526 1100 2588 σῶσαι

101 2619 212 2705 δεήσει
222 2622 464 2706 χαρισαμένους
474 2626 519 2710 τῷ
530 2619 704 2709 Διονύσῳ·
722 2615 846 2705 τροφὰς
857 2614 922 2704 γάρ
931 2612 1036 2684 αύτοῦ
1047 2618 1101 2683 καὶ

99 2724 197 2804 τίτθη
212 2716 232 2805 ἡ
246 2716 327 2787 Ἰνά.

184 2822 214 2883 2.
239 2824 350 2885 ΑΜΦ.
376 2814 448 2886 Ούκ
463 2821 562 2904 ἐχρῆν
578 2815 667 2885 οὕτω
682 2814 834 2901 πονηράν
849 2808 964 2882 οὖσαν.
1018 2810 1022 2817 ’

183 2920 288 2982 ΠΟΣ.
306 2912 403 2983 Ἀλλά
415 2922 460 3004 τῳ
468 2916 626 3004 Διονύσῳ
639 2913 842 3000 ἀχαριστεῖν,
861 2906 887 2980 ῶ
898 2910 1099 2999 Ἀμφιτρίτη,

98 3008 162 3078 οὐκ
178 3008 280 3091 ἀξιον.
1118 3024 1169 3078 313

184 3116 286 3178 ΝΗΡ.
310 3108 405 3195 Λύτη
420 3113 457 3177 δὲ
471 3109 536 3197 ἀρα
550 3118 582 3177 τί
597 3117 753 3177 παθοῦσα
771 3112 949 3177 κατέπεσεν
963 3104 1102 3175 ἀπὸτοῦ

99 3213 215 3291 κριούς
238 3205 256 3274 ὁ
273 3204 417 3293 ἀδελφὸς
432 3210 467 3274 δέ
482 3204 499 3273 ὁ
516 3210 635 3293 Φρίξος
650 3206 807 3294 ἀσφαλῶς
823 3204 961 3292 ὀχείται;

183 3310 288 3373 ΠΟΣ.
312 3305 474 3383 Εἰκότως·
497 3311 630 3384 νεανίας
643 3303 709 3393 γάρ
724 3309 779 3373 καί
794 3301 937 3381 δυνατὸς
953 3300 1100 3386 ἀντέχειν

97 3400 184 3487 πρὸς
193 3400 255 3489 τὴν
267 3402 394 3489 φοράν,
405 3399 426 3491 ἡ
439 3404 475 3471 δὲ
489 3401 548 3470 ὑπ’
562 3401 701 3490 ἀηθείας
712 3407 851 3490 ἐπιβᾶσα
865 3397 1025 3489 ὀχήματος
1037 3426 1099 3469 πα-
