2550 3825
464 220 781 277 ΚΑΤΑΠΛΟΥΣ.
1061 216 1123 282 285

120 374 295 459 ε’κπαίματα
310 378 365 443 καλ
383 383 441 454 τάς
458 385 572 455 κλίνας
587 376 645 454 τάς
665 375 913 462 ἀργυρόποδας*
944 386 991 447 ἔτι
1012 379 1047 446 δὲ
1069 381 1123 446 καὶ

120 469 139 556 ἡ
156 486 251 539 κνῖσα
265 471 286 559 ἡ
298 482 365 541 τῶν
376 481 625 561 σκευαζομένων
641 481 685 552 είς
697 474 733 541 τό
750 481 885 543 δεῖπνον
899 474 1058 543 ἀπέκναιέ
1069 502 1120 561 με,

121 565 203 635 οἷστε
217 567 485 656 ὑπεράνθρωπός
501 599 549 650 τις
570 569 656 658 ἀνὴρ
673 576 728 641 καὶ
747 573 934 660 τρισόλβιός
948 598 1004 659 μοι
1024 599 1120 639 κατε·
1138 597 1189 652 639

121 673 256 750 φαίνετο
271 671 325 737 καὶ
339 673 519 755 μονονουχὶ
532 677 678 738 καλλίων
694 672 749 738 καὶ
759 669 963 756 ὑψηλότερος
978 668 1045 760 ὅλῳ
1055 670 1120 755 κη’-

120 793 167 851 ηει
184 776 360 859 βασιλικῷ,
380 771 596 856 ἐπαιρόμενος
614 778 654 858 τη
668 770 751 857 τάχη
767 773 821 838 καὶ
836 776 963 854 σεμνῶς
979 775 1120 855 προβαί-

121 890 189 932 νων
204 868 257 933 καὶ
274 866 393 935 ἑαυτόν
408 869 607 950 ἐξυπτιάζων
625 870 680 936 καὶ
696 865 775 946 τούς
789 866 1049 953 ἐντυγχάνοντας
1065 870 1120 934 ε’κ-

119 962 286 1046 πληττων·
309 967 378 1034 ἐπεὶ
393 967 429 1034 δὲ
443 964 631 1051 ἀπέθανεν,
647 962 746 1043 αότός
757 991 792 1032 τε
806 968 1002 1050 παγγέλοιος
1017 964 1118 1050 εόφθη

118 1083 175 1143 μοι
194 1057 448 1148 ἀποδυσάμενος
469 1060 531 1150 τὴν
550 1062 700 1148 τρυφήν,
729 1059 902 1148 κάμαυτοῦ
922 1068 969 1130 ἔτι
990 1070 1118 1149 μᾶλλον

119 1162 319 1244 κατεγέλων,
345 1156 418 1228 οἷον
446 1163 604 1248 κάθαρμα
631 1161 807 1247 ἐτεθήπειν
831 1157 895 1227 άπό
925 1167 983 1246 τῆς
1004 1169 1118 1246 κνίσης

117 1257 373 1342 τεκμαιρόμενος
384 1255 489 1327 αὐτοῦ
499 1256 561 1345 τὴν
572 1256 788 1344 εὐδαιμονίαν
799 1260 853 1325 καὶ
863 1264 1051 1344 μακαριῖων
1067 1260 1118 1327 ἐπὶ

117 1361 162 1444 τῷ
174 1357 286 1439 αἵματι
296 1363 364 1422 τῶν
376 1361 412 1424 ἐν
422 1365 462 1447 τῇ
471 1366 649 1445 Λακωνικῇ
659 1357 807 1445 θαλάττῃ
817 1362 988 1442 κοχλίδων.
1013 1362 1062 1427 17.
1076 1356 1118 1426 οό

117 1453 223 1538 μόνον
234 1453 270 1520 δὲ
280 1463 417 1542 τοῦτον,
436 1453 519 1524 άλλά
535 1458 590 1523 καὶ
600 1453 661 1522 τδν
675 1452 850 1540 δανειστὴν
859 1461 1020 1540 Γνίφωνα
1035 1453 1117 1524 ίδών

118 1551 275 1616 στένοντα
300 1553 355 1619 καλ
375 1554 702 1639 μεταγιγνώσκοντα,
726 1550 777 1618 ότι
796 1550 840 1637 μη
865 1551 1029 1620 α’πέλαυσε
1049 1560 1117 1620 τῶν

117 1649 308 1734 χρημάτων,
325 1647 398 1718 ἀλλ’
412 1649 571 1736 άγενστος
582 1648 694 1718 αὐτῶν
705 1647 853 1717 άπέθανε
864 1657 909 1741 τῷ
921 1647 1117 1740 άσότφῬο-

118 1747 248 1832 δοχάρει
262 1745 323 1833 τὴν
335 1745 453 1817 οὐσίαν
465 1749 667 1834 καταλιπόν,
677 1791 720 1802 -
730 1740 827 1827 οὗτος
842 1747 907 1835 γάρ
923 1748 1059 1835 άγχιστα
1074 1742 1117 1835 ἦν

117 1842 205 1935 αὐτῷ
220 1849 339 1932 γένους
358 1849 412 1916 καλ
433 1855 562 1935 πρῶτος
577 1850 628 1917 ἐπὶ
648 1845 708 1915 τόν
723 1853 848 1935 κλῆρον
863 1849 1008 1916 ε’καλείτο
1027 1846 1116 1933 παρὰ

115 1950 183 2010 τῶν
197 1945 312 2030 νόμων
326 1986 369 1997 -
384 1944 445 2014 οὐκ
461 1945 549 2032 εἶχον
571 1946 661 2025 ὅπως
681 1945 882 2013 καταπαύσω
901 1944 961 2013 τόν
979 1947 1116 2031 γέλωτα,

117 2042 170 2106 καὶ
186 2043 327 2124 μάλιστα
341 2047 550 2128 μεμνημένος
567 2042 611 2121 ὡς
627 2042 729 2129 ὦχρός
745 2042 795 2111 άεὶ
809 2047 864 2111 καὶ
880 2041 1048 2129 αὐχμηρὸς
1062 2036 1115 2128 ἦν,

118 2141 294 2220 φροντίδος
310 2137 346 2205 τό
362 2143 515 2224 μέτωπον
528 2138 701 2217 ἀνάπλεως
715 2142 770 2206 καὶ
784 2140 899 2225 μόνοις
912 2154 980 2217 τοῖς
992 2141 1115 2207 δακνά·
1133 2159 1185 2212 640

117 2240 186 2312 λοις
196 2244 365 2323 πλουτῶν,
383 2234 431 2316 οἷς
445 2239 588 2306 τάλαντα
600 2241 654 2305 καὶ
669 2238 832 2323 μυριάδας
844 2242 1014 2323 ἐλογίζετο,
1031 2236 1114 2305 κατὰ

116 2331 237 2419 μικρὸν
252 2339 421 2423 συλλέγων
432 2335 471 2404 τά
486 2334 557 2423 μετ’
571 2336 684 2422 ὀλίγον
696 2333 947 2421 ἐκχυθησόμενα
958 2334 1041 2422 πρὸς
1055 2343 1115 2403 τοῦ

116 2440 282 2516 μακαρίου
297 2431 521 2519 Ῥοδοχάρους.
556 2432 640 2503 ἀλλὰ
663 2441 696 2502 τί
716 2431 778 2501 οὐκ
800 2431 1012 2520 ἀπερχόμεθα
1034 2433 1114 2521 ἤδη;

114 2533 170 2597 καὶ
184 2529 306 2616 μεταξύ
319 2530 383 2617 γάρ
395 2534 550 2612 πλέοντες
560 2531 600 2601 τά
615 2533 714 2601 λοιπά
730 2532 940 2619 γελασόμεθα
955 2534 1114 2619 οίμοόζον-

114 2654 172 2706 τας
186 2626 309 2707 αὐτοὺς
323 2627 475 2714 ὁρῶντες.

198 2734 332 2796 ΚΛΩΘ.
346 2725 518 2816 Ἔμβαινε,
541 2731 597 2797 ἵνα
612 2734 667 2798 καὶ
688 2729 885 2818 άνιμησηται
906 2730 923 2799 ὁ
942 2728 1114 2819 πορθμεὺς

115 2822 150 2891 τό
167 2821 338 2909 άγκάριον.
938 2883 941 2887 .

200 2929 249 2992 18.
268 2932 365 2992 ΧΑΡ.
384 2918 508 3011 Οὗτος,
525 2941 585 2995 ποί
593 2930 695 3015 φέρῃς
712 2936 834 3015 πλῆρες
844 2926 908 3014 ἤδη
919 2925 956 2995 τό
971 2926 1114 3012 σκάφος·

114 3020 219 3090 αὐτοῦ
234 3031 390 3109 περίμενε
405 3030 450 3103 είς
461 3023 597 3111 αὔριον·
619 3028 728 3094 ἕωθέν
739 3048 776 3095 σε
788 3027 1112 3111 διαπορθμεύσομεν.

198 3127 295 3190 ΜΙΚ.
313 3118 467 3206 Ἆδικεῖς,
485 3116 512 3190 ό
527 3123 669 3211 Χάρων,
695 3128 800 3193 ἕωλον
813 3122 877 3211 ἤδη
893 3121 1014 3207 νεκρόν
1031 3120 1115 3189 άπο-

113 3218 303 3303 λιμπάνων·
326 3218 437 3307 ἀμέλει
454 3221 625 3308 γράψομαί
636 3244 673 3290 σε
687 3223 893 3309 παρανόμων
909 3224 960 3289 ἐπὶ
973 3227 1033 3288 τοῦ
1042 3217 1114 3288 Ῥα-

113 3317 318 3401 δαμάνθυος.
334 3328 423 3404 οίμοι
434 3326 502 3388 τῶν
515 3328 644 3388 κακοῦν·
661 3320 724 3407 ἤδη
737 3322 910 3389 πλέουσιν·
927 3316 992 3404 ἐγώ
1005 3319 1040 3386 δὲ
1051 3319 1114 3404 μό-

114 3436 170 3489 νος
181 3414 328 3481 ἐνταῦθα
337 3425 615 3501 περιλελείψομαι.
627 3426 733 3487 καίτοι
743 3426 777 3486 τί
784 3416 824 3485 οὐ
834 3417 1030 3504 διανήχομαι
1040 3421 1112 3490 κατ’
