2550 3825
339 193 590 252 NEKPIKOI
608 193 867 252 ΔΙΑΛΟΓΟΙ.
1047 192 1108 256 1⁵³

187 357 275 419 ΦΙΛ.
295 347 433 419 Ούιιοῦν
444 354 499 420 καί
510 351 564 436 σύ,
578 345 604 420 ὦ
615 354 784 435 Μένιππε,
796 348 931 420 ἀπόθου
941 351 1003 439 τὴν
1014 354 1108 422 έλευ-

104 455 223 534 θερίαν
234 451 290 517 καὶ
300 455 489 536 παρρησίαν
500 453 554 517 καὶ
568 447 605 516 τὸ
618 447 750 518 άλυπον
764 452 818 518 καὶ
832 448 869 518 τό
886 466 1043 537 γενναίου
1054 454 1108 520 καὶ

103 546 161 616 τὸν
177 552 319 634 γέλωτα·
342 548 445 634 μόνος
460 555 547 634 γοῦν
562 554 629 614 τῶν
646 547 758 616 ἀλλων
773 557 880 639 γελᾷς.

185 656 289 716 ΕΡΜ.
311 652 502 733 Μηδαμῶς,
525 644 609 714 ἀλλὰ
630 651 685 716 καλ
701 655 753 734 ἔχε
768 658 889 738 ταῦτα,
910 658 1022 738 κούφα
1042 650 1108 739 γάρ

102 751 156 816 καλ
170 749 262 816 πάνυ
279 745 408 834 εύφορα
425 744 505 814 ὄντα
519 749 574 814 καλ
586 745 670 832 πρὸς
680 745 740 813 τόν
750 750 944 817 κατάπλουν
954 750 1107 836 χρήσιμα.

103 855 152 917 10.
174 850 229 916 καὶ
246 845 263 914 ὁ
279 846 388 935 ῥήτωρ
405 848 440 913 δὲ
456 842 499 912 σύ
514 843 650 913 ἀπόθου
664 854 731 912 των
743 846 899 933 ῥημάτων
910 844 971 932 τὴν
985 847 1108 914 τοσαύ-

102 972 161 1032 την
183 943 467 1031 ἀπεραντολογίαν
487 946 542 1012 καλ
558 941 745 1022 ἀντιθέσεις
765 946 820 1011 καλ
838 946 1038 1031 παρισώσεις
1051 950 1107 1013 καλ
1125 958 1176 1014 374

101 1045 278 1130 περιόδους
286 1046 340 1110 καὶ
349 1039 600 1130 βαρβαρισμοὺς
609 1045 665 1110 καὶ
674 1040 713 1110 τά
723 1043 805 1110 ἀλλα
815 1044 901 1131 βάρη
910 1052 977 1112 τῶν
987 1044 1106 1130 λόγων.

185 1149 284 1209 ΡΗΤ.
301 1138 366 1208 Ἢν
383 1140 475 1226 ίδού,
490 1138 700 1229 ἀποτίθεμαι.

185 1247 288 1308 ΕΡΜ.
310 1232 362 1308 Εὖ
385 1245 465 1325 ἔχει·
491 1237 574 1306 ὥστε
590 1241 650 1307 λύε
666 1239 705 1308 τά
722 1237 879 1327 ἀπόγεια,
899 1241 960 1328 τὴν
978 1239 1106 1329 ἀποβά-

102 1349 194 1424 θραν
211 1337 424 1426 ἀνελώμεθα,
446 1336 482 1406 τὰ
498 1335 663 1424 ἀγκύριον
675 1337 896 1424 ἀνεσπάσθω,
911 1341 1054 1408 πέτασον
1068 1337 1104 1408 τδ

101 1443 224 1524 ίστίον,
245 1437 388 1522 εὔθυνε,
410 1429 625 1522 ύπορθμεύ,
645 1435 682 1504 τὸ
698 1438 876 1523 πηδάλιον·
902 1436 1105 1525 εὐπλοῶμεν.
1135 1457 1138 1462 ·

103 1544 153 1606 11.
174 1543 208 1604 τί
220 1537 386 1624 οίμοέζετε,
404 1529 431 1604 ὦ
446 1537 594 1622 μάταιοι,
610 1539 665 1602 καὶ
676 1536 815 1621 μάλιστα
829 1534 847 1604 ὁ
863 1538 1047 1624 φιλόσοφος
1062 1538 1105 1604 σύ

102 1633 119 1704 ὁ
137 1632 256 1720 ἀρτίως
270 1634 329 1702 τὸν
343 1636 489 1722 πάγωνα
505 1637 729 1722 δεδηωμένος;

185 1743 275 1804 (MA.
298 1731 384 1820 Ὅτι,
413 1725 575 1819 ύῈρμῆ,
602 1729 775 1800 ἀθάνατον
793 1729 887 1822 ᾤμην
913 1730 973 1819 τὴν
996 1731 1106 1818 ψυχὴν

101 1831 272 1919 ὑπάρχειν.
834 1830 837 1835 ’

187 1939 295 1999 ΜΕΝ.
325 1931 505 1999 Ψεύδεται·
528 1929 611 1999 ἀλλα
627 1930 692 2017 γὰρ
708 1937 795 1999 έοικε
811 1942 928 2001 λυπεῖν
943 1931 1057 2001 αύτύν.

185 2036 289 2097 ΕΡΜ.
317 2027 365 2096 Τά
380 2043 475 2110 ποίας

186 2136 297 2197 ΜΕΝ.
313 2127 383 2197 Ὅτι
398 2132 512 2215 μηκέτι
530 2129 701 2216 δειπνήσει
716 2136 878 2215 πολυτελῆ
893 2134 1009 2197 δεῖπνα
1023 2130 1106 2216 μηδὲ

97 2228 234 2312 νύκτωρ
249 2225 345 2307 ἐξιών
366 2226 515 2307 ἅπαντας
531 2228 716 2296 λανθάνων
732 2235 779 2315 τῷ
794 2231 911 2317 ίματίῳ
924 2226 986 2313 τὴν
1000 2254 1106 2313 κεφα-

97 2324 163 2412 λην
178 2326 372 2411 κατειλήσας
387 2334 549 2413 περίεισιν
562 2329 599 2394 ἐν
616 2326 730 2417 κύκλῳ
743 2323 783 2391 τά
797 2339 1030 2410 χαμαιτυπεῖα,
1050 2328 1106 2393 καὶ

97 2427 208 2492 ἕωθεν
223 2425 392 2503 ἐξαπατῶν
405 2422 483 2503 τούς
504 2429 602 2504 νέους
622 2428 674 2492 ἐπὶ
687 2433 726 2513 τη
742 2431 843 2511 σοφίᾳ
863 2422 1028 2510 ἀργύριον
1044 2424 1106 2510 λη’-

96 2538 211 2604 ψεται·
234 2530 337 2590 ταῦτα
353 2531 454 2591 λυπεῖ
465 2520 577 2591 αὐτόν.

184 2630 272 2691 ΦΙΛ.
297 2619 351 2688 Σύ
366 2621 447 2707 γάρ,
464 2613 492 2688 οἶ
505 2624 681 2705 Μένιππε,
697 2617 759 2688 ούκ
776 2619 864 2709 ἀχθη
880 2618 1084 2701 ἀποθανάν;

186 2727 295 2787 ΜΕΝ.
315 2727 409 2806 Πῶς,
425 2718 461 2800 δς
478 2726 623 2789 ἔσπευσα
638 2721 691 2787 ἐπὶ
704 2716 764 2786 τὸν
778 2718 930 2786 θάνατον
943 2720 1106 2786 καλέσαν-

96 2847 152 2899 τος
173 2818 333 2905 μηδενύς;
378 2825 428 2887 12.
460 2817 543 2888 ἀλλά
565 2819 687 2905 μεταξύ
707 2818 818 2904 λύγων
841 2816 882 2885 ού
906 2818 1036 2905 κραυγή
1059 2844 1106 2896 τις
1122 2840 1174 2897 375

97 2918 255 2988 ἀκούεται
272 2916 382 3004 ὥσπερ
400 2924 503 2987 τινῶν
518 2916 583 2985 ἀπὸ
600 2925 660 3003 γης
673 2917 848 3005 βοωντων;

182 3024 287 3085 ΕΡΜ.
310 3023 396 3103 Ναί,
419 3009 445 3084 ἀ
462 3018 640 3101 Μένιππε,
663 3012 725 3082 ούκ
742 3012 800 3100 ἀφ’
818 3014 892 3093 ἑνός
912 3040 950 3100 γε
969 3022 1103 3101 χωρίου,

98 3114 171 3187 ἀλλ’
189 3120 223 3184 οί
241 3116 303 3202 μὲν
324 3119 357 3195 ές
376 3115 438 3203 τὴν
456 3119 633 3201 ἐκκλησίαν
655 3113 877 3192 συνελθόντες
891 3112 1029 3200 ἄσμενοι
1047 3141 1105 3201 γε-

98 3223 179 3284 λῶσι
195 3213 317 3292 πάντες
337 3215 389 3282 ἐπὶ
408 3220 454 3305 τῷ
472 3218 649 3299 Λαμπίχου
665 3212 803 3302 θανάτῳ
822 3214 876 3279 καί
896 3210 916 3298 ἡ
934 3211 1020 3299 γυνη
1041 3211 1104 3280 αύ-

98 3320 159 3381 τοῦ
173 3314 345 3396 συνέχεται
362 3310 445 3395 πρὸς
460 3318 527 3379 τῶν
540 3318 715 3397 γυναικών
728 3311 783 3377 καλ
796 3307 836 3375 τά
851 3315 965 3377 παιδία
980 3311 1103 3398 νεογνά

97 3410 179 3480 ὄντα
201 3406 322 3488 ὁμοίως
344 3406 480 3479 κάκεῖνα
495 3407 561 3476 ὑπὸ
576 3419 644 3479 τῶν
664 3415 794 3478 παίδων
813 3409 968 3494 βάλλεται
990 3408 1105 3493 ἀφθά-
