2550 3825
413 726 761 824 rnnnrntlt

134 976 267 1073 oblatam
282 1016 349 1072 mihi
367 1034 384 1073 a
398 1017 430 1072 B.
447 1018 477 1073 G.
494 1019 653 1088 Teubnero‚
666 1020 779 1075 librario
793 1019 1002 1087 honestissimo,
1016 1017 1130 1073 Lueian'r

23 1128 25 1155 ι
63 1100 165 1157 edendi
180 1102 358 1157 occasionem
373 1118 429 1157 non
442 1110 607 1174 aspernatus
625 1120 701 1172 sum,
723 1105 788 1175 quia
803 1106 903 1157 multos
914 1102 997 1157 huius
1013 1102 1129 1173 scripto·

63 1187 100 1241 ris
114 1188 192 1241 loeas
208 1185 305 1241 iterata
318 1202 385 1241 eura
400 1186 436 1243 ad
447 1188 592 1259 pristinam
606 1188 791 1259 integritatem
806 1188 906 1259 partim
915 1187 1048 1242 librorum
1061 1187 1129 1241 seri-

61 1277 171 1341 ptorum
187 1286 241 1341 ope
264 1270 364 1341 partim
385 1271 550 1327 coniecturis
568 1280 595 1327 et
612 1275 647 1328 ab
664 1272 725 1326 aliis
742 1277 770 1327 et
785 1274 820 1327 ab
836 1288 881 1325 me
899 1272 977 1325 iactis
993 1286 1129 1327 revocare

62 1371 148 1425 posse
164 1353 231 1408 mihi
250 1353 377 1409 videbar.
416 1356 470 1410 Pro
488 1355 669 1411 fundamento
686 1361 779 1411 autem
799 1356 873 1410 illam
896 1354 1045 1410 editionem
1066 1370 1129 1410 esse

23 1508 24 1517 ἵ
64 1437 153 1505 volui,
174 1453 247 1509 quae
268 1442 331 1493 ente
347 1440 443 1509 plures
460 1456 548 1494 annos
566 1456 629 1495 mea
647 1456 714 1495 eura
728 1438 845 1511 prodiit,
866 1443 949 1509 atque
970 1438 1078 1509 omnia,
1101 1438 1130 1491 in

64 1521 161 1592 quibus
177 1524 211 1577 ab
233 1522 279 1577 illa
295 1522 496 1578 discedendum
510 1524 621 1595 putavi,
642 1523 696 1579 hae
718 1524 890 1595 praefatione
911 1522 1048 1589 indicavi3
1074 1538 1129 1577 non

62 1606 153 1660 minus
170 1606 267 1661 sedulo
284 1608 394 1663 enotavi
416 1623 513 1663 omnes
528 1610 574 1664 vel
588 1608 747 1664 levissimas
765 1608 983 1679 discrepantias,¹
1008 1622 1081 1677 quae
1102 1623 1130 1660 rn

23 1690 25 1757 j
63 1690 187 1745 Parisino
200 1691 246 1745 ilia
256 1690 370 1745 Luoiani
385 1692 516 1761 editione,
531 1693 704 1768 recensionis
715 1692 827 1747 nomine
842 1690 913 1748 ialso
929 1692 1069 1763 insignita,
1086 1708 1129 1746 eur

23 1780 24 1787 ’
60 1772 242 1829 adornandae
257 1776 402 1846 prospexit
417 1774 466 1831 Gu.
480 1775 654 1844 Dindorfius‚
676 1777 859 1848 reperiuntur.
904 1775 1127 1833 Coniecturarurn

23 1848 24 1861 ¹
60 1857 251 1914 recentissimo
267 1864 392 1931 tempore
410 1876 426 1916 a
440 1860 508 1917 viris
524 1860 611 1916 doctis
629 1861 841 1934 ,propositarum
857 1860 966 1916 nonnisi
988 1877 1038 1916 eas
1054 1877 1126 1916 conr·

23 1965 24 1968 ¹
59 1943 229 2009 memoravi,
257 1958 328 2014 quae
354 1951 401 2000 aut
427 1952 503 2000 reeto
531 1952 604 2001 stare
626 1947 682 2002 tato
705 1945 772 2001 mihi
795 1946 956 2002 viderentur
982 1952 1030 2001 aut
1055 1952 1129 2000 certe

23 2085 24 2100 χ
58 2026 185 2083 nonnihil
200 2027 446 2084 verisimilitudinis
462 2030 491 2084 in
506 2045 538 2084 se
552 2029 704 2097 haberent;
727 2031 850 2101 reliquas
865 2030 997 2087 oblivioni
1018 2029 1128 2097 tradidi,

23 2127 24 2134 ¹
58 2129 93 2168 ne
109 2110 213 2166 limites
231 2109 275 2166 his
291 2113 456 2170 editionibus
473 2113 662 2185 praescriptos
680 2114 901 2186 transgrederer.

23 2209 25 2246 t
126 2211 190 2268 Ser.
210 2211 318 2282 Lipsiae
334 2212 361 2267 d.
376 2215 420 2271 30.
436 2211 508 2272 nov.
526 2230 552 2268 a.
570 2219 648 2272 1851.

23 2293 25 2334 t
799 2299 838 2356 (1.
859 2301 1043 2355 laoobltz.

23 2395 25 2546 ἱ

23 2583 25 2650 i
123 2597 211 2649 Sonm,
233 2611 257 2646 o.
277 2597 293 2646 2
312 2590 359 2644 καὶ
382 2590 514 2658 λιθοξόος
538 2587 568 2646 ἐν
591 2599 652 2654 τοῖς
704 2589 789 2646 ’λιστα
810 2587 907 2646 eo'donl
942 2598 1060 2655 cruneio
1083 2598 1129 2648 oir-

23 2657 24 2686 ¹
55 2666 224 2744 cumeoripsir
243 2664 336 2746 delevit
349 2665 464 2718 Dindorf.
481 2683 502 2721 o.
518 2667 534 2718 3
550 2669 649 2718 restitui
680 2663 812 2731 πιτηδεία
828 2683 875 2732 pro
893 2611 1059 2731 ὣτήδειος.
1078 2669 1128 2717 ed

55 2729 108 2798 τὴν
134 2747 226 2783 voum
250 2732 331 2798 ολην]
359 2725 412 2798 τὴν
435 2733 574 2801 σκυτάλην
596 2735 755 2803 Steigerthal.
792 2740 850 2790 e.7
875 2729 940 2787 οὐδὲ
962 2729 1009 2786 ἐπὶ
1026 2727 1128 2799 λόγοις]

23 2815 25 2866 t
54 2794 112 2852 ἀλλ’
131 2793 177 2851 ἐπ’
191 2795 283 2866 ἔργοις
308 2803 405 2854 addidit
421 2804 538 2858 Dindorf.
575 2806 632 2858 o.8
657 2797 713 2856 οἷπό
730 2798 799 2873 peip]
823 2797 879 2855 οἱπὸ
905 2803 958 2871 γὰρ
980 2799 1031 2870 μὲν
1051 2807 1127 2856 idem.

54 2873 115 2926 idid.
140 2887 191 2938 pro
214 2873 291 2922 altero
314 2869 406 2935 γένοιο
430 2875 498 2925 idem
520 2869 577 2942 ἔσῃ.
607 2870 698 2940 γένοιο
722 2879 814 2927 retinet
837 2875 914 2925 Geist.
952 2891 974 2930 ο.
999 2875 1016 2927 9
1040 2866 1129 2924 πολλοὶ

53 2933 223 3006 θαυμαστὰ]
246 2933 397 3005 θαυμαστὰ
414 2941 502 2994 πολλὰ
520 2947 555 2994 id.
593 2962 614 2994 o.
642 2948 683 2999 12.
708 2943 759 3009 τῆς
783 2936 926 3026 δυνάμεως
950 2942 1006 2994 τῶν
1029 2939 1128 3009 λόγων]

54 3011 108 3060 τῶν
127 3007 222 3074 λόγων
240 3009 289 3074 τῆς
307 3002 450 3074 δυνάμεως
466 3016 500 3064 id.
537 3031 559 3065 ο.
580 3015 612 3066 13
634 3005 746 3081 αὐτοὺς]
766 3006 800 3064 οὗ
815 3028 881 3072 save
896 3016 933 3066 id.
956 3022 1057 3065 duotore
1069 3014 1128 3064 Hai-

53 3084 114 3132 mio.
134 3071 223 3142 οἷφεὶς
241 3073 272 3130 δὲ
289 3072 354 3138 τοὺς
378 3081 541 3134 Fritzsehius.
574 3085 634 3138 ibid.
657 3076 790 3148 δυνάμεις
808 3085 908 3134 restitui
929 3099 976 3150 pro
998 3074 1129 3147 δύναμιν.

52 3151 111 3201 iord.
128 3142 284 3212 ἐλεύθερον
299 3165 345 3215 pro
363 3141 531 3216 ἐλευθέριον,
568 3169 590 3204 ο,
614 3156 645 3206 15
662 3145 752 3202 ἐκεῖνο
767 3155 841 3203 urreis
858 3154 959 3204 inclusi.
977 3153 1038 3202 item
1054 3169 1076 3203 ο.
1095 3154 1128 3203 17

52 3235 142 3272 vocem
161 3209 229 3283 ἤδη.
265 3219 326 3270 iord.
347 3209 385 3276 ὥς
408 3211 498 3272 ἐδόκει
522 3212 595 3290 αὐτῷ
620 3222 752 3272 καίεσθαι
775 3214 895 3287 ἡπατρ.
913 3216 1002 3287 οἰκία]
1019 3223 1055 3271 ito
1072 3222 1129 3271 dedi

52 3292 144 3352 partim
162 3290 195 3340 de
211 3304 268 3339 mee
286 3289 378 3354 partim
401 3290 432 3340 de
459 3290 612 3342 Schmiederi
635 3295 776 3344 coniectura
817 3307 859 3342 ro:
885 3285 922 3349 ὥς
941 3282 1032 3341 ἐδόκει
1057 3281 1130 3357 αὐτῷ

52 3355 96 3409 καὶ
112 3350 147 3410 ἐν
169 3356 204 3426 τῇ
225 3349 343 3426 πατρῴᾳ
366 3350 450 3428 οἰκίᾳ.
483 3361 576 3415 Diod:
600 3353 639 3418 oie
653 3352 742 3412 ἐδόκει
764 3359 839 3422 αυτῷ
855 3356 990 3425 [πυρκαϊὰ
1010 3350 1126 3420 ἀναστῇ·

53 3428 107 3497 ναι]
124 3421 160 3480 ἐν
178 3425 215 3496 τῇ
233 3422 350 3498 πατρῴᾳ
367 3421 452 3497 οἰκίᾳ.

883 3501 922 3555 a*

374 3559 610 3682 ormo
