2550 3825
312 173 559 232 ΝΕΚΡΙΚΟΙ
580 173 840 232 ΛΙΛΛΟΓΟΙ.
1016 166 1077 233 147

161 337 270 398 ΔΑΜ
307 329 359 400 Οὐ
376 331 500 418 μόνον,
527 330 610 401 άίίά
628 333 684 400 καὶ
703 329 809 400 αὐτόν
828 351 865 399 σε
886 328 947 398 τδν
967 326 1077 398 ἆίιέα·

79 427 162 498 ὥστε
177 429 323 516 σόφισμα
338 428 420 498 κατά
436 438 563 498 σαυτοῦ
577 434 800 510 συντέθεικας.

162 536 311 598 ΚΝΗΜ.
325 527 457 598 Ἔοικα·
481 530 608 617 οέμάζω
622 538 810 616 τοιγαροῦν.

563 769 592 832 9.
1022 825 1025 831 .

217 880 447 933 mmmm
468 882 552 934 ακτ
576 879 947 936 Ποανατνκτον.

162 1021 190 1084 l.
214 1021 311 1084 ΣΙΜ.
333 1011 446 1091 Ἥκεις
461 1016 555 1094 ποτέ,
580 1006 850 1099 οἶΠολάστρατε,
874 1018 929 1083 καὶ
942 1014 985 1082 σύ
1000 1014 1078 1098 παρ’

77 1110 162 1200 ἡμᾶς
172 1118 227 1199 ἐτη
239 1111 328 1198 οἶμαι
338 1110 379 1178 οὐ
390 1108 477 1180 πολὺ
489 1107 671 1179 άποδέοντα
686 1119 754 1179 τῶν
764 1109 882 1180 ἑκατόν
894 1114 1079 1200 βεβιωκάςς

161 1216 264 1278 ΠΟΛ.
284 1207 384 1278 ’οκτώ
401 1211 453 1277 ἐπί
468 1209 768 1296 τοῑςένενήκοντα,
786 1203 963 1296 άΣιμάλε.

161 1316 260 1378 ΣΙΜ.
282 1315 359 1388 Πῶς
375 1310 429 1377 δαὶ
441 1305 481 1375 τά
498 1305 568 1394 μετ’
586 1309 642 1394 ἐμὲ
656 1316 758 1376 ταῦτα
775 1312 870 1396 ἐβίως
883 1310 1077 1394 τριάκοντας
1093 1326 1146 1381 ³6⁰

78 1405 142 1494 ἐγοδ
160 1404 225 1492 γάρ
242 1405 325 1492 άμφὶ
340 1403 379 1474 τά
396 1405 622 1493 ἑβδομήκοντά
636 1427 700 1474 σου
714 1405 810 1486 ὄντος
826 1405 1008 1476 ἀπέθανον.

161 1512 263 1573 ΠΟΛ.
277 1501 500 1591 Ὑπερήδιστα,
511 1509 541 1572 εί
548 1511 606 1572 καί
612 1524 666 1572 σοι
674 1504 970 1587 παράδοξοντοῠτο
980 1507 1077 1586 δόξει

161 1609 260 1671 ΣΙΜ.
289 1603 504 1688 Παράδοξον,
526 1605 556 1668 εί
576 1603 686 1686 γέρων
706 1627 741 1668 τε
763 1604 818 1670 καί
835 1600 981 1688 άσθινής
1001 1600 1079 1670 άτι-

77 1701 157 1780 κυός
171 1726 205 1768 τε
219 1703 353 1784 προσέτι
367 1698 511 1786 ἥδεσθαι
527 1713 595 1778 τοῖς
609 1701 646 1766 ἐν
660 1705 706 1788 τῷ
723 1706 785 1790 βίῳ
802 1700 954 1768 ἐδύνασο.
1166 1721 1170 1728 ’

162 1805 192 1866 2.
219 1798 332 1866 110Λῖ
359 1794 404 1865 Τδ
425 1797 487 1883 μέν
506 1803 639 1879 πρῶτον
660 1795 790 1865 ἅπαντα
811 1800 996 1885 ἐδυνάμην·
1031 1805 1078 1867 ἔτι

77 1900 132 1967 καί
149 1900 262 1975 παῖδες
278 1893 392 1982 ὡραῖοι
410 1888 497 1983 ἦσαν
513 1896 629 1964 πολλοὶ
647 1896 703 1964 καί
722 1910 880 1983 γυναῖκες
900 1896 1079 1986 ἁβρόταται

77 1998 133 2063 καί
148 1995 238 2083 μόρα
257 1998 312 2064 καὶ
326 1993 416 2074 οἶνος
430 1992 616 2081 ἀνθοσμίας
637 1995 692 2062 καί
706 1995 847 2080 τράπεζα
868 1993 952 2079 ὑπὲρ
968 1993 1026 2073 τας
1042 1997 1079 2062 ἐν

77 2100 225 2183 Σικελίᾳ.

162 2198 260 2260 ΣΙΜ.
280 2189 390 2258 Καινά
407 2196 525 2257 ταῦτα·
554 2188 618 2276 ἐγω
632 2190 698 2276 γάρ
713 2210 751 2257 σε
771 2190 862 2258 πάνυ
878 2191 1079 2277 φειδόμενον

75 2289 274 2378 ἠπιστάμην.
589 2338 592 2343 -
1043 2352 1048 2356 .

161 2394 263 2455 ΙΙΟΛ.
289 2382 376 2454 Ἀλλ’
399 2388 528 2472 ἐπέρρει
545 2411 618 2471 μοι,
644 2378 672 2454 οἶ
692 2398 842 2472 γενναῖε,
867 2381 946 2469 παρ’
968 2383 1079 2452 ἄλλων

75 2483 209 2573 τάγαδά
217 2510 224 2523 ·
247 2485 302 2552 καί
319 2486 427 2551 ἕωθεν
442 2485 503 2570 μὲν
518 2480 624 2561 εὐθὺς
639 2486 691 2551 ἐπί
705 2482 815 2567 δάρας
834 2483 977 2568 ἐφοίτων
990 2481 1078 2569 μάλα

75 2588 212 2667 πολλοί,
232 2578 313 2666 μετὰ
335 2583 371 2649 δέ
387 2582 527 2649 παντοῖά
543 2607 599 2667 μοι
621 2585 711 2667 δῶρα
725 2579 909 2667 προσήγετο
930 2578 1079 2648 ἅπαντα·

73 2681 180 2766 χόθεν
195 2687 252 2767 τής
267 2688 326 2767 γής
339 2678 378 2748 τά
395 2680 561 2749 κάλλιστα.

160 2784 259 2846 ΣΙΜ.
277 2776 537 2865 Ἐτυράννησας,
553 2771 579 2845 ιδ
593 2778 823 2861 Πολύστρατε,
839 2773 909 2861 μετ’
930 2778 988 2862 ἐμέ
992 2804 1002 2856 ;

160 2884 262 2944 ΠΟΛ.
287 2876 376 2961 Οὔκ,
393 2873 466 2945 ἀλλ’
483 2874 622 2959 ἐραστάς
635 2873 724 2961 εἶχον
739 2883 889 2961 μυρίους.

158 2980 258 3043 ΣΙΜ.
279 2972 450 3058 Ἐγέλασα·
472 2971 612 3059 ἐραστάς
628 2970 672 3040 σύ
689 2979 882 3059 τηλικοῦτος
897 2969 962 3057 ὧν,
978 2968 1078 3040 ὀδόν-

72 3097 130 3149 τας
143 3078 299 3155 τέτταρας
315 3077 415 3157 ἐχωνς
1094 3091 1141 3144 361

156 3177 260 3238 ΠΟΛ.
282 3167 338 3257 Νή
352 3176 436 3257 Δία,
457 3168 536 3248 τούς
550 3166 706 3253 άρίστους
719 3194 757 3255 γε
773 3176 840 3237 τῶν
859 3172 896 3236 ἐν
909 3176 949 3258 τῇ
965 3167 1075 3237 πόλει·

71 3269 128 3334 καί
149 3267 292 3354 γέροντά
308 3294 349 3353 με
367 3268 422 3337 καί
444 3266 633 3355 φαλακρόν,
657 3265 701 3346 ὡς
723 3265 819 3356 ὁρᾷς,
839 3265 919 3335 ὄντα
939 3271 994 3336 καί
1015 3276 1079 3354 ίή·

71 3373 187 3436 ιιῶντα
207 3366 342 3450 προσέτι
358 3369 413 3435 καί
433 3372 623 3450 κορυζῶντα
638 3363 846 3452 ὑπερήδοντο
867 3365 1080 3516 ίῙδὸρμπιάου-
