<?xml version="1.0" encoding="UTF-8"?>
<!DOCTYPE html PUBLIC "-//W3C//DTD XHTML 1.0 Transitional//EN"
    "http://www.w3.org/TR/xhtml1/DTD/xhtml1-transitional.dtd">
<html xmlns="http://www.w3.org/1999/xhtml" xml:lang="en" lang="en">
 <head>
  <title>
</title>
<meta http-equiv="Content-Type" content="text/html;charset=utf-8" />
  <meta name='ocr-system' content='tesseract 3.04.00' />
  <meta name='ocr-capabilities' content='ocr_page ocr_carea ocr_par ocr_line ocrx_word'/>
</head>
<body>
  <div class='ocr_page' id='page_1' title='image "./lucianisamosate03jacogoog_0285.png"; bbox 0 0 2550 3825; ppageno 0'>
   <div class='ocr_carea' id='block_1_1' title="bbox 179 182 839 247">
    <p class='ocr_par' dir='ltr' id='par_1_1' title="bbox 179 182 839 247">
     <span class='ocr_line' id='line_1_1' title="bbox 179 182 839 247; baseline -0.009 0"><span class='ocrx_word' id='word_1_1' title='bbox 179 182 245 247; x_wconf 72' lang='grc'><em>256</em></span> <span class='ocrx_word' id='word_1_2' title='bbox 539 185 839 244; x_wconf 78' lang='lat' dir='ltr'><em>AOYKIANOY</em></span> 
     </span>
    </p>
   </div>
   <div class='ocr_carea' id='block_1_2' title="bbox 181 341 1190 626">
    <p class='ocr_par' dir='ltr' id='par_1_2' title="bbox 181 341 1190 626">
     <span class='ocr_line' id='line_1_2' title="bbox 181 341 1185 432; baseline 0 -22"><span class='ocrx_word' id='word_1_3' title='bbox 181 341 342 431; x_wconf 77' lang='grc' dir='ltr'><em>ἡμέτερον</em></span> <span class='ocrx_word' id='word_1_4' title='bbox 358 343 439 412; x_wconf 82' lang='grc' dir='ltr'><em>ὄντα</em></span> <span class='ocrx_word' id='word_1_5' title='bbox 456 343 698 412; x_wconf 89' lang='grc' dir='ltr'><em>κινδυνεύοντα</em></span> <span class='ocrx_word' id='word_1_6' title='bbox 714 342 767 412; x_wconf 79' lang='grc' dir='ltr'><em>ἐπ’</em></span> <span class='ocrx_word' id='word_1_7' title='bbox 790 341 930 432; x_wconf 80' lang='grc' dir='ltr'><em>οὐδεμιᾷ</em></span> <span class='ocrx_word' id='word_1_8' title='bbox 946 345 1112 431; x_wconf 72' lang='grc' dir='ltr'><em>προφάσει</em></span> <span class='ocrx_word' id='word_1_9' title='bbox 1132 347 1185 411; x_wconf 77' lang='grc' dir='ltr'><em>δι·</em></span> 
     </span>
     <span class='ocr_line' id='line_1_3' title="bbox 182 435 1187 529; baseline 0.001 -22"><span class='ocrx_word' id='word_1_10' title='bbox 182 448 258 508; x_wconf 83' lang='grc' dir='ltr'><em>καίοι</em></span> <span class='ocrx_word' id='word_1_11' title='bbox 270 450 374 510; x_wconf 79' lang='grc' dir='ltr'><em>σῶσαι</em></span> <span class='ocrx_word' id='word_1_12' title='bbox 384 445 601 529; x_wconf 78' lang='grc' dir='ltr'><em>δυνηθῶμεν·</em></span> <span class='ocrx_word' id='word_1_13' title='bbox 614 440 658 508; x_wconf 82' lang='grc' dir='ltr'><em>σύ</em></span> <span class='ocrx_word' id='word_1_14' title='bbox 668 443 715 526; x_wconf 86' lang='grc' dir='ltr'><em>δέ,</em></span> <span class='ocrx_word' id='word_1_15' title='bbox 724 435 899 528; x_wconf 77' lang='grc' dir='ltr'><em>ἀἝλεγχε,</em></span> <span class='ocrx_word' id='word_1_16' title='bbox 907 440 1013 509; x_wconf 80' lang='grc' dir='ltr'><em>αύτού</em></span> <span class='ocrx_word' id='word_1_17' title='bbox 1019 447 1187 528; x_wconf 77' lang='grc' dir='ltr'><em>περίμενε.</em></span> 
     </span>
     <span class='ocr_line' id='line_1_4' title="bbox 265 532 1190 626; baseline 0.001 -20"><span class='ocrx_word' id='word_1_18' title='bbox 265 546 395 608; x_wconf 76' lang='lat' dir='ltr'><em>AOYK.</em></span> <span class='ocrx_word' id='word_1_19' title='bbox 418 545 606 626; x_wconf 81' lang='grc' dir='ltr'><em>Μηδαμῶς,</em></span> <span class='ocrx_word' id='word_1_20' title='bbox 631 533 658 606; x_wconf 72' lang='grc' dir='ltr'><em>τό</em></span> <span class='ocrx_word' id='word_1_21' title='bbox 679 543 854 626; x_wconf 77' lang='grc' dir='ltr'><em>δέσποινα,</em></span> <span class='ocrx_word' id='word_1_22' title='bbox 875 537 980 626; x_wconf 79' lang='grc' dir='ltr'><em>ἡκέτω</em></span> <span class='ocrx_word' id='word_1_23' title='bbox 995 540 1031 608; x_wconf 76' lang='grc' dir='ltr'><em>δὲ</em></span> <span class='ocrx_word' id='word_1_24' title='bbox 1050 542 1103 608; x_wconf 78' lang='grc' dir='ltr'><em>καὶ</em></span> <span class='ocrx_word' id='word_1_25' title='bbox 1124 532 1190 607; x_wconf 82' lang='grc' dir='ltr'><em>ού-</em></span> 
     </span>
    </p>
   </div>
   <div class='ocr_carea' id='block_1_3' title="bbox 117 637 1191 3477">
    <p class='ocr_par' dir='ltr' id='par_1_3' title="bbox 173 637 1189 1020">
     <span class='ocr_line' id='line_1_5' title="bbox 180 637 1189 726; baseline 0.001 -21"><span class='ocrx_word' id='word_1_26' title='bbox 180 664 253 724; x_wconf 88' lang='grc' dir='ltr'><em>τος,</em></span> <span class='ocrx_word' id='word_1_27' title='bbox 270 646 300 707; x_wconf 85' lang='grc' dir='ltr'><em>εί</em></span> <span class='ocrx_word' id='word_1_28' title='bbox 313 649 371 709; x_wconf 85' lang='grc' dir='ltr'><em>καί</em></span> <span class='ocrx_word' id='word_1_29' title='bbox 379 667 428 719; x_wconf 90' lang='grc' dir='ltr'><em>τις</em></span> <span class='ocrx_word' id='word_1_30' title='bbox 437 639 552 718; x_wconf 85' lang='grc' dir='ltr'><em>ἀλλος·</em></span> <span class='ocrx_word' id='word_1_31' title='bbox 576 639 618 708; x_wconf 88' lang='grc' dir='ltr'><em>ού</em></span> <span class='ocrx_word' id='word_1_32' title='bbox 627 637 693 725; x_wconf 80' lang='grc' dir='ltr'><em>γὰρ</em></span> <span class='ocrx_word' id='word_1_33' title='bbox 702 654 770 717; x_wconf 80' lang='grc' dir='ltr'><em>τοῖς</em></span> <span class='ocrx_word' id='word_1_34' title='bbox 782 647 919 725; x_wconf 80' lang='grc' dir='ltr'><strong><em>τυχοῦσι</em></strong></span> <span class='ocrx_word' id='word_1_35' title='bbox 931 645 1065 726; x_wconf 79' lang='grc' dir='ltr'><strong><em>θηρίοις</em></strong></span> <span class='ocrx_word' id='word_1_36' title='bbox 1078 661 1189 723; x_wconf 82' lang='grc' dir='ltr'><em>προσ-</em></span> 
     </span>
     <span class='ocr_line' id='line_1_6' title="bbox 173 734 1188 824; baseline -0.006 -20"><span class='ocrx_word' id='word_1_37' title='bbox 173 739 364 823; x_wconf 81' lang='grc' dir='ltr'><em>πολεμῆσαι</em></span> <span class='ocrx_word' id='word_1_38' title='bbox 377 739 486 824; x_wconf 80' lang='grc' dir='ltr'><em>δεήσει</em></span> <span class='ocrx_word' id='word_1_39' title='bbox 497 765 547 823; x_wconf 87' lang='grc' dir='ltr'><em>με,</em></span> <span class='ocrx_word' id='word_1_40' title='bbox 559 735 634 806; x_wconf 87' lang='grc' dir='ltr'><em>ἀλλ’</em></span> <span class='ocrx_word' id='word_1_41' title='bbox 647 737 803 818; x_wconf 77' lang='grc' dir='ltr'><em>ἀλαζόσιν</em></span> <span class='ocrx_word' id='word_1_42' title='bbox 814 734 1010 821; x_wconf 75' lang='grc' dir='ltr'><em>ἀνθρώποις</em></span> <span class='ocrx_word' id='word_1_43' title='bbox 1021 739 1076 804; x_wconf 85' lang='grc' dir='ltr'><em>καὶ</em></span> <span class='ocrx_word' id='word_1_44' title='bbox 1086 741 1188 804; x_wconf 74' lang='grc' dir='ltr'><em>δυσε-</em></span> 
     </span>
     <span class='ocr_line' id='line_1_7' title="bbox 182 833 1169 922; baseline -0.004 -17"><span class='ocrx_word' id='word_1_45' title='bbox 182 841 339 922; x_wconf 81' lang='grc' dir='ltr'><em>λέγκτοις,</em></span> <span class='ocrx_word' id='word_1_46' title='bbox 355 833 409 904; x_wconf 88' lang='grc' dir='ltr'><em>ἀεί</em></span> <span class='ocrx_word' id='word_1_47' title='bbox 416 861 509 914; x_wconf 89' lang='grc' dir='ltr'><em>τινας</em></span> <span class='ocrx_word' id='word_1_48' title='bbox 519 833 698 922; x_wconf 78' lang='grc' dir='ltr'><em>ἀποφυγὰς</em></span> <span class='ocrx_word' id='word_1_49' title='bbox 709 834 968 922; x_wconf 79' lang='grc' dir='ltr'><em>εὑρισκομένοις,</em></span> <span class='ocrx_word' id='word_1_50' title='bbox 985 855 1069 902; x_wconf 74' lang='grc' dir='ltr'><em>οστε</em></span> <span class='ocrx_word' id='word_1_51' title='bbox 1081 845 1169 920; x_wconf 85' lang='grc' dir='ltr'><em>ἀναγ</em></span> 
     </span>
     <span class='ocr_line' id='line_1_8' title="bbox 184 931 477 1020; baseline 0.003 -20"><span class='ocrx_word' id='word_1_52' title='bbox 184 949 275 1012; x_wconf 84' lang='grc' dir='ltr'><em>καῑος</em></span> <span class='ocrx_word' id='word_1_53' title='bbox 290 931 477 1020; x_wconf 83' lang='grc' dir='ltr'><em>ὁἝλεγχος.</em></span> 
     </span>
    </p>

    <p class='ocr_par' dir='ltr' id='par_1_4' title="bbox 184 1023 1188 1217">
     <span class='ocr_line' id='line_1_9' title="bbox 268 1023 1188 1118; baseline -0.004 -18"><span class='ocrx_word' id='word_1_54' title='bbox 268 1039 356 1100; x_wconf 88' lang='grc' dir='ltr'><em>ΦΙΛ.</em></span> <span class='ocrx_word' id='word_1_55' title='bbox 377 1029 650 1118; x_wconf 87' lang='grc' dir='ltr'><em>Ἀναγκαιότατος</em></span> <span class='ocrx_word' id='word_1_56' title='bbox 670 1032 731 1116; x_wconf 76' lang='grc' dir='ltr'><em>μὲν</em></span> <span class='ocrx_word' id='word_1_57' title='bbox 747 1023 825 1097; x_wconf 88' lang='grc' dir='ltr'><em>ούν·</em></span> <span class='ocrx_word' id='word_1_58' title='bbox 848 1028 987 1115; x_wconf 85' lang='grc' dir='ltr'><em>ἀμεινον</em></span> <span class='ocrx_word' id='word_1_59' title='bbox 1002 1031 1056 1115; x_wconf 85' lang='grc' dir='ltr'><em>δέ,</em></span> <span class='ocrx_word' id='word_1_60' title='bbox 1081 1034 1112 1097; x_wconf 87' lang='grc' dir='ltr'><em>εί</em></span> <span class='ocrx_word' id='word_1_61' title='bbox 1132 1047 1188 1096; x_wconf 77' lang='grc' dir='ltr'><em>κατ’</em></span> 
     </span>
     <span class='ocr_line' id='line_1_10' title="bbox 184 1128 667 1217; baseline -0.008 -21"><span class='ocrx_word' id='word_1_62' title='bbox 184 1128 246 1217; x_wconf 78' lang='grc' dir='ltr'><em>τὴν</em></span> <span class='ocrx_word' id='word_1_63' title='bbox 259 1128 439 1209; x_wconf 79' lang='grc' dir='ltr'><em>Ἀπόδειξιν</em></span> <span class='ocrx_word' id='word_1_64' title='bbox 453 1128 667 1215; x_wconf 79' lang='grc' dir='ltr'><em>παραλάβοις.</em></span> 
     </span>
    </p>

    <p class='ocr_par' dir='ltr' id='par_1_5' title="bbox 185 1222 1188 1412">
     <span class='ocr_line' id='line_1_11' title="bbox 268 1222 1188 1311; baseline -0.005 -17"><span class='ocrx_word' id='word_1_65' title='bbox 268 1235 402 1296; x_wconf 79' lang='grc' dir='ltr'><em>ΑΛΗΘ.</em></span> <span class='ocrx_word' id='word_1_66' title='bbox 416 1224 560 1294; x_wconf 73' lang='grc' dir='ltr'><em>Ἕπεσθε</em></span> <span class='ocrx_word' id='word_1_67' title='bbox 570 1227 701 1311; x_wconf 87' lang='grc' dir='ltr'><em>πάντες,</em></span> <span class='ocrx_word' id='word_1_68' title='bbox 718 1227 850 1308; x_wconf 83' lang='grc' dir='ltr'><em>ἐπείπερ</em></span> <span class='ocrx_word' id='word_1_69' title='bbox 862 1222 1116 1308; x_wconf 90' lang='grc' dir='ltr'><em>ἀναγκαιότατοι</em></span> <span class='ocrx_word' id='word_1_70' title='bbox 1128 1227 1188 1290; x_wconf 90' lang='grc' dir='ltr'><em>δο-</em></span> 
     </span>
     <span class='ocr_line' id='line_1_12' title="bbox 185 1321 561 1412; baseline 0 -20"><span class='ocrx_word' id='word_1_71' title='bbox 185 1340 270 1393; x_wconf 78' lang='grc' dir='ltr'><em>κεῖτε</em></span> <span class='ocrx_word' id='word_1_72' title='bbox 283 1322 366 1412; x_wconf 80' lang='grc' dir='ltr'><em>πρὸς</em></span> <span class='ocrx_word' id='word_1_73' title='bbox 380 1321 442 1410; x_wconf 83' lang='grc' dir='ltr'><em>τὴν</em></span> <span class='ocrx_word' id='word_1_74' title='bbox 456 1329 561 1409; x_wconf 86' lang='grc' dir='ltr'><em>δίκην.</em></span> 
     </span>
    </p>

    <p class='ocr_par' dir='ltr' id='par_1_6' title="bbox 186 1411 1187 1606">
     <span class='ocr_line' id='line_1_13' title="bbox 270 1411 1187 1511; baseline -0.008 -20"><span class='ocrx_word' id='word_1_75' title='bbox 270 1428 319 1491; x_wconf 86' lang='grc'><em>18.</em></span> <span class='ocrx_word' id='word_1_76' title='bbox 342 1429 488 1490; x_wconf 87' lang='grc' dir='ltr'><em>ΑΡΙΣΤ.</em></span> <span class='ocrx_word' id='word_1_77' title='bbox 506 1420 620 1511; x_wconf 75' lang='grc' dir='ltr'><em>Ὁρᾷςς</em></span> <span class='ocrx_word' id='word_1_78' title='bbox 642 1428 919 1507; x_wconf 81' lang='grc' dir='ltr'><em>προσεταιρίζεται</em></span> <span class='ocrx_word' id='word_1_79' title='bbox 933 1417 1013 1489; x_wconf 78' lang='grc' dir='ltr'><em>καθ’</em></span> <span class='ocrx_word' id='word_1_80' title='bbox 1029 1416 1141 1506; x_wconf 75' lang='grc' dir='ltr'><em>ἡμῶν,</em></span> <span class='ocrx_word' id='word_1_81' title='bbox 1161 1411 1187 1485; x_wconf 79' lang='grc' dir='ltr'><em>ά</em></span> 
     </span>
     <span class='ocr_line' id='line_1_14' title="bbox 186 1517 663 1606; baseline -0.01 -15"><span class='ocrx_word' id='word_1_82' title='bbox 186 1527 389 1606; x_wconf 81' lang='grc' dir='ltr'><em>Φιλοσοφία,</em></span> <span class='ocrx_word' id='word_1_83' title='bbox 404 1518 465 1605; x_wconf 81' lang='grc' dir='ltr'><em>την</em></span> <span class='ocrx_word' id='word_1_84' title='bbox 477 1517 663 1606; x_wconf 76' lang='grc' dir='ltr'><em>Ἀλήθειαν.</em></span> 
     </span>
    </p>

    <p class='ocr_par' dir='ltr' id='par_1_7' title="bbox 186 1611 1185 1801">
     <span class='ocr_line' id='line_1_15' title="bbox 269 1611 1185 1704; baseline -0.009 -16"><span class='ocrx_word' id='word_1_85' title='bbox 269 1627 358 1688; x_wconf 86' lang='grc' dir='ltr'><em>ΦΙΛ.</em></span> <span class='ocrx_word' id='word_1_86' title='bbox 376 1617 456 1687; x_wconf 84' lang='grc' dir='ltr'><em>Είτα</em></span> <span class='ocrx_word' id='word_1_87' title='bbox 468 1622 583 1704; x_wconf 86' lang='grc' dir='ltr'><em>δέδιτε,</em></span> <span class='ocrx_word' id='word_1_88' title='bbox 596 1611 773 1685; x_wconf 80' lang='grc' dir='ltr'><em>ἀΠλάτων</em></span> <span class='ocrx_word' id='word_1_89' title='bbox 784 1618 839 1685; x_wconf 78' lang='grc' dir='ltr'><em>καὶ</em></span> <span class='ocrx_word' id='word_1_90' title='bbox 849 1617 1025 1701; x_wconf 79' lang='grc' dir='ltr'><em>Χρύσιππε</em></span> <span class='ocrx_word' id='word_1_91' title='bbox 1035 1617 1089 1682; x_wconf 81' lang='grc' dir='ltr'><em>καὶ</em></span> <span class='ocrx_word' id='word_1_92' title='bbox 1099 1611 1185 1699; x_wconf 83' lang='grc' dir='ltr'><em>Ἀρι-</em></span> 
     </span>
     <span class='ocr_line' id='line_1_16' title="bbox 186 1706 1137 1801; baseline -0.006 -17"><span class='ocrx_word' id='word_1_93' title='bbox 186 1718 351 1800; x_wconf 87' lang='grc' dir='ltr'><em>στότελες,</em></span> <span class='ocrx_word' id='word_1_94' title='bbox 368 1717 413 1801; x_wconf 79' lang='grc' dir='ltr'><em>μή</em></span> <span class='ocrx_word' id='word_1_95' title='bbox 426 1743 457 1782; x_wconf 89' lang='grc' dir='ltr'><em>τι</em></span> <span class='ocrx_word' id='word_1_96' title='bbox 471 1716 633 1801; x_wconf 73' lang='grc' dir='ltr'><em>ψεύσηται</em></span> <span class='ocrx_word' id='word_1_97' title='bbox 648 1713 733 1799; x_wconf 80' lang='grc' dir='ltr'><em>ὑπὲρ</em></span> <span class='ocrx_word' id='word_1_98' title='bbox 745 1711 850 1781; x_wconf 89' lang='grc' dir='ltr'><em>αύτού</em></span> <span class='ocrx_word' id='word_1_99' title='bbox 864 1711 1019 1799; x_wconf 73' lang='grc' dir='ltr'><em>Ἀλήθεια</em></span> <span class='ocrx_word' id='word_1_100' title='bbox 1035 1706 1137 1792; x_wconf 70' lang='grc' dir='ltr'><em>οὔσας</em></span> 
     </span>
    </p>

    <p class='ocr_par' dir='ltr' id='par_1_8' title="bbox 119 1808 1185 1993">
     <span class='ocr_line' id='line_1_17' title="bbox 119 1808 1185 1897; baseline -0.013 -7"><span class='ocrx_word' id='word_1_101' title='bbox 119 1835 169 1890; x_wconf 71' lang='grc' dir='ltr'><em>δ89</em></span> <span class='ocrx_word' id='word_1_102' title='bbox 270 1819 403 1879; x_wconf 88' lang='grc' dir='ltr'><em>ΠΛΑΤ.</em></span> <span class='ocrx_word' id='word_1_103' title='bbox 428 1809 480 1878; x_wconf 89' lang='grc' dir='ltr'><em>Ού</em></span> <span class='ocrx_word' id='word_1_104' title='bbox 494 1818 608 1897; x_wconf 87' lang='grc' dir='ltr'><em>τοῦτο,</em></span> <span class='ocrx_word' id='word_1_105' title='bbox 626 1808 709 1878; x_wconf 80' lang='grc' dir='ltr'><em>ἀλλὰ</em></span> <span class='ocrx_word' id='word_1_106' title='bbox 725 1814 841 1888; x_wconf 78' lang='grc' dir='ltr'><em>δεινῶς</em></span> <span class='ocrx_word' id='word_1_107' title='bbox 850 1808 1041 1895; x_wconf 82' lang='grc' dir='ltr'><em>πανοῦργός</em></span> <span class='ocrx_word' id='word_1_108' title='bbox 1052 1812 1120 1878; x_wconf 79' lang='grc' dir='ltr'><em>ἐστι</em></span> <span class='ocrx_word' id='word_1_109' title='bbox 1132 1810 1185 1876; x_wconf 73' lang='grc' dir='ltr'><em>καί</em></span> 
     </span>
     <span class='ocr_line' id='line_1_18' title="bbox 186 1904 823 1993; baseline -0.006 -16"><span class='ocrx_word' id='word_1_110' title='bbox 186 1909 375 1986; x_wconf 88' lang='grc' dir='ltr'><em>κολακικός·</em></span> <span class='ocrx_word' id='word_1_111' title='bbox 399 1905 481 1975; x_wconf 77' lang='grc' dir='ltr'><em>ὥστε</em></span> <span class='ocrx_word' id='word_1_112' title='bbox 496 1916 692 1992; x_wconf 87' lang='grc' dir='ltr'><em>παραπείσει</em></span> <span class='ocrx_word' id='word_1_113' title='bbox 707 1904 823 1993; x_wconf 86' lang='grc' dir='ltr'><em>αύτήν.</em></span> 
     </span>
    </p>

    <p class='ocr_par' dir='ltr' id='par_1_9' title="bbox 187 2002 1188 2293">
     <span class='ocr_line' id='line_1_19' title="bbox 272 2002 1187 2091; baseline -0.002 -18"><span class='ocrx_word' id='word_1_114' title='bbox 272 2012 360 2075; x_wconf 90' lang='grc' dir='ltr'><em>ΦΙΛ.</em></span> <span class='ocrx_word' id='word_1_115' title='bbox 382 2014 555 2091; x_wconf 80' lang='grc' dir='ltr'><em>Θαρρεῑτε·</em></span> <span class='ocrx_word' id='word_1_116' title='bbox 578 2002 679 2071; x_wconf 78' lang='grc' dir='ltr'><em>οὐδὲν</em></span> <span class='ocrx_word' id='word_1_117' title='bbox 692 2002 736 2091; x_wconf 79' lang='grc' dir='ltr'><em>μη</em></span> <span class='ocrx_word' id='word_1_118' title='bbox 751 2009 885 2091; x_wconf 86' lang='grc' dir='ltr'><em>γένηται</em></span> <span class='ocrx_word' id='word_1_119' title='bbox 896 2006 1031 2090; x_wconf 86' lang='grc' dir='ltr'><em>ἀδικον,</em></span> <span class='ocrx_word' id='word_1_120' title='bbox 1047 2017 1187 2073; x_wconf 87' lang='grc' dir='ltr'><em>Δικαιο-</em></span> 
     </span>
     <span class='ocr_line' id='line_1_20' title="bbox 188 2100 1188 2191; baseline 0 -21"><span class='ocrx_word' id='word_1_121' title='bbox 188 2104 292 2191; x_wconf 90' lang='grc' dir='ltr'><em>σύνης</em></span> <span class='ocrx_word' id='word_1_122' title='bbox 302 2104 422 2188; x_wconf 81' lang='grc' dir='ltr'><em>ταύτης</em></span> <span class='ocrx_word' id='word_1_123' title='bbox 436 2102 678 2189; x_wconf 85' lang='grc' dir='ltr'><em>ξυμπαρούσης.</em></span> <span class='ocrx_word' id='word_1_124' title='bbox 701 2100 847 2189; x_wconf 90' lang='grc' dir='ltr'><em>ἀνίωμεν</em></span> <span class='ocrx_word' id='word_1_125' title='bbox 862 2100 934 2172; x_wconf 85' lang='grc' dir='ltr'><em>οὖν.</em></span> <span class='ocrx_word' id='word_1_126' title='bbox 959 2110 1008 2173; x_wconf 91' lang='grc'><em>19.</em></span> <span class='ocrx_word' id='word_1_127' title='bbox 1021 2102 1105 2171; x_wconf 88' lang='grc' dir='ltr'><em>ἀλλά</em></span> <span class='ocrx_word' id='word_1_128' title='bbox 1118 2109 1188 2171; x_wconf 79' lang='grc' dir='ltr'><em>εἰπέ</em></span> 
     </span>
     <span class='ocr_line' id='line_1_21' title="bbox 187 2202 614 2293; baseline -0.007 -20"><span class='ocrx_word' id='word_1_129' title='bbox 187 2232 243 2293; x_wconf 93' lang='grc' dir='ltr'><em>μοι</em></span> <span class='ocrx_word' id='word_1_130' title='bbox 258 2206 317 2289; x_wconf 88' lang='grc' dir='ltr'><em>σύ,</em></span> <span class='ocrx_word' id='word_1_131' title='bbox 336 2212 371 2273; x_wconf 92' lang='grc' dir='ltr'><em>τί</em></span> <span class='ocrx_word' id='word_1_132' title='bbox 383 2225 436 2271; x_wconf 93' lang='grc' dir='ltr'><em>σοι</em></span> <span class='ocrx_word' id='word_1_133' title='bbox 450 2202 614 2291; x_wconf 73' lang='grc' dir='ltr'><em>τούνομας</em></span> 
     </span>
    </p>

    <p class='ocr_par' dir='ltr' id='par_1_10' title="bbox 187 2301 1185 2483">
     <span class='ocr_line' id='line_1_22' title="bbox 268 2301 1185 2391; baseline -0.003 -18"><span class='ocrx_word' id='word_1_134' title='bbox 268 2310 399 2373; x_wconf 76' lang='lat' dir='ltr'><em>AOYK.</em></span> <span class='ocrx_word' id='word_1_135' title='bbox 422 2301 508 2389; x_wconf 78' lang='grc' dir='ltr'><em>Ἐμοὶ</em></span> <span class='ocrx_word' id='word_1_136' title='bbox 527 2304 763 2391; x_wconf 81' lang='grc' dir='ltr'><em>Παρρησιάδης</em></span> <span class='ocrx_word' id='word_1_137' title='bbox 781 2302 982 2391; x_wconf 73' lang='grc' dir='ltr'><em>Ἀληθίωνος</em></span> <span class='ocrx_word' id='word_1_138' title='bbox 1001 2312 1062 2373; x_wconf 86' lang='grc' dir='ltr'><em>τοῦ</em></span> <span class='ocrx_word' id='word_1_139' title='bbox 1080 2303 1185 2390; x_wconf 82' lang='grc' dir='ltr'><em>Ἐλεγ-</em></span> 
     </span>
     <span class='ocr_line' id='line_1_23' title="bbox 187 2405 341 2483; baseline -0.019 -13"><span class='ocrx_word' id='word_1_140' title='bbox 187 2405 341 2483; x_wconf 81' lang='grc' dir='ltr'><em>ξικλέονς.</em></span> 
     </span>
    </p>

    <p class='ocr_par' dir='ltr' id='par_1_11' title="bbox 272 2503 572 2585">
     <span class='ocr_line' id='line_1_24' title="bbox 272 2503 572 2585; baseline -0.007 -16"><span class='ocrx_word' id='word_1_141' title='bbox 272 2509 360 2569; x_wconf 87' lang='grc' dir='ltr'><em>ΦΙΛ.</em></span> <span class='ocrx_word' id='word_1_142' title='bbox 382 2503 506 2585; x_wconf 82' lang='grc' dir='ltr'><em>Πατρὶς</em></span> <span class='ocrx_word' id='word_1_143' title='bbox 519 2504 572 2582; x_wconf 73' lang='grc' dir='ltr'><em>δός</em></span> 
     </span>
    </p>

    <p class='ocr_par' dir='ltr' id='par_1_12' title="bbox 185 2590 1191 3281">
     <span class='ocr_line' id='line_1_25' title="bbox 270 2590 1180 2686; baseline -0.002 -19"><span class='ocrx_word' id='word_1_144' title='bbox 270 2605 402 2667; x_wconf 74' lang='lat' dir='ltr'><em>AOYK.</em></span> <span class='ocrx_word' id='word_1_145' title='bbox 420 2598 548 2683; x_wconf 88' lang='grc' dir='ltr'><em>Σύρος,</em></span> <span class='ocrx_word' id='word_1_146' title='bbox 562 2590 588 2665; x_wconf 78' lang='grc' dir='ltr'><em>τό</em></span> <span class='ocrx_word' id='word_1_147' title='bbox 600 2605 803 2685; x_wconf 86' lang='grc' dir='ltr'><em>Φιλοσοφία,</em></span> <span class='ocrx_word' id='word_1_148' title='bbox 815 2608 882 2668; x_wconf 72' lang='grc' dir='ltr'><em>τοῖν</em></span> <span class='ocrx_word' id='word_1_149' title='bbox 895 2599 1180 2686; x_wconf 81' lang='grc' dir='ltr'><em>Ἐπευφρατιδίων</em></span> 
     </span>
     <span class='ocr_line' id='line_1_26' title="bbox 188 2696 1191 2785; baseline 0.003 -19"><span class='ocrx_word' id='word_1_150' title='bbox 188 2697 270 2768; x_wconf 85' lang='grc' dir='ltr'><em>ἀλλά</em></span> <span class='ocrx_word' id='word_1_151' title='bbox 287 2705 320 2766; x_wconf 90' lang='grc' dir='ltr'><em>τί</em></span> <span class='ocrx_word' id='word_1_152' title='bbox 336 2704 450 2779; x_wconf 75' lang='grc' dir='ltr'><em>τοῦτος</em></span> <span class='ocrx_word' id='word_1_153' title='bbox 478 2701 532 2765; x_wconf 87' lang='grc' dir='ltr'><em>καὶ</em></span> <span class='ocrx_word' id='word_1_154' title='bbox 548 2696 612 2785; x_wconf 82' lang='grc' dir='ltr'><em>γάρ</em></span> <span class='ocrx_word' id='word_1_155' title='bbox 626 2698 755 2766; x_wconf 91' lang='grc' dir='ltr'><em>τούτων</em></span> <span class='ocrx_word' id='word_1_156' title='bbox 777 2698 868 2779; x_wconf 88' lang='grc' dir='ltr'><em>τινάς</em></span> <span class='ocrx_word' id='word_1_157' title='bbox 884 2700 959 2769; x_wconf 82' lang='grc' dir='ltr'><em>οίδα</em></span> <span class='ocrx_word' id='word_1_158' title='bbox 972 2709 1040 2770; x_wconf 81' lang='grc' dir='ltr'><em>τῶν</em></span> <span class='ocrx_word' id='word_1_159' title='bbox 1061 2700 1191 2769; x_wconf 89' lang='grc' dir='ltr'><em>ἀντιδί-</em></span> 
     </span>
     <span class='ocr_line' id='line_1_27' title="bbox 188 2788 1191 2886; baseline 0.003 -22"><span class='ocrx_word' id='word_1_160' title='bbox 188 2823 258 2865; x_wconf 91' lang='grc' dir='ltr'><em>κων</em></span> <span class='ocrx_word' id='word_1_161' title='bbox 275 2794 335 2881; x_wconf 81' lang='grc' dir='ltr'><em>ούχ</em></span> <span class='ocrx_word' id='word_1_162' title='bbox 351 2788 451 2881; x_wconf 83' lang='grc' dir='ltr'><em>ἦττον</em></span> <span class='ocrx_word' id='word_1_163' title='bbox 472 2800 554 2881; x_wconf 78' lang='grc' dir='ltr'><em>ἐμοῦ</em></span> <span class='ocrx_word' id='word_1_164' title='bbox 574 2798 767 2884; x_wconf 81' lang='grc' dir='ltr'><em>βαρβάρους</em></span> <span class='ocrx_word' id='word_1_165' title='bbox 783 2797 820 2866; x_wconf 85' lang='grc' dir='ltr'><em>τό</em></span> <span class='ocrx_word' id='word_1_166' title='bbox 841 2804 952 2884; x_wconf 84' lang='grc' dir='ltr'><em>γένος·</em></span> <span class='ocrx_word' id='word_1_167' title='bbox 974 2798 993 2869; x_wconf 85' lang='grc' dir='ltr'>ὁ</span> <span class='ocrx_word' id='word_1_168' title='bbox 1011 2801 1132 2886; x_wconf 88' lang='grc' dir='ltr'><em>τρόπος</em></span> <span class='ocrx_word' id='word_1_169' title='bbox 1152 2802 1191 2867; x_wconf 77' lang='grc' dir='ltr'><em>δὲ</em></span> 
     </span>
     <span class='ocr_line' id='line_1_28' title="bbox 187 2892 1190 2986; baseline 0.003 -25"><span class='ocrx_word' id='word_1_170' title='bbox 187 2898 242 2962; x_wconf 84' lang='grc' dir='ltr'><em>καὶ</em></span> <span class='ocrx_word' id='word_1_171' title='bbox 262 2892 282 2980; x_wconf 80' lang='grc' dir='ltr'><em>ἡ</em></span> <span class='ocrx_word' id='word_1_172' title='bbox 306 2898 436 2962; x_wconf 88' lang='grc' dir='ltr'><em>παιδεία</em></span> <span class='ocrx_word' id='word_1_173' title='bbox 459 2894 500 2962; x_wconf 86' lang='grc' dir='ltr'><em>ού</em></span> <span class='ocrx_word' id='word_1_174' title='bbox 522 2922 603 2963; x_wconf 89' lang='grc' dir='ltr'><em>κατα</em></span> <span class='ocrx_word' id='word_1_175' title='bbox 618 2900 746 2976; x_wconf 83' lang='grc' dir='ltr'><em>Σολέας</em></span> <span class='ocrx_word' id='word_1_176' title='bbox 760 2892 782 2985; x_wconf 82' lang='grc' dir='ltr'><em>ἢ</em></span> <span class='ocrx_word' id='word_1_177' title='bbox 797 2904 970 2983; x_wconf 84' lang='grc' dir='ltr'><em>Κυπρίους</em></span> <span class='ocrx_word' id='word_1_178' title='bbox 991 2894 1190 2986; x_wconf 77' lang='grc' dir='ltr'><em>ἢΒαβυλω-</em></span> 
     </span>
     <span class='ocr_line' id='line_1_29' title="bbox 187 2988 1191 3084; baseline 0.003 -24"><span class='ocrx_word' id='word_1_179' title='bbox 187 2999 282 3071; x_wconf 90' lang='grc' dir='ltr'><em>νίονς</em></span> <span class='ocrx_word' id='word_1_180' title='bbox 296 2988 318 3077; x_wconf 78' lang='grc' dir='ltr'><strong><em>ἦ</em></strong></span> <span class='ocrx_word' id='word_1_181' title='bbox 333 3000 557 3078; x_wconf 82' lang='grc' dir='ltr'><em>Σταγειρίτας.</em></span> <span class='ocrx_word' id='word_1_182' title='bbox 587 3003 693 3064; x_wconf 91' lang='grc' dir='ltr'><em>καίτοι</em></span> <span class='ocrx_word' id='word_1_183' title='bbox 707 2998 791 3083; x_wconf 89' lang='grc' dir='ltr'><em>πρός</em></span> <span class='ocrx_word' id='word_1_184' title='bbox 806 3024 845 3084; x_wconf 88' lang='grc' dir='ltr'><em>γε</em></span> <span class='ocrx_word' id='word_1_185' title='bbox 861 3001 898 3067; x_wconf 78' lang='grc' dir='ltr'><em>σὲ</em></span> <span class='ocrx_word' id='word_1_186' title='bbox 920 2996 1021 3067; x_wconf 73' lang='grc' dir='ltr'><em>οὐδὲν</em></span> <span class='ocrx_word' id='word_1_187' title='bbox 1036 2994 1081 3066; x_wconf 88' lang='grc' dir='ltr'><em>ἀν</em></span> <span class='ocrx_word' id='word_1_188' title='bbox 1094 2997 1191 3065; x_wconf 82' lang='grc' dir='ltr'><em>ἐλάτ-</em></span> 
     </span>
     <span class='ocr_line' id='line_1_30' title="bbox 186 3090 1190 3186; baseline 0.003 -27"><span class='ocrx_word' id='word_1_189' title='bbox 186 3118 254 3159; x_wconf 93' lang='grc' dir='ltr'><em>των</em></span> <span class='ocrx_word' id='word_1_190' title='bbox 269 3094 399 3177; x_wconf 86' lang='grc' dir='ltr'><em>γένοιτο</em></span> <span class='ocrx_word' id='word_1_191' title='bbox 417 3090 491 3160; x_wconf 84' lang='grc' dir='ltr'><em>οὐδ’</em></span> <span class='ocrx_word' id='word_1_192' title='bbox 510 3100 540 3161; x_wconf 89' lang='grc' dir='ltr'><em>εί</em></span> <span class='ocrx_word' id='word_1_193' title='bbox 551 3091 614 3181; x_wconf 84' lang='grc' dir='ltr'><em>την</em></span> <span class='ocrx_word' id='word_1_194' title='bbox 627 3095 747 3185; x_wconf 80' lang='grc' dir='ltr'><em>φωνὴν</em></span> <span class='ocrx_word' id='word_1_195' title='bbox 760 3098 929 3186; x_wconf 88' lang='grc' dir='ltr'><em>βάρβαρος</em></span> <span class='ocrx_word' id='word_1_196' title='bbox 944 3106 995 3183; x_wconf 83' lang='grc' dir='ltr'><em>είη</em></span> <span class='ocrx_word' id='word_1_197' title='bbox 1008 3124 1074 3179; x_wconf 87' lang='grc' dir='ltr'><em>τις,</em></span> <span class='ocrx_word' id='word_1_198' title='bbox 1098 3104 1190 3178; x_wconf 83' lang='grc' dir='ltr'><em>ελπερ</em></span> 
     </span>
     <span class='ocr_line' id='line_1_31' title="bbox 185 3188 915 3281; baseline 0.003 -22"><span class='ocrx_word' id='word_1_199' title='bbox 185 3188 206 3278; x_wconf 81' lang='grc' dir='ltr'><em>ἡ</em></span> <span class='ocrx_word' id='word_1_200' title='bbox 221 3192 337 3278; x_wconf 86' lang='grc' dir='ltr'><em>γνιόμη</em></span> <span class='ocrx_word' id='word_1_201' title='bbox 353 3189 441 3279; x_wconf 73' lang='grc' dir='ltr'><em>όρδή</em></span> <span class='ocrx_word' id='word_1_202' title='bbox 459 3196 512 3261; x_wconf 82' lang='grc' dir='ltr'><em>καὶ</em></span> <span class='ocrx_word' id='word_1_203' title='bbox 526 3197 636 3261; x_wconf 90' lang='grc' dir='ltr'><em>δικαία</em></span> <span class='ocrx_word' id='word_1_204' title='bbox 653 3204 806 3281; x_wconf 91' lang='grc' dir='ltr'><em>φαίνοιτο</em></span> <span class='ocrx_word' id='word_1_205' title='bbox 820 3189 915 3262; x_wconf 81' lang='grc' dir='ltr'><em>οὖσα.</em></span> 
     </span>
    </p>

    <p class='ocr_par' dir='ltr' id='par_1_13' title="bbox 270 3277 1191 3380">
     <span class='ocr_line' id='line_1_32' title="bbox 270 3277 1191 3380; baseline 0 -21"><span class='ocrx_word' id='word_1_206' title='bbox 270 3298 319 3359; x_wconf 73' lang='lat'><em>20.</em></span> <span class='ocrx_word' id='word_1_207' title='bbox 344 3299 433 3360; x_wconf 90' lang='lat' dir='ltr'><em>MA.</em></span> <span class='ocrx_word' id='word_1_208' title='bbox 455 3286 508 3361; x_wconf 82' lang='grc' dir='ltr'><em>Εύ</em></span> <span class='ocrx_word' id='word_1_209' title='bbox 521 3296 641 3380; x_wconf 85' lang='grc' dir='ltr'><em>λέγεις·</em></span> <span class='ocrx_word' id='word_1_210' title='bbox 668 3293 775 3372; x_wconf 83' lang='grc' dir='ltr'><em>άλλως</em></span> <span class='ocrx_word' id='word_1_211' title='bbox 790 3301 875 3379; x_wconf 83' lang='grc' dir='ltr'><em>γοῦν</em></span> <span class='ocrx_word' id='word_1_212' title='bbox 894 3290 1145 3379; x_wconf 78' lang='grc' dir='ltr'><em>τούτοήρόμην.</em></span> <span class='ocrx_word' id='word_1_213' title='bbox 1170 3277 1191 3376; x_wconf 72' lang='grc' dir='ltr'><em>ἡ</em></span> 
     </span>
    </p>

    <p class='ocr_par' dir='ltr' id='par_1_14' title="bbox 117 3389 1066 3477">
     <span class='ocr_line' id='line_1_33' title="bbox 117 3389 1066 3477; baseline 0 -20"><span class='ocrx_word' id='word_1_214' title='bbox 117 3405 168 3460; x_wconf 73' lang='lat'><em>590</em></span> <span class='ocrx_word' id='word_1_215' title='bbox 185 3395 281 3477; x_wconf 82' lang='grc' dir='ltr'><em>τέχνη</em></span> <span class='ocrx_word' id='word_1_216' title='bbox 300 3394 339 3459; x_wconf 83' lang='grc' dir='ltr'><em>δέ</em></span> <span class='ocrx_word' id='word_1_217' title='bbox 351 3412 404 3459; x_wconf 91' lang='grc' dir='ltr'><em>σοι</em></span> <span class='ocrx_word' id='word_1_218' title='bbox 417 3398 482 3474; x_wconf 72' lang='grc' dir='ltr'><em>τίςς</em></span> <span class='ocrx_word' id='word_1_219' title='bbox 504 3390 598 3470; x_wconf 83' lang='grc' dir='ltr'><em>ἀξιον</em></span> <span class='ocrx_word' id='word_1_220' title='bbox 614 3389 678 3477; x_wconf 82' lang='grc' dir='ltr'><em>γάρ</em></span> <span class='ocrx_word' id='word_1_221' title='bbox 694 3396 889 3461; x_wconf 79' lang='grc' dir='ltr'><em>ἐπίστασθαι</em></span> <span class='ocrx_word' id='word_1_222' title='bbox 905 3392 1005 3458; x_wconf 79' lang='grc' dir='ltr'><em>τοῦτό</em></span> <span class='ocrx_word' id='word_1_223' title='bbox 1019 3415 1066 3477; x_wconf 87' lang='grc' dir='ltr'><em>γε.</em></span> 
     </span>
    </p>
   </div>
   <div class='ocr_carea' id='block_1_4' title="bbox 0 0 1290 3825">
    <p class='ocr_par' dir='ltr' id='par_1_15' title="bbox 0 0 1290 3825">
     <span class='ocr_line' id='line_1_34' title="bbox 0 0 1290 3825; baseline 0 0"><span class='ocrx_word' id='word_1_224' title='bbox 0 0 1290 3825; x_wconf 95' lang='lat' dir='ltr'><em> </em></span> 
     </span>
    </p>
   </div>
  </div>
 </body>
</html>
