2550 3825
460 199 518 256 ΚΑ
531 197 774 269 ΤΛΠΛΟΤΣ.
1053 187 1115 252 277

194 363 329 428 ΚΛΩΘ.
353 352 405 425 Εύ
423 361 543 442 λέγεις·
567 357 821 443 ἐμβαινέτωσαν.
850 354 915 442 ἐγω
930 355 966 422 δὲ
982 378 1116 438 προγει-

112 459 272 542 ρισαμένη
288 455 325 524 τὸ
348 465 479 544 βιβλίον
495 457 549 523 καὶ
571 452 663 537 παρά
678 453 740 540 τὴν
756 451 958 542 ἀποβάθραν
974 458 1114 533 καθεξο-

112 552 205 637 μέυη,
219 550 262 631 ὡς
274 559 369 638 ἔθος,
382 557 594 640 ἐπιβαίνοντα
603 554 743 627 ἕκαστον
753 549 866 619 αὐτῶν
877 549 1114 636 διαγνώσομαι,
1133 561 1184 614 626

112 654 159 725 τίς
182 652 236 717 καὶ
257 651 367 718 πόθεν
388 654 443 718 καὶ
463 649 578 718 ὅντινα
598 647 745 728 τεθνεώς
765 647 824 717 τὸν
841 651 984 734 τρόπον·
1016 646 1059 715 σύ
1081 647 1118 716 δὲ

112 749 385 833 παραλαμβάνων
399 753 548 835 στοίβαζε
564 751 618 816 καί
635 754 804 816 συντίθει·
833 745 876 814 σύ
892 749 944 832 δέ,
962 740 989 815 ἀ
1004 744 1116 831 Ἑρμῆ,

111 840 151 910 τά
168 841 291 928 νεογνά
307 847 400 913 ταυτί
414 851 528 929 πρῶτα
543 848 706 932 ἐμβαλοῦ·
728 853 761 914 τί
768 844 833 932 γάρ
848 841 892 913 ἀν
906 847 961 913 καὶ
977 841 1117 925 ἀποκρί-

113 942 227 1008 ναιντό
243 966 314 1026 μοι;

195 1045 298 1107 ΕΡΜ.
323 1036 409 1108 Ἰδού
431 1059 500 1124 σοι,
529 1033 555 1107 ἀ
578 1048 751 1126 πορθμεῦ,
775 1039 836 1109 τὸν
856 1038 1006 1127 ἀριθμου
1022 1030 1116 1114 οὗτοι

114 1137 297 1221 τριακόσιοι
314 1137 477 1222 μετάτῦν
492 1141 741 1226 έκτεθειμένων.

195 1241 292 1302 ΧΑΡ.
318 1243 425 1322 Βαβαῖ
437 1244 495 1323 τῆς
508 1235 672 1322 εὐαγρίας.
701 1234 867 1324 ὀμφακίας
880 1233 959 1322 ἡμῖν
975 1232 1116 1318 νεκρούς

111 1331 202 1418 ήκεις
215 1329 316 1415 ἀγων.

195 1435 298 1496 ΕΡΜ.
315 1430 450 1514 Βούλει,
464 1425 490 1498 ἀ
501 1439 656 1517 Κλωθοῖ,
667 1428 745 1510 τοῦς
757 1430 963 1510 ἀκλαύστους
975 1432 1026 1497 ἐπὶ
1036 1428 1116 1495 τού-

113 1552 181 1604 τοις
193 1528 459 1613 ἐμβιβασάμεθα;

197 1630 331 1694 ΚΛΩΘ.
358 1625 445 1707 Τοῦς
460 1632 619 1715 γέροντας
635 1630 755 1712 λέγεις;
777 1624 865 1692 οὕτω
885 1632 981 1692 ποίει.
1004 1629 1039 1691 τί
1051 1623 1115 1708 γάρ

112 1745 153 1804 με
170 1723 223 1786 δεῖ
233 1721 408 1808 πράγματα
424 1716 510 1811 ἔχειν
523 1723 563 1792 τὰ
583 1721 649 1807 πρὸ
663 1723 849 1792 Εὐκλείδου
865 1731 931 1790 νῦν
947 1721 1115 1802 ἐξετάζου-

114 1839 194 1901 σανς
216 1825 250 1888 οί
261 1819 346 1909 ὑπὲρ
362 1825 518 1910 ἑξήκοντα
533 1823 627 1911 ὑμεῖς
644 1825 762 1906 πάριτε
775 1822 849 1911 ἤδη.
871 1830 905 1891 τί
916 1829 1040 1901 τοῦτον
1053 1817 1116 1887 ούκ

112 1919 319 1987 ἐπακούουσί
329 1947 395 2007 μου
409 1928 609 2012 βεβυσμένοι
623 1924 663 1991 τὰ
679 1916 745 1991 ὦτα
759 1920 825 1990 ὑπὸ
841 1928 910 1989 τῶν
924 1924 1016 1988 ἐτῶν.
1039 1919 1116 2005 δεή-

113 2035 163 2081 σει
177 2016 259 2101 τάγα
273 2019 329 2085 καὶ
344 2022 484 2099 τούτους
499 2020 669 2107 ἀράμενον
684 2034 898 2106 παραγαγεῖν.

197 2119 299 2181 ΕΡΜ.
331 2112 417 2183 Ἰδοῦ
442 2118 544 2185 πάλιν
568 2110 662 2184 οὗτοι
689 2123 783 2184 δυεῖν
806 2119 936 2193 δέοντες
959 2114 1117 2198 τετρακό-

113 2228 196 2294 σιοι,
211 2214 341 2296 τακεροὶ
358 2214 479 2292 πάντες
494 2217 549 2283 καὶ
566 2217 716 2298 πέπειροι
730 2218 784 2282 καὶ
795 2212 874 2281 καθ’
894 2212 986 2298 ὥραν
998 2239 1115 2297 τετρυ-
1133 2227 1183 2281 627

113 2308 258 2393 γημένοι.

196 2415 293 2475 ΧΑΡ.
313 2406 374 2475 Mo}
385 2405 460 2496 Δί’,
480 2411 549 2478 ἐπεὶ
560 2407 739 2495 ἀσταφίδες
747 2436 786 2495 γε
796 2410 918 2485 πάντες
928 2406 992 2494 ἤδη
1005 2412 1075 2474 είσί.
1113 2447 1117 2456 .

197 2512 227 2573 6.
249 2510 383 2575 ΚΛΩΘ.
409 2505 496 2587 Τοῦς
510 2514 712 2596 τραυματίας
726 2509 778 2575 ἐπὶ
791 2506 938 2590 τούτοις,
962 2499 988 2573 ἀ
1003 2501 1115 2591 Ἑρμῆ,

112 2604 301 2688 παράγαγε·
333 2607 389 2673 καὶ
413 2614 540 2690 πρῶτοί
560 2633 617 2695 μοι
643 2615 754 2674 είπατε
774 2602 865 2683 ὅπως
887 2603 1116 2683 ἀποθανόντες

111 2701 227 2789 {fuam
248 2710 375 2789 μᾶλλον
389 2704 425 2773 δὲ
444 2704 527 2793 αῦτὴ
543 2703 626 2793 πρός
650 2702 690 2771 τά
708 2707 918 2791 γεγραμμένα
936 2702 1021 2789 ἀμάς
1043 2707 1115 2771 ἐπι-

112 2807 283 2889 σκέψομαι.
313 2812 540 2889 πολεμοῦντας
560 2804 747 2873 ἀποθανεῖν
764 2808 831 2872 ἔδει
846 2806 926 2889 χθὲς
942 2806 980 2871 ἐν
997 2806 1113 2890 Μυσία

114 2904 265 2986 τέτταρας
275 2904 327 2969 ἐπὶ
337 2916 405 2980 τοῖς
414 2901 618 2989 ὀγδοήκοντα
627 2906 682 2971 καί
693 2900 753 2970 τδν
764 2901 944 2987 Ὀξυάρτου
954 2901 1030 2972 υίδν
1040 2900 1112 2990 μετ’

111 2999 222 3068 αὐτῶν
237 2999 410 3087 Γωβάρην.

195 3108 297 3169 ΕΡΜ,
319 3100 469 3183 Πάρεισι.

195 3205 330 3268 Imm.
351 3196 410 3265 Δι’
430 3202 534 3283 ἔρωτα
554 3194 678 3277 αὑτούς
698 3196 892 3284 ἀπέσφαξαν
907 3198 1004 3281 ἑπτά,
1026 3194 1114 3266 καὶὸ

110 3297 297 3382 φιλόσοφος
312 3300 478 3383 Θεαγένης
494 3294 547 3363 διά
561 3294 623 3383 τὴν
637 3300 771 3383 ἑταίραν
784 3294 846 3385 τὴν
861 3298 1069 3383 Μεγαρόθεν

166 3476 169 3483 ⁴
194 3402 299 3464 ΕΡΜ.
323 3394 600 3482 Οῦτοιλπλησίον.
1098 3428 1100 3432 ’
