2550 3825
176 165 238 226 110
522 169 829 227 AOTKIANOT

257 333 361 395 EPM.
385 333 466 395 Τίνα
488 326 524 394 δέ
538 326 593 393 καὶ
608 324 673 412 φής
689 344 751 393 σου
764 326 904 412 μητέρας
930 325 952 417 ή
966 353 1033 397 που
1047 335 1171 399 ἔλαθον

173 422 249 510 αἶγα
264 424 438 509 μοιχεύσας
453 430 572 510 ἐγωγες

254 545 361 606 ΠΑΝ.
386 535 458 605 Οὐκ
469 536 544 624 αἶγα
555 539 760 624 ἐμοίχευσας,
775 536 849 607 ἀλλ’
862 537 1056 628 ἀνάμνησον
1070 563 1159 610 σεαυ

170 638 246 721 τόν,
262 646 295 704 εί
300 661 379 703 ποτε
390 641 427 703 ἐν
439 633 594 724 Ἀρκαδίᾳ
605 640 706 702 παῖδα
720 639 902 720 ἐλευθέραν
913 640 1044 725 ἐβιάσω.
1067 648 1101 709 τί
1110 645 1164 708 δα·

170 733 241 803 κων
255 731 316 802 τόν
331 733 496 801 δάκτυλον
507 738 608 817 ζητεῖς
617 735 673 800 καλ
683 737 735 801 έπλ
745 731 833 803 πολά
844 733 994 820 ἀπορείςς
1015 735 1076 823 τήν
1086 735 1169 809 ’λκα-

171 839 246 920 ρίου
261 834 346 918 λέγω
362 829 571 916 Πηνελόπην.

102 961 154 1018 λλο
252 952 356 1013 ΕΡΜ.
379 941 459 1010 Εἶτα
476 948 509 1007 τί
520 949 679 1009 παθοῦσα
694 944 802 1029 ἐκείνη
818 941 891 1012 ἀντ’
908 947 990 1032 ἐμοῦ
1004 945 1115 1035 τράγφ
1132 963 1169 1012 σε

171 1042 289 1130 ὅμοιον
304 1047 428 1118 ἔτεκεν;

254 1160 283 1223 2.
305 1163 412 1224 ΠΑΝ.
437 1154 546 1242 Αότής
559 1159 686 1242 ἐκείνης
700 1157 801 1244 λόγον
817 1180 869 1226 σοι
884 1163 963 1245 έρω·
985 1158 1039 1227 ὅτε
1050 1161 1114 1247 γάρ
1129 1187 1170 1246 με

170 1258 347 1342 ἐξέπεμπεν
360 1257 412 1322 ἐπὶ
422 1253 483 1340 τήν
496 1251 680 1341 Ἀρκαδίαν,
693 1250 732 1323 Ὦ
742 1272 812 1342 παῖ,
823 1257 929 1344 μήτηρ
941 1261 1002 1343 μέν
1014 1278 1077 1343 σοι,
1093 1265 1169 1345 ἐφη,

169 1354 234 1440 ἐγω
257 1359 337 1439 είμι,
357 1352 536 1438 Πηνελόπη
552 1351 573 1439 ή
588 1361 805 1439 Σπαρτιᾶτις,
833 1353 893 1421 τόν
914 1358 1037 1438 πατέρα
1061 1359 1097 1423 δὲ
1118 1364 1170 1443 γί·

169 1473 278 1520 νωσκε
294 1451 379 1521 θεόν
400 1457 483 1538 ἔχων
499 1449 622 1537 Ἑρμῆν
637 1460 750 1530 Μαίας
764 1454 819 1519 καὶ
831 1453 924 1531 Διός.
950 1459 979 1520 εί
994 1454 1030 1520 δὲ
1047 1474 1169 1538 κερασ-

170 1551 274 1638 φόρος
295 1553 349 1618 καλ
370 1547 590 1636 τραγοσκελὴς
610 1547 653 1635 εἷ,
679 1547 723 1636 μή
745 1556 887 1618 λυπείτω
903 1571 956 1618 σε·
989 1548 1087 1618 ὁπότε
1104 1551 1168 1637 γάρ

169 1677 225 1738 μοι
242 1650 358 1736 συνῄει
374 1646 391 1716 ὁ
409 1649 514 1734 πατήρ
533 1645 550 1715 ὁ
567 1648 641 1732 σός,
657 1648 766 1738 τράγφ
781 1645 901 1716 ἑαυτὸν
915 1647 1108 1736 ἀπείκασεν,
1125 1647 1168 1727 ὡς

169 1747 286 1832 λάθοι,
303 1749 357 1814 καὶ
374 1743 427 1812 διὰ
442 1755 539 1813 τοῦτο
554 1745 669 1831 όμοιος
682 1744 806 1834 ἀπέβης
817 1754 862 1837 τῷ
875 1747 995 1839 τράγφ.

251 1865 354 1927 EPM.
376 1855 431 1944 Νή
448 1864 531 1945 Δία,
547 1862 713 1945 μέμνημαι
724 1860 863 1945 ποιήσας
873 1861 1027 1928 τοιοῦτόν
1041 1887 1080 1928 τι.
1102 1856 1166 1945 ἐγω

99 1972 148 2026 271
170 1951 234 2024 οὖν
251 1954 268 2025 ὁ
291 1959 343 2024 ἐπὶ
363 1956 476 2024 κάλλει
495 1960 577 2043 μέγα
594 1965 749 2043 φρονῶν,
772 1965 820 2025 ἐτι
840 1955 987 2043 ἀγένειος
1003 1956 1101 2037 αὐτός
1119 1954 1167 2024 όν

168 2054 226 2134 σός
245 2052 352 2141 πατήρ
367 2054 567 2140 κεκλήσομαι
588 2058 643 2123 καὶ
662 2058 787 2141 γέλωτα
803 2053 939 2142 ὀφλήσω
958 2054 1047 2142 παρὰ
1064 2063 1168 2123 πᾶσιν

168 2159 218 2226 ἐπὶ
231 2164 271 2246 τῇ
289 2154 457 2244 εὐπαιδίας

250 2275 279 2337 3.
295 2277 402 2337 ΠΑΝ.
420 2271 485 2337 Καὶ
495 2265 562 2355 μήν
575 2265 616 2335 οὐ
627 2275 834 2354 καταισχυνῶ
845 2288 893 2351 σε,
906 2261 933 2335 ἀ
946 2268 1062 2353 πάτερ·
1081 2293 1165 2355 μου·

168 2368 259 2447 σικός
272 2392 307 2435 τε
323 2366 387 2452 γάρ
405 2373 470 2452 είμι
483 2368 537 2434 καὶ
553 2372 673 2451 συρίζω
688 2366 779 2434 πάνυ
792 2366 962 2450 καπυρόν,
984 2368 1039 2433 καὶ
1050 2363 1068 2434 ό
1079 2365 1162 2433 Διό-

167 2486 269 2542 ννσος
283 2462 383 2531 οὐδὲν
395 2466 477 2550 ἐμοῦ
490 2462 572 2533 ἀνευ
583 2478 692 2532 ποιεῖν
707 2463 861 2546 δύναται,
876 2460 960 2531 ἀλλά
972 2466 1101 2547 ἑταῖρον
1112 2466 1166 2529 καλ

167 2562 337 2647 θιασώτην
358 2567 532 2647 πεποίηταί
550 2587 605 2646 με,
631 2564 686 2630 καὶ
700 2558 843 2647 ἡγοῦμαι
863 2558 952 2651 αὐτῷ
973 2570 1033 2628 τοῦ
1047 2566 1166 2646 χοροῦ·

167 2663 222 2727 καὶ
235 2657 274 2725 τά
286 2663 422 2742 ποίμνια
434 2659 469 2723 δὲ
481 2663 510 2723 εί
519 2655 661 2724 θεάσαιό
675 2682 755 2743 μου,
771 2654 876 2724 ὁπόσα
887 2661 962 2742 περὶ
976 2659 1100 2742 Τεγέαν
1111 2658 1167 2723 καὶ

167 2754 232 2823 ἀυά
246 2752 283 2822 τό
297 2756 489 2839 Παρθένιον
504 2759 582 2839 ἔχω,
600 2754 691 2819 πάνυ
704 2752 853 2843 ἡσθήσῃ·
883 2753 971 2841 ἀρχω
986 2758 1021 2823 δὲ
1036 2756 1091 2822 καί
1108 2760 1167 2839 τῆς

161 2852 333 2938 Ἀρκαδίας
345 2850 489 2938 ἁπάσης·
510 2850 629 2939 πρῴην
641 2852 741 2919 δὲκαὶ
754 2849 942 2937 Ἀθηναίοις
952 2851 1167 2939 συμμαχήσας

96 2967 148 3021 272
168 2949 272 3030 οὕτως
287 2947 464 3036 ήρίστενσα
478 2956 688 3035 Μαραθῶνι,
711 2947 795 3017 ω’στε
810 2955 865 3018 καὶ
879 2951 1045 3036 ἀριστεῖον
1059 2948 1166 3039 ήρέθη

165 3076 238 3136 μοι,
254 3046 291 3115 τό
306 3046 371 3114 ὑπό
386 3055 426 3137 τῇ
440 3045 619 3130 ἀκροπόλει
630 3047 802 3134 σπήλαιον.
826 3044 869 3133 ήν
884 3057 968 3135 γοῦν
980 3052 1012 3127 ἐς
1023 3046 1166 3135 Ἀθήνας

166 3156 283 3237 έλθης,
301 3156 372 3235 είση
384 3145 465 3215 ὅσον
481 3148 550 3214 ἐκεῖ
560 3154 619 3213 τοῦ
633 3143 746 3223 Πανός
762 3144 877 3232 ὄνομα.

248 3278 278 3343 4.
307 3280 409 3341 ΕΡΜ.
443 3274 525 3341 Εἰπὲ
548 3276 585 3340 δέ
603 3298 674 3358 μοι,
696 3274 899 3361 γεγάμηκας,
926 3267 1063 3362 Mdv,
1083 3274 1165 3362 ήδης

164 3381 262 3442 τοῦτο
277 3371 358 3459 γάρ,
375 3370 480 3458 οἶμαι,
498 3376 640 3439 καλοῦσί
653 3390 698 3440 σε.
