2550 3825
19 234 25 273 λ

519 199 701 258 ΤΙΜΩΝ.
1059 190 1100 252 43

110 347 294 442 ὁγενναίος
315 354 512 443 ἀπολαβόν,
541 360 667 436 ἐκεῖνος
688 360 765 443 μέν,
791 354 883 433 ὅστις
905 350 949 421 άν
968 345 991 442 ᾖ
1011 376 1101 436 ποτε,

107 450 339 539 ἁρπασάμενός
358 480 399 541 με
422 451 506 544 αὐτῇ
527 458 629 546 δέλτῳ
651 465 711 523 θεί
729 454 844 539 φέρων
859 450 932 520 ἀντὶ
948 456 1008 517 τοῦ
1022 454 1102 527 τέως

107 558 257 635 Πυρρίου
270 546 490 638 ἢΔρόμωνος
505 549 528 639 ἦ
543 560 661 640 Τιβίου
678 556 857 637 Μεγακλῆς
870 546 892 635 ἢ
904 547 1103 635 Μεγάβυζος
1120 559 1170 613 134

105 646 126 737 ἢ
149 650 350 737 Πρώταρχος
375 658 654 738 μετονομασθείς,
689 647 769 727 τούς
794 648 903 734 μάτην
926 645 1102 732 κεχηνότας
1119 656 1170 712 135

104 750 251 827 ἐκείνους
272 751 305 828 ές
324 750 485 835 αλλήλονς
503 744 751 836 άποβλέποντας
772 742 964 814 καταλιπῶν
980 741 1104 829 ἀληθές

105 843 246 931 άγοντας
259 842 296 912 τὸ
312 849 454 932 πένθος,
475 844 544 925 οἷος
560 843 684 924 αὐτούς
697 842 716 913 ὁ
730 845 861 923 θύννος
874 848 911 911 έκ
924 849 1032 929 μυχοῦ
1045 847 1103 926 τῆς
1122 843 1171 897 136

104 940 252 1029 σαγήνης
267 945 426 1028 διέφυγεν
441 942 502 1010 οὐκ
514 940 628 1029 ὀλίγον
641 940 679 1009 τό
692 946 808 1028 δέλεαρ
819 942 999 1010 καταπιῶν.
1021 935 1101 1008 2δὸ

13 1108 25 1128 2
105 1042 141 1108 δὲ
156 1037 310 1125 έμπεσῶν
326 1036 462 1123 ἀθρόως
475 1045 521 1118 είς
536 1040 591 1126 ἐμὲ
601 1039 820 1125 ἀπειρόκαλος
830 1042 884 1107 καί
896 1038 1104 1125 παχύδερμος

102 1138 302 1224 ἄνθρωπος,
319 1144 366 1206 έτι
378 1136 439 1224 τὴν
449 1142 555 1223 πέδην
567 1135 739 1223 πεφρικός
750 1140 805 1205 καὶ
817 1144 847 1205 εί
855 1135 985 1222 παριῶν
996 1133 1103 1227 άλλως

105 1238 269 1322 μαστίξειέ
279 1262 343 1321 τις,
367 1233 490 1321 όρθιον
513 1233 705 1322 έφιστάςτὸ
726 1230 786 1315 οὐς
809 1238 863 1303 καὶ
883 1232 943 1301 τόν
964 1238 1102 1319 μυλῶνα

104 1330 216 1415 ῶσπερ
237 1329 274 1399 τό
286 1330 488 1415 Ἀνάκτορον
503 1341 723 1418 προσκυνῶν,
745 1331 855 1400 οὐκέτι
871 1330 1017 1418 φορητός
1035 1331 1102 1396 έστι

104 1443 173 1508 τοῖς
192 1430 471 1517 ἐντυγχάνουσιν,
493 1427 578 1499 άλλά
597 1432 677 1508 τούς
701 1458 737 1499 τε
758 1434 957 1513 ἐλευθέρους
977 1428 1103 1515 ὑβριΐει
1219 1429 1229 1454 ’

104 1528 160 1607 καὶ
187 1525 266 1606 τούς
288 1526 498 1614 ὁμοδούλους
521 1543 678 1615 μαστιγοῖ
697 1526 968 1613 ἀποπειρώμενος
994 1532 1024 1594 εί
1048 1527 1103 1593 καὶ

104 1620 196 1713 αὐτῷ
207 1622 248 1690 τά
258 1632 395 1692 τοιαῦτα
404 1631 545 1711 ἔξεστιν,
560 1624 636 1710 άχρι
647 1621 721 1712 άνῆ
730 1629 763 1705 ές
775 1625 949 1711 πορνίδιόν
960 1652 990 1693 τι
1003 1628 1103 1712 ἐμπε-

103 1718 175 1788 σῶν
188 1718 210 1808 ἢ
225 1726 446 1807 ίπποτροφίας
462 1724 673 1809 ἐπιθυμήσας
685 1719 708 1810 ἢ
718 1723 832 1804 κόλαξι
844 1720 1016 1808 παραδούς
1025 1723 1104 1788 ἑαυ-

103 1818 163 1889 τὸν
184 1817 387 1905 ὀμνύουσιν,
408 1812 431 1906 ἦ
452 1818 520 1907 μὴν
536 1820 786 1907 εὐμορφότερον
799 1824 861 1907 μὲν
873 1821 1005 1906 Νιρέως
1019 1816 1104 1885 εἶναι
1182 1828 1183 1831 ’

102 1917 218 2002 αὐτόν,
236 1916 470 2004 εὐγενέστερον
483 1920 520 1988 δὲ
533 1927 594 1988 τοῦ
610 1923 784 2006 Κέκροπος
798 1916 819 2006 ἦ
833 1919 981 2004 Κόδρου,
1001 1937 1102 1984 συνε-

102 2017 249 2101 τῶτερον
271 2018 307 2084 δὲ
335 2024 395 2084 τοῦ
413 2015 612 2102 Ὀδυσσέως,
641 2019 891 2103 πλουσιώτερον
913 2017 949 2084 δὲ
971 2016 1104 2100 συνάμα
1123 2027 1170 2084 137

102 2120 260 2197 Κροίσων
274 2118 464 2200 ἑκκαίδεκα,
486 2118 523 2182 έν
533 2113 654 2202 άκαρεῑ
665 2122 726 2184 τοῦ
741 2116 869 2202 χρόνου
883 2114 1001 2192 ἄθλιος
1011 2117 1104 2200 ε’κχέη

101 2209 143 2277 τά
164 2207 232 2277 κατ’
252 2209 366 2297 ὀλίγον
387 2215 423 2280 ἐκ
442 2216 576 2282 πολλῶν
597 2217 777 2297 ἐπιορκιῶν
797 2216 851 2281 καὶ
868 2210 1029 2298 ἁρπαγῶν
1049 2213 1104 2279 καὶ

102 2315 320 2393 πανουργιῶν
335 2313 582 2398 συνειλεγμένα.

187 2410 240 2475 24.
270 2413 374 2476 EPM.
411 2407 507 2477 Αὐτά
528 2435 595 2478 που
615 2409 735 2497 σχεδόν
755 2407 822 2495 φὴς
842 2407 881 2475 τά
902 2409 1102 2495 γιγνόμενα·

101 2502 231 2571 ὁπόταν
245 2501 281 2570 δ’
297 2498 362 2572 οὐν
378 2503 547 2585 αὐτόπους
562 2511 712 2595 βαδίζῃς,
734 2513 804 2585 πῶς
818 2502 1043 2593 οὐτωτυφλός
1053 2501 1103 2573 ῶν

102 2598 270 2686 εὑρίσκεις
291 2598 353 2687 τὴν
367 2599 467 2685 ὁδόν,
487 2599 510 2689 ἢ
531 2612 601 2683 πῶς
621 2605 852 2691 διαγινῶσκεις
869 2603 916 2692 ἐφ’
934 2603 994 2683 οὐς
1007 2602 1050 2671 άυ
1064 2624 1103 2673 σε

98 2696 119 2766 ὁ
135 2694 222 2776 Ζεύς
237 2696 414 2788 άτιοστείλη
429 2707 544 2784 κρίνας
561 2699 647 2770 εἶναι
660 2710 722 2770 τού
736 2712 894 2772 πλουτεῖν
908 2701 1040 2783 άξίουςς

187 2802 346 2864 ΠΛΟΤΤ.
380 2804 454 2865 Οίει
474 2795 540 2884 γάρ
564 2797 733 2883 εὑρίσκειν
753 2826 794 2887 με
817 2804 936 2879 οἵτινές
957 2807 1035 2882 είσι;
1056 2798 1102 2887 μά

100 2919 162 2962 τον
171 2900 238 2962 Δία
253 2892 294 2962 οὐ
308 2895 416 2963 πάνυ·
437 2894 478 2963 οὐ
494 2895 558 2982 γάρ
573 2893 617 2964 άν
623 2895 825 2984 Ἀριστείδην
839 2895 1103 2966 καταλιπῶνἹπν

102 2998 230 3083 πονίκςο
252 2994 307 3060 καὶ
324 3001 452 3083 Καλλίᾳ
473 2997 635 3085 προσῄειν
651 2998 707 3064 καὶ
721 3004 857 3075 πολλοῖς
873 2994 986 3076 ἄλλοις
1001 2995 1103 3082 Ἀθη-

101 3096 210 3158 ναίων
226 3087 305 3160 οὐδὲ
319 3088 443 3178 ὀβολοῦ
459 3089 570 3172 άξίοις.

186 3193 291 3256 ΕΡΜ.
313 3186 410 3275 Πλὴν
427 3187 511 3258 άλλά
527 3199 559 3259 τί
572 3192 727 3279 πράττεις
740 3198 1008 3277 καταπεμφθείςς

186 3291 349 3354 ΠΛΟῬΤ.
388 3284 477 3354 Ἀνω
504 3291 559 3356 καὶ
578 3289 668 3357 κάτω
687 3296 862 3375 πλανῶμαι
885 3295 1101 3376 περινοστῶν,

99 3383 178 3470 ἄχρι
196 3379 238 3451 ἂν
253 3385 351 3452 λάθω
367 3389 432 3454 τινὶ
449 3389 617 3474 έμπεσῶν·
639 3386 657 3454 ὁ
676 3390 727 3471 δέ,
743 3385 834 3465 ὅστις
847 3381 891 3453 άν
902 3387 1031 3472 πρῶτός
1044 3412 1102 3471 μοι
