2550 3825
409 183 545 244 ΘΕΩΝ
569 183 827 243 ΔΙΛΛΟΓΟΙ.
1054 180 1115 244 107

117 344 333 427 αρπάσαντος.
361 340 402 422 οὐ
419 340 486 430 μὴν
504 339 577 412 ἀλλ’
595 343 771 429 ἐπειδήπερ
789 345 821 421 ἐς
841 341 950 430 ἀκμήν
966 345 1115 432 κατέστη,

116 441 235 520 πάντες
250 445 285 509 οί
298 433 423 527 ἀριστοι
438 449 505 508 τῶν
517 437 655 527 ’Λχαιῶν
670 443 722 510 έπί
737 437 800 528 τήν
812 446 993 528 μνηστείαν
1006 440 1115 528 ἀπήν-

116 557 235 624 τησαν,
250 545 436 626 προεκρίθη
451 541 486 608 δὲ
497 542 674 618 Μενέλεως
690 547 752 607 τοῦ
765 545 963 609 Πελοπιδῶν
979 544 1113 627 γένους·

116 641 147 704 εί
157 634 196 722 δή
212 636 341 722 θέλοις,
358 637 422 724 ἐγεί
437 658 490 704 σοι
507 638 755 724 καταπράξομαι
771 636 831 707 τὸν
845 638 962 725 γάμον.

196 742 295 802 ΠΛΡ.
316 742 394 814 Πῶς
412 735 492 822 φής;
510 733 570 803 τδν
582 743 639 822 τῆς
651 739 896 823 γεγαμημένηςς

196 842 295 902 ΛΦΡ.
318 837 406 912 Νέος
421 833 451 902 εί
465 832 508 901 σύ
524 837 578 902 καλ
594 832 765 920 ἀγροῖκος,
782 831 845 920 έγῶ
863 837 899 902 δὲ
911 832 983 901 οἶδα
998 831 1042 912 ῶς
1052 832 1114 920 χρὴ

114 930 303 1000 τὰτοιαῦτα
321 937 414 1016 δρᾶν.
1037 1000 1041 1006 ,

196 1037 294 1098 ΠΛΡ.
313 1037 408 1112 Πῶς;
432 1033 537 1099 ἐθέλω
553 1027 617 1117 γάρ
631 1033 687 1099 καί
702 1027 801 1109 αὐτὸς
816 1032 945 1098 εἰδέναι.

197 1133 247 1196 15.
269 1136 366 1196 ΛΦΡ.
390 1130 445 1196 Σὺ
458 1129 521 1215 μὲν
534 1126 757 1214 ἀποδημήσεις
774 1126 819 1206 ὡς
834 1130 886 1196 ἐπὶ
900 1131 986 1195 θέαν
1001 1124 1042 1212 δή
1057 1133 1114 1212 τής

107 1221 278 1310 Ἑλλάδος,
300 1224 463 1295 κάπειδάν
476 1224 580 1314 ἀφίκῃ
603 1229 635 1304 ές
649 1225 712 1313 τήν
727 1231 974 1312 Λακεδαίμονα,
999 1224 1117 1305 ὄψεταί

112 1347 149 1392 σε
165 1323 325 1413 ήἙλένη,
342 1324 546 1395 τούντεῦθεν
562 1327 598 1393 δέ
612 1323 693 1412 ἐμὸν
709 1321 817 1410 ἀνείη
834 1323 870 1392 τδ
887 1331 1002 1410 ἔργον,
1025 1323 1113 1402 ὅπως

113 1425 333 1511 ἐρασθήσεταί
345 1445 408 1493 σου
421 1428 476 1494 καὶ
493 1423 727 1512 ἀκολουθήσει.

80 1539 87 1550 ’
193 1530 292 1590 ΠΛΡ
320 1530 424 1591 Τοῦτο
440 1519 519 1590 αὐτὸ
539 1526 592 1590 καὶ
610 1523 751 1590 άπιστον
771 1520 858 1591 είναί
873 1548 929 1608 μοι
946 1526 1052 1605 δοκεῖ,
1074 1514 1112 1588 τὸ

111 1618 341 1690 ἀπολιποῦσαν
351 1623 411 1690 τὸν
422 1619 528 1706 ἀνδρα
538 1625 695 1707 ἐθελήσαι
703 1621 861 1711 βαρβάρῳ
872 1623 927 1688 καὶ
938 1623 1020 1710 ξένω
1029 1639 1113 1686 συν-

113 1727 299 1788 εκπλεῦσαι.

194 1826 291 1887 ΛΦΡ.
315 1818 438 1905 Θάρρει
453 1817 575 1887 τούτου
586 1845 623 1905 γε
634 1822 740 1887 ἕνεκα.
765 1822 861 1886 παῖδε
872 1817 936 1907 γάρ
948 1842 1004 1904 μοι
1016 1813 1113 1884 ἐοτδν

110 1917 172 1986 δύο
186 1918 292 2004 καλω’,
302 1917 428 2005 Ἵμερος
441 1918 623 2005 καλἙρως,
640 1919 747 1987 τούτω
764 1940 817 1986 σοι
832 1916 1019 2002 παραδώσω
1032 1911 1111 2002 ήγε-
1129 1936 1180 1990 266

109 2016 192 2101 μόνε
207 2024 263 2102 τῆς
278 2015 360 2085 ὁδοῦ
376 2020 602 2103 γενησομένω·
623 2020 678 2086 καὶ
690 2016 707 2085 ὁ
718 2015 890 2103 μὲνἙρως
901 2014 978 2093 ὅλος
989 2022 1113 2097 παρελ-

109 2110 185 2181 θών
199 2116 231 2191 ἐς
249 2112 353 2199 αὐτὴν
367 2112 548 2202 ἀναγκάσει
562 2112 623 2202 τήν
634 2129 777 2202 γυναῖκα
792 2116 887 2198 έράν,
906 2110 923 2180 ὁ
940 2117 976 2180 δὲ
983 2112 1112 2198 Ἵμερος

107 2209 198 2300 αὐτῷ
214 2230 267 2279 σοι
282 2216 471 2297 περιχυθεὶς
479 2212 580 2281 τοῦθ’
592 2212 674 2296 ὅπερ
690 2218 793 2293 ἐστίν,
810 2211 945 2297 ίμερτόν
959 2231 995 2277 σε
1011 2211 1111 2296 θήσει

109 2312 163 2377 καὶ
185 2308 357 2394 ἐράσμιον,
386 2314 441 2378 καὶ
461 2308 542 2398 αὐτή
565 2315 602 2379 δὲ
628 2318 858 2397 συμπαροῦσα.
893 2310 1051 2395 δεήσομαι
1075 2310 1111 2375 δὲ

109 2409 163 2473 καὶ
183 2412 251 2472 τῶν
266 2414 420 2492 Χαρίτων
441 2406 659 2494 ἀκολουθεῖν,
683 2408 826 2485 άπαντες
845 2404 951 2492 αὐτήν
969 2409 1025 2473 ἵνα
1039 2414 1111 2473 πεί-

104 2523 230 2590 σωμευ.

191 2612 290 2672 ΠΛΡ.
305 2602 415 2684 Ὅπως
428 2607 490 2692 μὲν
504 2612 606 2673 ταῦτα
620 2605 777 2692 χωρήσει,
793 2602 933 2690 ἀδηλον,
950 2596 1110 2689 ῶ’Λφρο-

104 2705 197 2787 δίτη·
218 2698 307 2788 πλήν
317 2706 382 2786 ἐρῶ
394 2729 432 2788 γε
446 2701 510 2790 ήδη
525 2710 581 2789 τής
590 2700 722 2790 Ἑλένης
735 2703 790 2770 καὶ
804 2699 866 2769 οὐκ
878 2699 940 2768 οἶδ’
955 2700 1043 2779 ὅπως
1055 2702 1111 2769 καὶ

107 2796 192 2885 δρᾶν
210 2795 316 2886 αὐτήν
336 2809 446 2886 οίομαι
460 2802 515 2867 καί
531 2802 620 2868 πλέω
643 2798 729 2867 εὐθὺ
749 2806 806 2885 τῆς
821 2797 976 2878 Ἑλλάδος
996 2801 1050 2867 καὶ
1070 2806 1111 2887 τῇ

107 2898 250 2985 Σπάρτη
274 2900 421 2982 ἐπιδημῶ
442 2899 496 2964 καλ
524 2898 675 2982 ἐπάνειμι
701 2902 784 2982 έχων
805 2894 866 2983 τήν
887 2910 1031 2983 γυναῖκα
1055 2898 1110 2964 καὶ

103 2991 270 3082 ἄχθομαι,
287 2993 339 3063 ὅτι
354 2992 397 3081 μή
411 3004 513 3062 ταῦτα
526 2993 589 3083 ήδη
607 2996 713 3062 πάντα
737 2994 831 3068 ποιά.

192 3099 242 3160 16.
266 3099 362 3161 ΛΦΡ.
385 3091 444 3179 Μή
457 3091 621 3178 πρότερον
635 3095 795 3181 ἐρασθῇς,
808 3085 950 3179 ῶΠάρι,
962 3096 1041 3179 πρὶν
1053 3094 1109 3178 ἐμὲ

106 3192 168 3277 τήν
182 3190 434 3279 προμνήστριαν
449 3194 504 3258 καί
519 3189 747 3278 νυμφαγωγὸν
760 3188 965 3276 ἀμείψασθαι
979 3199 1019 3279 τῇ
1035 3196 1108 3273 κρί-

104 3306 172 3354 σει·
202 3289 322 3373 πρέποι
337 3286 401 3375 γάρ
422 3284 465 3357 ἀν
485 3287 567 3377 κάμὲ
588 3291 775 3378 νικηφόρον
789 3288 870 3376 ὑμῖν
887 3304 1108 3376 συμπαρεῖναι

104 3386 159 3453 καί
170 3386 336 3471 ἑορτάζειν
346 3384 413 3472 ἅμα
423 3389 478 3456 καὶ
486 3386 564 3466 τούς
576 3388 703 3474 γάμους
712 3390 767 3456 καὶ
776 3385 816 3455 τά
826 3390 984 3456 ἐπινίκια·
998 3387 1107 3455 πάντα
