2550 3825
151 177 214 238 εει
310 129 318 252 ’,
504 179 810 238 Λονκιικον

151 333 215 420 πρὸ
232 343 288 422 της
304 337 408 424 μάχης
423 341 632 423 παραδοῦναι
647 344 687 422 τῇ
702 343 839 423 στρατιᾷ
852 332 890 401 τὸ
903 333 1085 421 ὑγιαίνειν,
1105 336 1168 400 καὶ

152 429 217 499 ὑπὸ
229 433 336 522 τούτῳ
350 437 541 521 συνθήματι
553 432 614 519 τήν
625 430 826 518 θαυμαστήν
837 435 967 518 ε’κείνηυ
978 438 1077 516 νίκην
1088 433 1168 498 ε’νί-

152 548 241 614 κησε.
265 534 313 597 10.
330 534 384 599 καί
397 541 601 618 Πτολεμαῖος
618 529 685 598 ὑὲὸ
703 531 819 616 Λάγου
833 533 992 622 Σελεύκῳ
1009 531 1166 598 ἐπιστέλ-

152 634 222 693 λων
237 635 352 712 σαφοίς
365 627 544 714 ἀνέστρεψε
559 626 621 715 τήν
632 630 726 708 τάξιν
737 631 774 695 έν
784 626 868 717 ἀρχή
881 628 944 714 μὲν
956 636 1013 714 τῆς
1024 631 1165 694 ἐπιστο-

152 731 210 810 λής
230 721 396 809 ὑγιαίνειν
415 723 520 794 αὐτὸν
544 727 753 811 προσειπών,
779 727 831 792 έπί
846 728 930 792 τέλει
952 725 988 793 δὲ
1008 722 1082 791 άντί
1096 731 1166 790 τοῦ

705 828 707 831 ·
944 821 952 841 Ι
1075 817 1084 842 θ
1132 817 1141 839 ἱ

153 916 325 996 ἐπιστολάς
350 917 455 987 αὑτοῦ
477 918 678 1005 συναγαγών
701 939 815 1005 φησιν.
854 924 904 986 ll.
932 916 1026 997 άξίον
1047 919 1084 984 δὲ
1105 917 1165 983 καὶ

85 1029 136 1083 735
153 1015 295 1099 Πύρρου
309 1025 370 1082 τοῦ
387 1013 591 1100 Ἠπειρώτου
606 1025 818 1102 μνησθῆναι,
840 1012 962 1099 ἀνδρὸς
977 1012 1057 1100 μετά
1069 1011 1163 1081 Ἀλέ-

154 1116 299 1197 ξανδρον
314 1111 354 1179 τά
366 1113 505 1200 δεύτερα
516 1116 554 1180 έν
567 1119 775 1199 στρατηγίαις
787 1115 1011 1198 ἐνεγκαμένου
1025 1113 1079 1178 καὶ
1094 1136 1163 1196 μυ-

155 1216 226 1296 ρίας
237 1208 361 1293 τροπάς
370 1219 427 1297 τῆς
438 1209 754 1296 τύχηςένεγκόντος.
773 1202 870 1288 οὗτος
881 1216 997 1277 τοίνυν
1007 1206 1057 1276 άεί
1067 1217 1164 1284 θεοῖς

155 1305 333 1393 εὐχόμενος
350 1308 518 1375 καλθύων
538 1309 594 1374 καὶ
607 1305 777 1384 ἀνατιθείς
796 1304 1009 1374 οὐδεπώποτε
1024 1301 1046 1391 ή
1063 1310 1166 1389 νίκην

154 1400 175 1488 ή
192 1411 359 1490 βασιλείας
376 1402 501 1490 ἀξίωμα
518 1409 629 1490 μεῖζον
643 1399 665 1490 ή
681 1402 834 1470 εύιιλειοιν
852 1399 875 1490 ή
890 1395 1039 1471 πλούτου
1055 1401 1164 1487 ὑπερ-

158 1501 262 1588 βολήν
275 1503 375 1590 ήτησε
392 1500 472 1586 παρ’
488 1502 617 1586 αὐτῶν,
633 1499 708 1570 ἄλλ’
726 1505 765 1568 ἓν
778 1509 877 1569 τοῦτο
892 1500 1026 1587 ηύχετο,
1050 1497 1164 1584 ὑγιαί-

288 1597 297 1621 θ
438 1595 452 1622 ’Λ
541 1607 554 1619 u
577 1597 586 1621 2

128 1690 130 1694 ¹
158 1700 489 1784 προσγενησομένων.
513 1701 568 1766 καὶ
583 1696 718 1784 άριστα,
741 1697 848 1784 οἶμαι,
864 1697 1017 1783 ἐφρόνει,
1032 1695 1164 1780 λογιζό-
1259 1746 1260 1769 ,

158 1819 257 1881 μενος
269 1793 321 1862 ὅτι
338 1794 438 1863 οὐδὲν
458 1795 579 1878 ὄφελος
599 1803 667 1862 τῶν
682 1793 842 1863 ἁπάντων
855 1793 1012 1881 ἀγαθῶν,
1034 1790 1101 1860 ἔστ’
1119 1789 1163 1858 άν

157 1899 218 1959 τού
234 1888 398 1977 ὑγιαίνειν
415 1892 521 1979 μόνον
536 1890 612 1981 άπή.
650 1897 699 1961 12.
722 1901 807 1980 Ναί,
824 1900 909 1981 φησί
919 1919 976 1970 τις.
1000 1887 1084 1958 άλλά
1095 1897 1163 1956 νύν
1259 1945 1260 1968 .

159 1989 300 2057 ἑκάστου
315 1988 431 2073 καιρὰς
445 1995 529 2069 ίδιος
539 1988 601 2076 ὑφ’
614 1988 709 2077 ήμῶν
720 1991 964 2071 ἀποδέδεικται,
979 1986 1022 2057 σύ
1033 1989 1070 2055 δὲ
1080 1994 1162 2055 τοῦ-
1259 2067 1260 2070 ¹

157 2114 217 2156 τον
231 2088 425 2172 ἐναλλάξας,
442 2095 472 2158 εί
487 2091 541 2156 καί
558 2090 662 2175 μηδὲν
678 2088 758 2159 άλλο
774 2096 926 2177 ἔφησθα,
942 2085 1078 2177 ὅμως
1046 2093 1092 2152 τῶ
1109 2091 1163 2152 ὑι-

157 2192 240 2277 καίφ
256 2184 343 2313 λόγφ
358 2183 421 2253 ούκ
436 2182 479 2253 άν
495 2193 556 2267 έξω
572 2196 641 2272 είης
653 2194 715 2254 τού
730 2185 970 2273 ἡμαρτηκέναι,
995 2183 1104 2269 ωσπερ
1118 2178 1163 2248 άν

159 2296 250 2363 εἴτις
261 2287 335 2367 περὶ
349 2292 388 2373 τῇ
399 2285 509 2373 κνήμη
520 2283 557 2352 τὸ
570 2286 693 2370 κράνος
704 2282 727 2371 ή
737 2290 813 2371 περὶ
823 2312 863 2374 τη
848 2291 1001 2372 κεφαλή
1011 2281 1069 2361 τάς
1079 2307 1163 2400 κυη-

158 2388 254 2471 μίίας
266 2384 464 2470 ἐπιδήσαιτο.
484 2380 583 2469 Ἀλλ’,
601 2409 626 2450 ω
614 2376 795 2470 βέλτιστε,
808 2390 912 2469 φαίην
922 2379 966 2449 άν
976 2380 1067 2468 κάγω
1078 2377 1162 2464 πρὸς

159 2481 316 2566 αύτύν,ε
301 2478 471 2600 είηάτωςἋ
450 2508 494 2548 αν
510 2488 614 2548 ταῦτα
629 2487 755 2567 ἔλεγες,
775 2490 809 2549 ελ
819 2508 868 2559 τις
883 2480 969 2559 ὅλως
989 2476 1104 2563 καιρός
1118 2472 1163 2565 ήν

159 2578 285 2666 ὑγιείας
306 2577 350 2664 μή
372 2581 546 2671 δεόμενος,
572 2586 639 2651 νῦν
663 2581 699 2646 δὲ
718 2582 772 2646 καί
792 2581 901 2646 ἕωθεν
921 2582 976 2646 καί
997 2576 1163 2664 μεσούσης

159 2676 282 2764 ἡμέρας
298 2680 352 2745 καὶ
367 2680 500 2761 νύκτωρ
515 2676 564 2745 ἀεὶ
579 2677 616 2745 τὸ
635 2676 789 2763 ὑγιαῖνον
803 2675 1003 2763 άναγκαίον,
1028 2678 1084 2743 καὶ
1098 2677 1164 2760 μά-

160 2784 253 2843 λιστα
267 2788 335 2851 τοῖς
351 2772 491 2860 ἄρχουσι
504 2777 559 2842 καί
572 2776 679 2844 πολλά
694 2777 897 2861 πράττουσιν
911 2774 1008 2861 ὑμῖν,
1024 2772 1091 2864 ὅσφ
1108 2775 1163 2840 καὶ

91 2874 141 2943 736
159 2869 243 2958 πρὸς
257 2868 297 2937 τά
316 2870 422 2939 πολλά
444 2877 557 2940 δεῖσθε
580 2882 640 2941 τοῦ
657 2873 821 2959 σωματος·
850 2879 897 2940 ἔτι
912 2874 948 2940 δὲ
962 2870 1056 2959 ὁμὲν
1071 2886 1163 2958 χαῖρε

161 2967 265 3037 είπύυ
276 2968 384 3055 μόνον
398 2968 537 3061 εύφήμφ
554 2979 594 3060 τῇ
610 2969 694 3060 άρχή
708 2970 883 3057 ἐχρήσατο,
905 2974 959 3039 καί
980 2977 1070 3039 ἔστιν
1085 2970 1161 3056 εύχή

160 3080 205 3137 το
215 3076 367 3154 πρᾶγμα,
393 3066 410 3135 ὁ
426 3072 462 3135 δὲ
477 3066 643 3155 ὑγιαίνειν
659 3068 966 3155 παρακελευόμενος
979 3071 1034 3137 καὶ
1049 3069 1162 3155 χρήσι-

161 3167 227 3253 μόν
240 3193 272 3234 τι
283 3170 347 3254 δρᾷ
358 3167 413 3233 καὶ
424 3163 667 3255 ὑπομιμνήσκει
681 3176 748 3236 τῶν
758 3166 842 3249 πρὸς
854 3165 892 3234 τὸ
905 3165 1072 3254 ὑγιαίνεινΙ
1081 3189 1159 3234 συν-

161 3266 365 3349 τελούντων,
388 3267 443 3332 καί
460 3262 501 3332 ού
517 3268 712 3353 συνεύχεται
727 3268 849 3353 μόνον,
871 3264 955 3334 άλλά
969 3270 1023 3335 καὶ
1037 3291 1164 3351 παραγ-

161 3368 279 3446 γέλλει.
300 3369 350 3431 13.
373 3371 406 3431 τί
418 3362 468 3446 δ’;
492 3363 565 3450 οὐχὶ
576 3368 633 3433 καί
649 3369 686 3433 έν
699 3374 745 3454 τῷ
759 3373 827 3434 τῶν
844 3368 988 3434 ἐντολῶν
1003 3372 1130 3453 βιβλίῳ,
1148 3362 1165 3432 ὃ
