2550 3825
10 256 15 315 Ρ

498 188 674 248 ΤΙΜΩΝ.
1051 185 1093 247 33

10 346 11 353 ¹
98 344 127 414 ιδ
148 354 209 413 ταῦ
234 348 266 426 ές
287 346 323 415 τὸ
345 354 412 415 τῶν
432 354 603 433 στοιχείων
625 346 722 431 γένος
743 347 931 433 παρήγαγε·
959 353 1006 437 τῷ
1027 372 1092 432 γαρ

10 460 11 473 ’
95 448 212 517 τούτου
224 450 354 536 σάματί
361 445 1095 536 φασιτούςτυράννουςάκολουθήσανταςκαδ

96 549 339 633 μιμησαμένους
350 546 456 615 αὐτοῦ
473 545 509 615 τδ
526 548 661 633 πλάσμα
676 552 787 613 ἔπειτα
802 544 941 632 σχήματι
952 542 1093 634 τοιούτῳ

97 646 174 725 ξύλα
189 645 409 730 τεκτήναντας
425 642 630 727 ἀνθρώπους
643 642 917 724 ἀνασκολοπίζειν
928 639 981 709 ἐπ’
998 639 1094 708 αὐτά·

95 740 155 810 ἀπδ
167 738 207 826 δή
219 743 341 809 τούτου
353 744 408 810 καὶ
419 750 464 832 τῷ
475 742 651 828 τεχνήματι
662 748 709 830 τῷ
720 746 857 829 πονηρῷ
868 736 930 824 τήν
940 734 1094 823 πονηράν

95 844 284 925 ἐπωνυμίαν
296 848 484 908 συνελθεῖν.
499 832 700 907 τούτωνοῦν
706 835 866 906 ἁπάντων
872 841 970 905 ἕνεκα
977 835 1093 903 πόσων
1114 838 1150 893 98

95 938 252 1006 θανάτων
276 937 314 1005 τὸ
343 945 406 1005 ταῦ
434 936 527 1018 ἀξιον
555 936 640 1004 εἶναι
665 942 828 1022 νομίζετες
856 934 921 1021 ἐγω
942 937 1004 1022 μὲν
1028 931 1093 1020 γάρ

95 1036 182 1122 οἶμαι
196 1040 330 1114 δικαίως
340 1042 439 1104 τοῦτο
450 1036 558 1122 μόνον
570 1038 602 1113 ἐς
612 1032 675 1121 τήν
685 1041 746 1101 τοῦ
759 1041 822 1101 ταῦ
833 1041 997 1119 τιμωρίαν
1008 1030 1095 1099 ὑπο-

10 1134 23 1169 ''
95 1140 285 1217 λείπεσθαι,
302 1131 339 1201 τδ
357 1141 406 1225 τῷ
419 1134 557 1220 σχήματι
569 1140 614 1224 τῷ
625 1130 731 1199 αὑτοῦ
742 1130 805 1219 τήν
816 1137 912 1220 δίκην
923 1130 1093 1215 ὑποσχεῖν,

96 1228 166 1315 ὃδὴ
187 1228 331 1315 σταυρὸς
345 1230 429 1300 εἶναι
446 1228 511 1298 ὑπὸ
528 1230 650 1298 τούτου
665 1232 727 1316 μὲν
741 1229 1005 1317 ἕδημιουργήθη,
1026 1224 1093 1295 ὑπὸ

97 1328 130 1396 δὲ
144 1326 340 1417 ἀνθρώπων
355 1328 557 1415 ὀνομάζεται.
625 1355 630 1371 “

486 1522 693 1531 ..ι-σ--ι--η

200 1686 992 1757 ΤΙΜΩΝΗΜΙΣΑΝΘΡΩΠΟΣ.

94 1840 234 1903 νεικείω,
265 1841 371 1903 σενα,
397 1842 544 1909 εΡΜΗΣ,
573 1838 764 1907 αλονΓοΣ,
792 1841 924 1908 mma,
953 1840 1096 1894 Γαεοα

187 1939 322 2009 mm,
351 1941 544 2005 οτΛιλΔκΣ,
570 1939 741 2006 numm,
770 1939 1003 1992 οεεεναλκα.

180 2108 209 2174 l.
257 2109 351 2170 TIM.
389 2094 429 2170 Ὠ
445 2109 512 2170 Ζεῦ
535 2107 624 2187 φίλιε
647 2105 703 2169 καὶ
719 2105 803 2182 ξένιε
819 2105 875 2171 καὶ
889 2105 1027 2188 ἑταιρεῖε
1042 2105 1097 2172 καὶ

10 2209 12 2222 “
93 2203 224 2286 ἐφέστιε
254 2201 309 2266 καὶ
335 2195 540 2285 ἀστεροπητὰ
569 2202 625 2266 καὶ
652 2198 745 2285 ὅρκιε
771 2202 826 2267 καὶ
851 2204 1093 2288 νεφεληγερέτα
1115 2209 1150 2263 99

92 2302 147 2366 καὶ
170 2299 348 2382 ἐρίγδουπε
369 2299 423 2364 καὶ
440 2305 471 2364 εί
483 2302 516 2364 τί
535 2319 572 2364 σε
588 2295 669 2364 ἀλλο
686 2302 720 2364 οί
732 2299 949 2385 ἐμβρόντητοι
964 2301 1096 2386 ποιηταὶ

93 2403 256 2482 καλοῦσι,
284 2397 339 2464 καὶ
365 2395 507 2480 μάλιστα
530 2393 611 2462 ὅταν
632 2395 782 2480 ἀπορῶσι
806 2394 889 2483 πρὸς
916 2395 957 2465 τά
977 2399 1094 2483 μέτρα·

91 2495 168 2563 τότε
189 2496 254 2580 γάρ
276 2490 389 2572 αὐτοῖς
411 2494 633 2582 πολυώνυμος
655 2495 831 2582 γινόμενος
852 2494 1037 2582 ὑπερείδεις
1056 2495 1093 2566 τδ

90 2609 216 2662 πῖπτον
233 2598 294 2660 τοῦ
311 2595 433 2678 μέτρου
448 2595 502 2661 καὶ
518 2591 721 2681 ἀναπληροῖς
734 2592 770 2662 τὰ
784 2594 921 2681 κεχηνὸς
936 2603 997 2664 τοῦ
1007 2600 1097 2685 ῥυθ-

89 2697 176 2777 μοῦ·
203 2697 271 2757 ποῦ
291 2711 344 2758 σοι
366 2696 431 2758 νῦν
446 2688 467 2777 ἡ
482 2693 701 2778 ἐρισμάραγος
717 2690 865 2780 ἀστραπὴ
884 2695 939 2762 καὶ
953 2692 974 2781 ἡ
989 2693 1097 2782 βαρά-

89 2798 220 2877 6ρομος
234 2786 358 2877 βροντή
381 2786 467 2857 καὶὸ
482 2790 653 2868 αἰθαλόεις
670 2795 724 2858 καὶ
738 2788 873 2877 ἀργήεις
886 2794 941 2858 καὶ
952 2795 1097 2876 σμερδα-

87 2896 166 2968 λέος
183 2888 363 2975 κεραννόςς
379 2885 508 2955 ἀπανια
523 2886 588 2974 γάρ
604 2896 708 2956 ταῦτα
719 2897 819 2976 λῆρος
828 2888 891 2976 ήδη
903 2889 1097 2975 ἀναπέφηνε

89 2991 146 3056 καὶ
178 2984 306 3065 καπνὸς
334 2984 476 3071 ἀτεχνῶς
501 2984 671 3071 ποιητικὸς
692 2990 753 3066 ἔξω
774 2995 834 3053 τοῦ
855 2986 1006 3072 πατάγου
1027 2993 1095 3054 τῶν
1114 3002 1165 3054 10⁰

89 3082 287 3171 ὀνομάτων.
319 3080 356 3151 τδ
379 3086 415 3151 δὲ
432 3081 589 3170 ἀοίδιμόν
605 3103 658 3150 σοι
675 3088 729 3152 καὶ
743 3085 905 3171 ἑκηβόλον
920 3083 1026 3152 ὅπλον
1042 3085 1098 3151 καὶ

87 3181 274 3269 πρόχειρον
288 3181 351 3250 οὐκ
369 3179 433 3250 οἶδ’
449 3179 537 3260 ὅπως
550 3183 668 3261 τελέως
683 3180 811 3270 ἀπέσβη
823 3185 877 3251 καὶ
887 3181 1019 3268 ψυχρόν
1030 3183 1096 3249 ἐστι

88 3283 178 3369 μηδὲ
193 3279 310 3368 ὀλίγον
326 3287 497 3367 σπινθήρα
513 3279 613 3369 ὀργῆς
627 3281 710 3352 κατά
725 3291 793 3351 τῶν
804 3281 1012 3351 ἀδικούντων
1022 3286 1097 3351 δια-

10 3461 12 3488 Ι
89 3379 276 3464 φυλάττον.
324 3385 354 3449 2.
378 3388 506 3448 θάττον
526 3389 612 3468 γοῦν
633 3391 702 3450 τῶν
721 3386 888 3468 ἐπιορκεῖν
908 3410 956 3462 τις
975 3385 1095 3468 έπιχει·
1114 3398 1154 3451 1οῖ

10 3499 12 3516 ί

10 3597 12 3608 ι

180 3507 287 3548 tuem«.
302 3491 324 3545 1.
893 3489 914 3549 3
