<?xml version="1.0" encoding="UTF-8"?>
<!DOCTYPE html PUBLIC "-//W3C//DTD XHTML 1.0 Transitional//EN"
    "http://www.w3.org/TR/xhtml1/DTD/xhtml1-transitional.dtd">
<html xmlns="http://www.w3.org/1999/xhtml" xml:lang="en" lang="en">
 <head>
  <title>
</title>
<meta http-equiv="Content-Type" content="text/html;charset=utf-8" />
  <meta name='ocr-system' content='tesseract 3.04.00' />
  <meta name='ocr-capabilities' content='ocr_page ocr_carea ocr_par ocr_line ocrx_word'/>
</head>
<body>
  <div class='ocr_page' id='page_1' title='image "./lucianisamosate03jacogoog_0375.png"; bbox 0 0 2550 3825; ppageno 0'>
   <div class='ocr_carea' id='block_1_1' title="bbox 162 184 840 248">
    <p class='ocr_par' dir='ltr' id='par_1_1' title="bbox 162 184 840 248">
     <span class='ocr_line' id='line_1_1' title="bbox 162 184 840 248; baseline -0.004 0"><span class='ocrx_word' id='word_1_1' title='bbox 162 184 225 248; x_wconf 84' lang='lat'><strong><em>344</em></strong></span> <span class='ocrx_word' id='word_1_2' title='bbox 534 189 840 248; x_wconf 77' lang='lat' dir='ltr'><em>AOYKIANOY</em></span> 
     </span>
    </p>
   </div>
   <div class='ocr_carea' id='block_1_2' title="bbox 62 345 1261 3276">
    <p class='ocr_par' dir='ltr' id='par_1_2' title="bbox 62 345 1262 2182">
     <span class='ocr_line' id='line_1_2' title="bbox 161 345 1168 438; baseline -0.003 -23"><span class='ocrx_word' id='word_1_3' title='bbox 161 347 338 427; x_wconf 78' lang='grc' dir='ltr'><strong><em>πιστεύσας</em></strong></span> <span class='ocrx_word' id='word_1_4' title='bbox 352 345 431 426; x_wconf 87' lang='grc' dir='ltr'><strong><em>τούς</em></strong></span> <span class='ocrx_word' id='word_1_5' title='bbox 446 349 507 434; x_wconf 77' lang='grc' dir='ltr'><strong><em>μὲν</em></strong></span> <span class='ocrx_word' id='word_1_6' title='bbox 521 345 643 438; x_wconf 85' lang='grc' dir='ltr'><strong><em>ἀλλους</em></strong></span> <span class='ocrx_word' id='word_1_7' title='bbox 657 357 741 433; x_wconf 95' lang='grc' dir='ltr'><strong><em>εἴας,</em></strong></span> <span class='ocrx_word' id='word_1_8' title='bbox 756 351 789 427; x_wconf 80' lang='grc' dir='ltr'><strong><em>ἐξ</em></strong></span> <span class='ocrx_word' id='word_1_9' title='bbox 799 345 958 414; x_wconf 76' lang='grc' dir='ltr'><strong><em>ἁπάντων</em></strong></span> <span class='ocrx_word' id='word_1_10' title='bbox 971 345 1009 414; x_wconf 80' lang='grc' dir='ltr'><strong><em>δὲ</em></strong></span> <span class='ocrx_word' id='word_1_11' title='bbox 1022 345 1168 431; x_wconf 92' lang='grc' dir='ltr'><strong><em>προελό-</em></strong></span> 
     </span>
     <span class='ocr_line' id='line_1_3' title="bbox 162 442 1167 536; baseline -0.004 -24"><span class='ocrx_word' id='word_1_12' title='bbox 162 471 260 531; x_wconf 87' lang='grc' dir='ltr'><strong><em>μενος</em></strong></span> <span class='ocrx_word' id='word_1_13' title='bbox 276 445 360 533; x_wconf 85' lang='grc' dir='ltr'><strong><em>ἀπερ</em></strong></span> <span class='ocrx_word' id='word_1_14' title='bbox 375 447 578 536; x_wconf 78' lang='grc' dir='ltr'><em>προῄρησαι,</em></span> <span class='ocrx_word' id='word_1_15' title='bbox 600 443 704 525; x_wconf 73' lang='grc' dir='ltr'><strong><em>ἀξιοῖς</em></strong></span> <span class='ocrx_word' id='word_1_16' title='bbox 721 442 804 512; x_wconf 85' lang='grc' dir='ltr'><strong><em>κατά</em></strong></span> <span class='ocrx_word' id='word_1_17' title='bbox 823 453 927 512; x_wconf 79' lang='grc' dir='ltr'><strong><em>ταῦτα</em></strong></span> <span class='ocrx_word' id='word_1_18' title='bbox 948 452 1167 530; x_wconf 74' lang='grc' dir='ltr'><strong><em>φιλοσοφεῖνς</em></strong></span> 
     </span>
     <span class='ocr_line' id='line_1_4' title="bbox 162 537 1168 631; baseline -0.003 -21"><span class='ocrx_word' id='word_1_19' title='bbox 162 537 228 629; x_wconf 84' lang='grc' dir='ltr'><strong><em>ἀρα</em></strong></span> <span class='ocrx_word' id='word_1_20' title='bbox 245 547 298 614; x_wconf 78' lang='grc' dir='ltr'><strong><em>καὶ</em></strong></span> <span class='ocrx_word' id='word_1_21' title='bbox 314 539 351 613; x_wconf 74' lang='grc' dir='ltr'><strong><em>σέ</em></strong></span> <span class='ocrx_word' id='word_1_22' title='bbox 366 543 476 631; x_wconf 74' lang='grc' dir='ltr'><strong><em>ὥσπερ</em></strong></span> <span class='ocrx_word' id='word_1_23' title='bbox 493 541 553 612; x_wconf 81' lang='grc' dir='ltr'><strong><em>τόν</em></strong></span> <span class='ocrx_word' id='word_1_24' title='bbox 567 551 786 629; x_wconf 86' lang='grc' dir='ltr'><strong><em>Χαιρεφιιντα</em></strong></span> <span class='ocrx_word' id='word_1_25' title='bbox 803 541 971 620; x_wconf 81' lang='grc' dir='ltr'><strong><em>δΠύθιος</em></strong></span> <span class='ocrx_word' id='word_1_26' title='bbox 984 542 1168 627; x_wconf 76' lang='grc' dir='ltr'><strong><em>ἐξέπεμψεν</em></strong></span> 
     </span>
     <span class='ocr_line' id='line_1_5' title="bbox 163 638 1168 729; baseline -0.003 -19"><span class='ocrx_word' id='word_1_27' title='bbox 163 645 214 710; x_wconf 80' lang='grc' dir='ltr'><strong><em>ἐπὶ</em></strong></span> <span class='ocrx_word' id='word_1_28' title='bbox 228 639 267 710; x_wconf 88' lang='grc' dir='ltr'><strong><em>τά</em></strong></span> <span class='ocrx_word' id='word_1_29' title='bbox 282 651 444 714; x_wconf 67' lang='grc' dir='ltr'><strong><em>Στωϊκῶν</em></strong></span> <span class='ocrx_word' id='word_1_30' title='bbox 461 641 618 727; x_wconf 80' lang='grc' dir='ltr'><strong><em>ἀρίστους</em></strong></span> <span class='ocrx_word' id='word_1_31' title='bbox 632 646 665 722; x_wconf 79' lang='grc' dir='ltr'><strong><em>ἐξ</em></strong></span> <span class='ocrx_word' id='word_1_32' title='bbox 678 638 839 711; x_wconf 79' lang='grc' dir='ltr'><strong><em>ἁπάντων</em></strong></span> <span class='ocrx_word' id='word_1_33' title='bbox 854 662 1063 729; x_wconf 70' lang='grc' dir='ltr'><strong><em>προσειπονς</em></strong></span> <span class='ocrx_word' id='word_1_34' title='bbox 1085 646 1168 719; x_wconf 74' lang='grc' dir='ltr'><strong><em>ἔθος</em></strong></span> 
     </span>
     <span class='ocr_line' id='line_1_6' title="bbox 162 739 1168 831; baseline -0.001 -24"><span class='ocrx_word' id='word_1_35' title='bbox 162 740 228 827; x_wconf 84' lang='grc' dir='ltr'><strong><em>γάρ</em></strong></span> <span class='ocrx_word' id='word_1_36' title='bbox 244 740 333 831; x_wconf 76' lang='grc' dir='ltr'><strong><em>αύτῷ</em></strong></span> <span class='ocrx_word' id='word_1_37' title='bbox 355 741 458 810; x_wconf 85' lang='grc' dir='ltr'><strong><em>ἀλλον</em></strong></span> <span class='ocrx_word' id='word_1_38' title='bbox 474 739 525 808; x_wconf 77' lang='grc' dir='ltr'><strong><em>ἐπ’</em></strong></span> <span class='ocrx_word' id='word_1_39' title='bbox 551 739 631 810; x_wconf 83' lang='grc' dir='ltr'><strong><em>ἀλλο</em></strong></span> <span class='ocrx_word' id='word_1_40' title='bbox 647 740 733 819; x_wconf 76' lang='grc' dir='ltr'><strong><em>εἶδος</em></strong></span> <span class='ocrx_word' id='word_1_41' title='bbox 748 749 948 828; x_wconf 76' lang='grc' dir='ltr'><strong><em>φιλοσοφίας</em></strong></span> <span class='ocrx_word' id='word_1_42' title='bbox 966 742 1168 824; x_wconf 76' lang='grc' dir='ltr'><strong><em>προτρέπειν</em></strong></span> 
     </span>
     <span class='ocr_line' id='line_1_7' title="bbox 62 836 877 930; baseline 0.002 -26"><span class='ocrx_word' id='word_1_43' title='bbox 62 875 63 880; x_wconf 42' lang='lat'>1</span> <span class='ocrx_word' id='word_1_44' title='bbox 163 836 225 924; x_wconf 82' lang='grc' dir='ltr'><strong><em>την</em></strong></span> <span class='ocrx_word' id='word_1_45' title='bbox 239 836 487 924; x_wconf 82' lang='grc' dir='ltr'><strong><em>ἁρμόττουσαν,</em></strong></span> <span class='ocrx_word' id='word_1_46' title='bbox 503 837 610 925; x_wconf 77' lang='grc' dir='ltr'><strong><em>οἶμαι,</em></strong></span> <span class='ocrx_word' id='word_1_47' title='bbox 625 839 751 930; x_wconf 82' lang='grc' dir='ltr'><strong><em>έκύστφ</em></strong></span> <span class='ocrx_word' id='word_1_48' title='bbox 768 839 877 907; x_wconf 87' lang='grc' dir='ltr'><strong><em>είδότι.</em></strong></span> 
     </span>
     <span class='ocr_line' id='line_1_8' title="bbox 246 945 1168 1038; baseline -0.004 -18"><span class='ocrx_word' id='word_1_49' title='bbox 246 959 350 1020; x_wconf 84' lang='grc' dir='ltr'><strong>ΕΡΜ.</strong></span> <span class='ocrx_word' id='word_1_50' title='bbox 368 947 454 1021; x_wconf 72' lang='grc' dir='ltr'><strong><em>Ἀλλ’</em></strong></span> <span class='ocrx_word' id='word_1_51' title='bbox 472 949 572 1020; x_wconf 75' lang='grc' dir='ltr'><strong><em>ούδδν</em></strong></span> <span class='ocrx_word' id='word_1_52' title='bbox 592 960 762 1038; x_wconf 81' lang='grc' dir='ltr'><strong><em>τοιοῦτον,</em></strong></span> <span class='ocrx_word' id='word_1_53' title='bbox 783 945 968 1036; x_wconf 78' lang='grc' dir='ltr'><strong><em>ὦΛυκῖνε,</em></strong></span> <span class='ocrx_word' id='word_1_54' title='bbox 990 947 1069 1018; x_wconf 68' lang='grc' dir='ltr'><strong><em>οὐδὲ</em></strong></span> <span class='ocrx_word' id='word_1_55' title='bbox 1081 947 1168 1036; x_wconf 78' lang='grc' dir='ltr'><strong><em>ἠρό-</em></strong></span> 
     </span>
     <span class='ocr_line' id='line_1_9' title="bbox 164 1048 696 1136; baseline 0 -19"><span class='ocrx_word' id='word_1_56' title='bbox 164 1076 231 1136; x_wconf 86' lang='grc' dir='ltr'><strong><em>μην</em></strong></span> <span class='ocrx_word' id='word_1_57' title='bbox 244 1056 322 1136; x_wconf 89' lang='grc' dir='ltr'><strong><em>περί</em></strong></span> <span class='ocrx_word' id='word_1_58' title='bbox 332 1076 371 1136; x_wconf 89' lang='grc' dir='ltr'><strong><em>γε</em></strong></span> <span class='ocrx_word' id='word_1_59' title='bbox 384 1050 514 1118; x_wconf 91' lang='grc' dir='ltr'><strong><em>τούτων</em></strong></span> <span class='ocrx_word' id='word_1_60' title='bbox 528 1048 589 1118; x_wconf 87' lang='grc' dir='ltr'><strong><em>τόν</em></strong></span> <span class='ocrx_word' id='word_1_61' title='bbox 602 1051 696 1118; x_wconf 88' lang='grc' dir='ltr'><strong><em>θεόν.</em></strong></span> 
     </span>
     <span class='ocr_line' id='line_1_10' title="bbox 247 1158 1261 1249; baseline -0.003 -18"><span class='ocrx_word' id='word_1_62' title='bbox 247 1169 347 1231; x_wconf 73' lang='lat' dir='ltr'><em>AYK.</em></span> <span class='ocrx_word' id='word_1_63' title='bbox 370 1163 521 1248; x_wconf 87' lang='grc' dir='ltr'><strong><em>Πότερον</em></strong></span> <span class='ocrx_word' id='word_1_64' title='bbox 541 1160 604 1228; x_wconf 90' lang='grc' dir='ltr'><strong><em>ούκ</em></strong></span> <span class='ocrx_word' id='word_1_65' title='bbox 619 1159 714 1241; x_wconf 80' lang='grc' dir='ltr'><strong><em>ἀξιον</em></strong></span> <span class='ocrx_word' id='word_1_66' title='bbox 729 1169 824 1241; x_wconf 89' lang='grc' dir='ltr'><strong><em>θείας</em></strong></span> <span class='ocrx_word' id='word_1_67' title='bbox 843 1169 1047 1249; x_wconf 76' lang='grc' dir='ltr'><strong><em>συμβουλίας</em></strong></span> <span class='ocrx_word' id='word_1_68' title='bbox 1060 1158 1168 1248; x_wconf 82' lang='grc' dir='ltr'><strong><em>ἡγού-</em></strong></span> <span class='ocrx_word' id='word_1_69' title='bbox 1260 1160 1261 1199; x_wconf 46' lang='lat'>4</span> 
     </span>
     <span class='ocr_line' id='line_1_11' title="bbox 64 1256 1168 1349; baseline -0.003 -21"><span class='ocrx_word' id='word_1_70' title='bbox 64 1344 66 1348; x_wconf 85' lang='lat'>.</span> <span class='ocrx_word' id='word_1_71' title='bbox 164 1287 264 1347; x_wconf 91' lang='grc' dir='ltr'><strong><em>μενος</em></strong></span> <span class='ocrx_word' id='word_1_72' title='bbox 277 1258 358 1329; x_wconf 87' lang='grc' dir='ltr'><strong><em>αύτό</em></strong></span> <span class='ocrx_word' id='word_1_73' title='bbox 374 1256 396 1347; x_wconf 78' lang='grc' dir='ltr'><em>ἢ</em></span> <span class='ocrx_word' id='word_1_74' title='bbox 410 1259 524 1339; x_wconf 87' lang='grc' dir='ltr'><strong><em>ίκαυδς</em></strong></span> <span class='ocrx_word' id='word_1_75' title='bbox 539 1257 609 1349; x_wconf 69' lang='grc' dir='ltr'><strong><em>γόου</em></strong></span> <span class='ocrx_word' id='word_1_76' title='bbox 623 1257 724 1339; x_wconf 89' lang='grc' dir='ltr'><strong><em>αύτός</em></strong></span> <span class='ocrx_word' id='word_1_77' title='bbox 738 1260 824 1328; x_wconf 79' lang='grc' dir='ltr'><strong><em>εἶναι</em></strong></span> <span class='ocrx_word' id='word_1_78' title='bbox 839 1263 972 1328; x_wconf 79' lang='grc' dir='ltr'><strong><em>ἑλέσθαι</em></strong></span> <span class='ocrx_word' id='word_1_79' title='bbox 984 1257 1022 1328; x_wconf 87' lang='grc' dir='ltr'><strong><em>τό</em></strong></span> <span class='ocrx_word' id='word_1_80' title='bbox 1034 1263 1168 1346; x_wconf 83' lang='grc' dir='ltr'><strong><em>βέλτιον</em></strong></span> 
     </span>
     <span class='ocr_line' id='line_1_12' title="bbox 63 1356 679 1454; baseline -0.005 -26"><span class='ocrx_word' id='word_1_81' title='bbox 63 1371 68 1454; x_wconf 47' lang='lat' dir='ltr'>J</span> <span class='ocrx_word' id='word_1_82' title='bbox 164 1356 247 1428; x_wconf 88' lang='grc' dir='ltr'><strong><em>κατά</em></strong></span> <span class='ocrx_word' id='word_1_83' title='bbox 264 1356 389 1427; x_wconf 89' lang='grc' dir='ltr'><strong><em>σαυτόν</em></strong></span> <span class='ocrx_word' id='word_1_84' title='bbox 405 1358 487 1428; x_wconf 81' lang='grc' dir='ltr'><strong><em>ἄνευ</em></strong></span> <span class='ocrx_word' id='word_1_85' title='bbox 501 1366 562 1427; x_wconf 89' lang='grc' dir='ltr'><strong><em>τού</em></strong></span> <span class='ocrx_word' id='word_1_86' title='bbox 577 1366 679 1440; x_wconf 69' lang='grc' dir='ltr'><strong><em>θεούς</em></strong></span> 
     </span>
     <span class='ocr_line' id='line_1_13' title="bbox 248 1473 1261 1579; baseline -0.004 -35"><span class='ocrx_word' id='word_1_87' title='bbox 248 1483 351 1544; x_wconf 87' lang='grc' dir='ltr'><strong>ΕΡΜ.</strong></span> <span class='ocrx_word' id='word_1_88' title='bbox 364 1473 490 1562; x_wconf 82' lang='grc' dir='ltr'><strong><em>Ὤιμην</em></strong></span> <span class='ocrx_word' id='word_1_89' title='bbox 502 1476 577 1562; x_wconf 87' lang='grc' dir='ltr'><strong><em>γα’ρ.</em></strong></span> <span class='ocrx_word' id='word_1_90' title='bbox 1260 1564 1261 1579; x_wconf 19' lang='lat'>¹</span> 
     </span>
     <span class='ocr_line' id='line_1_14' title="bbox 73 1579 1261 1679; baseline -0.005 -22"><span class='ocrx_word' id='word_1_91' title='bbox 73 1673 75 1679; x_wconf 28' lang='grc' dir='ltr'>Ι</span> <span class='ocrx_word' id='word_1_92' title='bbox 248 1595 298 1656; x_wconf 87' lang='grc'><strong><em>16.</em></strong></span> <span class='ocrx_word' id='word_1_93' title='bbox 310 1595 410 1657; x_wconf 77' lang='grc' dir='ltr'><em>ΛΤΚ.</em></span> <span class='ocrx_word' id='word_1_94' title='bbox 424 1586 622 1656; x_wconf 80' lang='grc' dir='ltr'><strong><em>Ούκοῦνκαὶ</em></strong></span> <span class='ocrx_word' id='word_1_95' title='bbox 637 1579 900 1674; x_wconf 45' lang='grc' dir='ltr'><strong><em>ἡμᾶς’διδάσκοις</em></strong></span> <span class='ocrx_word' id='word_1_96' title='bbox 911 1582 1167 1668; x_wconf 81' lang='grc' dir='ltr'><strong><em>ἀντοῦτοπρῶ-</em></strong></span> <span class='ocrx_word' id='word_1_97' title='bbox 1260 1586 1261 1595; x_wconf 68' lang='grc'>’</span> 
     </span>
     <span class='ocr_line' id='line_1_15' title="bbox 164 1681 1170 1773; baseline -0.005 -18"><span class='ocrx_word' id='word_1_98' title='bbox 164 1714 241 1772; x_wconf 90' lang='grc' dir='ltr'><strong><em>τον,</em></strong></span> <span class='ocrx_word' id='word_1_99' title='bbox 262 1685 353 1766; x_wconf 82' lang='grc' dir='ltr'><strong><em>ὅπως</em></strong></span> <span class='ocrx_word' id='word_1_100' title='bbox 367 1691 589 1773; x_wconf 77' lang='grc' dir='ltr'><strong><em>διαγνωστέον</em></strong></span> <span class='ocrx_word' id='word_1_101' title='bbox 601 1684 682 1772; x_wconf 79' lang='grc' dir='ltr'><strong><em>ἡμῖν</em></strong></span> <span class='ocrx_word' id='word_1_102' title='bbox 696 1683 801 1764; x_wconf 87' lang='grc' dir='ltr'><strong><em>εύθύς</em></strong></span> <span class='ocrx_word' id='word_1_103' title='bbox 816 1687 854 1752; x_wconf 80' lang='grc' dir='ltr'><strong><em>ἐν</em></strong></span> <span class='ocrx_word' id='word_1_104' title='bbox 869 1681 969 1772; x_wconf 75' lang='grc' dir='ltr'><strong><em>ἀρχῇ,</em></strong></span> <span class='ocrx_word' id='word_1_105' title='bbox 992 1681 1074 1770; x_wconf 82' lang='grc' dir='ltr'><strong><em>τίςὴ</em></strong></span> <span class='ocrx_word' id='word_1_106' title='bbox 1092 1681 1170 1768; x_wconf 90' lang='grc' dir='ltr'><strong><em>ἀρί-</em></strong></span> 
     </span>
     <span class='ocr_line' id='line_1_16' title="bbox 166 1780 1170 1870; baseline -0.001 -20"><span class='ocrx_word' id='word_1_107' title='bbox 166 1805 226 1870; x_wconf 91' lang='grc' dir='ltr'><strong><em>στη</em></strong></span> <span class='ocrx_word' id='word_1_108' title='bbox 241 1792 422 1870; x_wconf 87' lang='grc' dir='ltr'><strong><em>φιλοσοφία</em></strong></span> <span class='ocrx_word' id='word_1_109' title='bbox 434 1788 499 1853; x_wconf 77' lang='grc' dir='ltr'><strong><em>ἐστὶ</em></strong></span> <span class='ocrx_word' id='word_1_110' title='bbox 510 1787 564 1852; x_wconf 78' lang='grc' dir='ltr'><strong><em>καὶ</em></strong></span> <span class='ocrx_word' id='word_1_111' title='bbox 575 1782 595 1870; x_wconf 84' lang='grc' dir='ltr'><em>ἡ</em></span> <span class='ocrx_word' id='word_1_112' title='bbox 607 1783 833 1869; x_wconf 85' lang='grc' dir='ltr'><strong><em>ἀληθεύουσα,</em></strong></span> <span class='ocrx_word' id='word_1_113' title='bbox 848 1785 904 1852; x_wconf 82' lang='grc' dir='ltr'><strong><em>καὶ</em></strong></span> <span class='ocrx_word' id='word_1_114' title='bbox 913 1780 957 1869; x_wconf 79' lang='grc' dir='ltr'><strong><em>ἢν</em></strong></span> <span class='ocrx_word' id='word_1_115' title='bbox 966 1781 1010 1850; x_wconf 85' lang='grc' dir='ltr'><strong><em>ἀν</em></strong></span> <span class='ocrx_word' id='word_1_116' title='bbox 1020 1810 1068 1861; x_wconf 95' lang='grc' dir='ltr'><strong><em>τις</em></strong></span> <span class='ocrx_word' id='word_1_117' title='bbox 1079 1785 1170 1850; x_wconf 83' lang='grc' dir='ltr'><strong><em>ἕλοι·</em></strong></span> 
     </span>
     <span class='ocr_line' id='line_1_17' title="bbox 167 1878 529 1965; baseline 0 -18"><span class='ocrx_word' id='word_1_118' title='bbox 167 1905 204 1947; x_wconf 91' lang='grc' dir='ltr'><strong><em>το</em></strong></span> <span class='ocrx_word' id='word_1_119' title='bbox 219 1882 334 1965; x_wconf 80' lang='grc' dir='ltr'><strong><em>παρεὶς</em></strong></span> <span class='ocrx_word' id='word_1_120' title='bbox 347 1878 405 1959; x_wconf 87' lang='grc' dir='ltr'><strong><em>τάς</em></strong></span> <span class='ocrx_word' id='word_1_121' title='bbox 419 1879 529 1961; x_wconf 85' lang='grc' dir='ltr'><strong><em>ἀλλοις.</em></strong></span> 
     </span>
     <span class='ocr_line' id='line_1_18' title="bbox 250 1989 1168 2078; baseline -0.002 -19"><span class='ocrx_word' id='word_1_122' title='bbox 250 1996 353 2059; x_wconf 88' lang='grc' dir='ltr'><strong>ΕΡΜ.</strong></span> <span class='ocrx_word' id='word_1_123' title='bbox 373 1990 454 2077; x_wconf 73' lang='grc' dir='ltr'><strong><em>Ἐγω</em></strong></span> <span class='ocrx_word' id='word_1_124' title='bbox 470 2012 523 2059; x_wconf 88' lang='grc' dir='ltr'><strong><em>σοι</em></strong></span> <span class='ocrx_word' id='word_1_125' title='bbox 540 1992 676 2077; x_wconf 89' lang='grc' dir='ltr'><strong><em>φρύσω·</em></strong></span> <span class='ocrx_word' id='word_1_126' title='bbox 701 1994 816 2078; x_wconf 82' lang='grc' dir='ltr'><strong><em>ἑύριιν</em></strong></span> <span class='ocrx_word' id='word_1_127' title='bbox 831 1990 909 2070; x_wconf 84' lang='grc' dir='ltr'><strong><em>τούς</em></strong></span> <span class='ocrx_word' id='word_1_128' title='bbox 925 1998 1098 2069; x_wconf 87' lang='grc' dir='ltr'><strong><em>πλείστους</em></strong></span> <span class='ocrx_word' id='word_1_129' title='bbox 1110 1989 1168 2057; x_wconf 77' lang='grc' dir='ltr'><strong><em>ἐπ’</em></strong></span> 
     </span>
     <span class='ocr_line' id='line_1_19' title="bbox 167 2084 1091 2182; baseline -0.001 -28"><span class='ocrx_word' id='word_1_130' title='bbox 167 2086 273 2174; x_wconf 78' lang='grc' dir='ltr'><strong><em>αὐτὴν</em></strong></span> <span class='ocrx_word' id='word_1_131' title='bbox 289 2084 475 2174; x_wconf 78' lang='grc' dir='ltr'><strong><em>ὁρμῶντας,</em></strong></span> <span class='ocrx_word' id='word_1_132' title='bbox 493 2088 576 2159; x_wconf 72' lang='grc' dir='ltr'><strong><em>ὥστε</em></strong></span> <span class='ocrx_word' id='word_1_133' title='bbox 592 2097 722 2182; x_wconf 82' lang='grc' dir='ltr'><strong><em>εἴκαζον</em></strong></span> <span class='ocrx_word' id='word_1_134' title='bbox 738 2088 862 2177; x_wconf 79' lang='grc' dir='ltr'><strong><em>ἀμείνω</em></strong></span> <span class='ocrx_word' id='word_1_135' title='bbox 877 2089 961 2158; x_wconf 80' lang='grc' dir='ltr'><strong><em>εἶναι</em></strong></span> <span class='ocrx_word' id='word_1_136' title='bbox 976 2087 1091 2176; x_wconf 83' lang='grc' dir='ltr'><strong><em>αύτήν.</em></strong></span> 
     </span>
    </p>

    <p class='ocr_par' dir='ltr' id='par_1_3' title="bbox 99 2182 1172 2472">
     <span class='ocr_line' id='line_1_20' title="bbox 99 2182 1166 2278; baseline -0.006 -18"><span class='ocrx_word' id='word_1_137' title='bbox 99 2205 148 2261; x_wconf 70' lang='lat'><strong><em>755</em></strong></span> <span class='ocrx_word' id='word_1_138' title='bbox 251 2194 350 2255; x_wconf 73' lang='lat' dir='ltr'><em>AYK.</em></span> <span class='ocrx_word' id='word_1_139' title='bbox 372 2188 472 2278; x_wconf 78' lang='grc' dir='ltr'><strong><em>Πόσῳ</em></strong></span> <span class='ocrx_word' id='word_1_140' title='bbox 488 2192 552 2257; x_wconf 81' lang='grc' dir='ltr'><strong><em>τινὶ</em></strong></span> <span class='ocrx_word' id='word_1_141' title='bbox 566 2197 700 2267; x_wconf 87' lang='grc' dir='ltr'><strong><em>πλείους</em></strong></span> <span class='ocrx_word' id='word_1_142' title='bbox 713 2196 781 2255; x_wconf 76' lang='grc' dir='ltr'><strong><em>τῶν</em></strong></span> <span class='ocrx_word' id='word_1_143' title='bbox 792 2186 1026 2275; x_wconf 81' lang='grc' dir='ltr'><strong><em>Ἐπικουρείων</em></strong></span> <span class='ocrx_word' id='word_1_144' title='bbox 1039 2182 1062 2273; x_wconf 79' lang='grc' dir='ltr'><strong><em>ἦ</em></strong></span> <span class='ocrx_word' id='word_1_145' title='bbox 1074 2194 1166 2254; x_wconf 82' lang='grc' dir='ltr'><strong><em>Πλα·</em></strong></span> 
     </span>
     <span class='ocr_line' id='line_1_21' title="bbox 167 2282 1172 2374; baseline -0.002 -21"><span class='ocrx_word' id='word_1_146' title='bbox 167 2292 319 2355; x_wconf 78' lang='grc' dir='ltr'><strong><em>τωνικύν</em></strong></span> <span class='ocrx_word' id='word_1_147' title='bbox 332 2282 355 2372; x_wconf 73' lang='grc' dir='ltr'><em>ἢ</em></span> <span class='ocrx_word' id='word_1_148' title='bbox 369 2294 658 2374; x_wconf 76' lang='grc' dir='ltr'><strong><em>Περιπατητικῶνς</em></strong></span> <span class='ocrx_word' id='word_1_149' title='bbox 685 2286 873 2373; x_wconf 74' lang='grc' dir='ltr'><strong><em>ἠρίθμησας</em></strong></span> <span class='ocrx_word' id='word_1_150' title='bbox 889 2284 954 2372; x_wconf 84' lang='grc' dir='ltr'><strong><em>γάρ</em></strong></span> <span class='ocrx_word' id='word_1_151' title='bbox 972 2283 1094 2365; x_wconf 85' lang='grc' dir='ltr'><strong><em>αύτούς</em></strong></span> <span class='ocrx_word' id='word_1_152' title='bbox 1107 2289 1172 2372; x_wconf 89' lang='grc' dir='ltr'><strong><em>δη-</em></strong></span> 
     </span>
     <span class='ocr_line' id='line_1_22' title="bbox 166 2383 798 2472; baseline -0.003 -19"><span class='ocrx_word' id='word_1_153' title='bbox 166 2383 250 2472; x_wconf 78' lang='grc' dir='ltr'><strong><em>λαδη</em></strong></span> <span class='ocrx_word' id='word_1_154' title='bbox 267 2386 421 2469; x_wconf 75' lang='grc' dir='ltr'><strong><em>καθάπερ</em></strong></span> <span class='ocrx_word' id='word_1_155' title='bbox 438 2390 475 2454; x_wconf 85' lang='grc' dir='ltr'><strong><em>έν</em></strong></span> <span class='ocrx_word' id='word_1_156' title='bbox 491 2401 560 2465; x_wconf 82' lang='grc' dir='ltr'><strong><em>ταῖς</em></strong></span> <span class='ocrx_word' id='word_1_157' title='bbox 573 2394 798 2472; x_wconf 86' lang='grc' dir='ltr'><strong><em>χειροτονίαις.</em></strong></span> 
     </span>
    </p>

    <p class='ocr_par' dir='ltr' id='par_1_4' title="bbox 252 2480 1064 2571">
     <span class='ocr_line' id='line_1_23' title="bbox 252 2480 1064 2571; baseline -0.001 -22"><span class='ocrx_word' id='word_1_158' title='bbox 252 2490 353 2551; x_wconf 85' lang='grc' dir='ltr'><em>ΕΡΜ.</em></span> <span class='ocrx_word' id='word_1_159' title='bbox 373 2480 459 2551; x_wconf 82' lang='grc' dir='ltr'><strong><em>Ἀλλ’</em></strong></span> <span class='ocrx_word' id='word_1_160' title='bbox 477 2481 538 2551; x_wconf 91' lang='grc' dir='ltr'><strong><em>ούκ</em></strong></span> <span class='ocrx_word' id='word_1_161' title='bbox 554 2481 725 2570; x_wconf 74' lang='grc' dir='ltr'><strong><em>ἠρίθμησα</em></strong></span> <span class='ocrx_word' id='word_1_162' title='bbox 740 2490 858 2571; x_wconf 67' lang='grc' dir='ltr'><strong><em>ἔγωγε,</em></strong></span> <span class='ocrx_word' id='word_1_163' title='bbox 875 2489 1005 2565; x_wconf 77' lang='grc' dir='ltr'><strong><em>εἴκαζον</em></strong></span> <span class='ocrx_word' id='word_1_164' title='bbox 1019 2486 1064 2549; x_wconf 86' lang='grc' dir='ltr'><strong><em>δέ.</em></strong></span> 
     </span>
    </p>

    <p class='ocr_par' dir='ltr' id='par_1_5' title="bbox 168 2578 1172 2867">
     <span class='ocr_line' id='line_1_24' title="bbox 251 2578 1171 2669; baseline -0.004 -21"><span class='ocrx_word' id='word_1_165' title='bbox 251 2587 351 2649; x_wconf 76' lang='lat' dir='ltr'><em>AYK.</em></span> <span class='ocrx_word' id='word_1_166' title='bbox 375 2579 433 2659; x_wconf 82' lang='grc' dir='ltr'><strong><em>Ὡς</em></strong></span> <span class='ocrx_word' id='word_1_167' title='bbox 450 2578 513 2648; x_wconf 90' lang='grc' dir='ltr'><strong><em>ούκ</em></strong></span> <span class='ocrx_word' id='word_1_168' title='bbox 529 2583 655 2661; x_wconf 82' lang='grc' dir='ltr'><strong><em>ἐθέλεις</em></strong></span> <span class='ocrx_word' id='word_1_169' title='bbox 674 2582 804 2663; x_wconf 79' lang='grc' dir='ltr'><strong><em>διδάξαι</em></strong></span> <span class='ocrx_word' id='word_1_170' title='bbox 822 2608 876 2668; x_wconf 89' lang='grc' dir='ltr'><strong><em>με,</em></strong></span> <span class='ocrx_word' id='word_1_171' title='bbox 902 2578 977 2650; x_wconf 87' lang='grc' dir='ltr'><strong><em>ἀλλ’</em></strong></span> <span class='ocrx_word' id='word_1_172' title='bbox 996 2585 1171 2669; x_wconf 75' lang='grc' dir='ltr'><strong><em>ἐξαπατᾷς,</em></strong></span> 
     </span>
     <span class='ocr_line' id='line_1_25' title="bbox 168 2677 1172 2772; baseline -0.001 -25"><span class='ocrx_word' id='word_1_173' title='bbox 168 2677 204 2757; x_wconf 82' lang='grc' dir='ltr'><strong><em>ὃς</em></strong></span> <span class='ocrx_word' id='word_1_174' title='bbox 224 2681 299 2762; x_wconf 75' lang='grc' dir='ltr'><strong><em>περὶ</em></strong></span> <span class='ocrx_word' id='word_1_175' title='bbox 320 2680 567 2749; x_wconf 76' lang='grc' dir='ltr'><strong><em>τῶντοιούτων</em></strong></span> <span class='ocrx_word' id='word_1_176' title='bbox 591 2687 735 2772; x_wconf 78' lang='grc' dir='ltr'><strong><em>εἰκασμῷ</em></strong></span> <span class='ocrx_word' id='word_1_177' title='bbox 757 2679 824 2768; x_wconf 81' lang='grc' dir='ltr'><strong><em>φὴς</em></strong></span> <span class='ocrx_word' id='word_1_178' title='bbox 844 2683 899 2748; x_wconf 80' lang='grc' dir='ltr'><strong><em>καῖ</em></strong></span> <span class='ocrx_word' id='word_1_179' title='bbox 915 2679 1038 2767; x_wconf 80' lang='grc' dir='ltr'><strong><em>πλήθει</em></strong></span> <span class='ocrx_word' id='word_1_180' title='bbox 1056 2693 1172 2763; x_wconf 81' lang='grc' dir='ltr'><strong><em>κρῖναι</em></strong></span> 
     </span>
     <span class='ocr_line' id='line_1_26' title="bbox 168 2776 899 2867; baseline 0 -22"><span class='ocrx_word' id='word_1_181' title='bbox 168 2776 461 2864; x_wconf 86' lang='grc' dir='ltr'><strong><em>ἀποκρυπτόμενος</em></strong></span> <span class='ocrx_word' id='word_1_182' title='bbox 475 2781 583 2865; x_wconf 83' lang='grc' dir='ltr'><strong><em>λέγειν</em></strong></span> <span class='ocrx_word' id='word_1_183' title='bbox 596 2779 680 2864; x_wconf 90' lang='grc' dir='ltr'><strong><em>πρός</em></strong></span> <span class='ocrx_word' id='word_1_184' title='bbox 695 2806 736 2867; x_wconf 90' lang='grc' dir='ltr'><strong><em>με</em></strong></span> <span class='ocrx_word' id='word_1_185' title='bbox 748 2779 899 2866; x_wconf 87' lang='grc' dir='ltr'><strong><em>τάληθές.</em></strong></span> 
     </span>
    </p>

    <p class='ocr_par' dir='ltr' id='par_1_6' title="bbox 166 2885 1172 3276">
     <span class='ocr_line' id='line_1_27' title="bbox 250 2885 1172 2977; baseline -0.002 -20"><span class='ocrx_word' id='word_1_186' title='bbox 250 2898 354 2958; x_wconf 86' lang='grc' dir='ltr'><em>ΕΡΜ.</em></span> <span class='ocrx_word' id='word_1_187' title='bbox 374 2888 425 2958; x_wconf 88' lang='grc' dir='ltr'><strong><em>Ού</em></strong></span> <span class='ocrx_word' id='word_1_188' title='bbox 440 2892 547 2977; x_wconf 93' lang='grc' dir='ltr'><strong><em>μόνον</em></strong></span> <span class='ocrx_word' id='word_1_189' title='bbox 557 2900 671 2977; x_wconf 87' lang='grc' dir='ltr'><strong><em>τούτο,</em></strong></span> <span class='ocrx_word' id='word_1_190' title='bbox 687 2885 867 2976; x_wconf 73' lang='grc' dir='ltr'><strong><em>οἷΛυκῖνε,</em></strong></span> <span class='ocrx_word' id='word_1_191' title='bbox 879 2889 1029 2960; x_wconf 80' lang='grc' dir='ltr'><strong><em>ἀλλὰκαὶ</em></strong></span> <span class='ocrx_word' id='word_1_192' title='bbox 1042 2887 1172 2977; x_wconf 76' lang='grc' dir='ltr'><strong><em>ἤκουον</em></strong></span> 
     </span>
     <span class='ocr_line' id='line_1_28' title="bbox 169 2988 1171 3078; baseline -0.005 -19"><span class='ocrx_word' id='word_1_193' title='bbox 169 2988 327 3060; x_wconf 81' lang='grc' dir='ltr'><strong><em>ἀπόντων</em></strong></span> <span class='ocrx_word' id='word_1_194' title='bbox 342 2990 510 3077; x_wconf 76' lang='grc' dir='ltr'><strong><em>λεγόντοιν</em></strong></span> <span class='ocrx_word' id='word_1_195' title='bbox 529 2989 573 3071; x_wconf 87' lang='grc' dir='ltr'><strong><em>τός</em></strong></span> <span class='ocrx_word' id='word_1_196' title='bbox 592 2996 626 3060; x_wconf 89' lang='grc' dir='ltr'><strong><em>οί</em></strong></span> <span class='ocrx_word' id='word_1_197' title='bbox 640 2994 702 3078; x_wconf 70' lang='grc' dir='ltr'><strong><em>μὲν</em></strong></span> <span class='ocrx_word' id='word_1_198' title='bbox 720 2990 938 3073; x_wconf 82' lang='grc' dir='ltr'><strong><em>Ἐπικούρειοι</em></strong></span> <span class='ocrx_word' id='word_1_199' title='bbox 953 2989 1171 3075; x_wconf 79' lang='grc' dir='ltr'><strong><em>γλυκύθυμοι</em></strong></span> 
     </span>
     <span class='ocr_line' id='line_1_29' title="bbox 166 3090 1172 3178; baseline -0.003 -19"><span class='ocrx_word' id='word_1_200' title='bbox 166 3095 220 3159; x_wconf 78' lang='grc' dir='ltr'><strong><em>καὶ</em></strong></span> <span class='ocrx_word' id='word_1_201' title='bbox 232 3091 410 3178; x_wconf 83' lang='grc' dir='ltr'><strong><em>φιλήδονοί</em></strong></span> <span class='ocrx_word' id='word_1_202' title='bbox 418 3098 517 3176; x_wconf 91' lang='grc' dir='ltr'><strong><em>είσιν,</em></strong></span> <span class='ocrx_word' id='word_1_203' title='bbox 531 3096 564 3159; x_wconf 85' lang='grc' dir='ltr'><strong><em>οἴ</em></strong></span> <span class='ocrx_word' id='word_1_204' title='bbox 570 3092 826 3177; x_wconf 84' lang='grc' dir='ltr'><strong><em>Περιπατητικοὶ</em></strong></span> <span class='ocrx_word' id='word_1_205' title='bbox 838 3090 874 3157; x_wconf 75' lang='grc' dir='ltr'><strong><em>δὲ</em></strong></span> <span class='ocrx_word' id='word_1_206' title='bbox 885 3090 1103 3176; x_wconf 87' lang='grc' dir='ltr'><strong><em>φιλόπλουτοι</em></strong></span> <span class='ocrx_word' id='word_1_207' title='bbox 1113 3090 1172 3156; x_wconf 78' lang='grc' dir='ltr'><strong><em>καὶ</em></strong></span> 
     </span>
     <span class='ocr_line' id='line_1_30' title="bbox 166 3186 1172 3276; baseline -0.006 -18"><span class='ocrx_word' id='word_1_208' title='bbox 166 3194 325 3276; x_wconf 85' lang='grc' dir='ltr'><strong><em>ἐριστικοί</em></strong></span> <span class='ocrx_word' id='word_1_209' title='bbox 336 3217 442 3276; x_wconf 89' lang='grc' dir='ltr'><strong><em>τινες,</em></strong></span> <span class='ocrx_word' id='word_1_210' title='bbox 460 3196 494 3259; x_wconf 89' lang='grc' dir='ltr'><strong><em>οί</em></strong></span> <span class='ocrx_word' id='word_1_211' title='bbox 501 3191 710 3259; x_wconf 78' lang='grc' dir='ltr'><strong><em>Πλατωνικοί</em></strong></span> <span class='ocrx_word' id='word_1_212' title='bbox 724 3191 761 3257; x_wconf 76' lang='grc' dir='ltr'><strong><em>δὲ</em></strong></span> <span class='ocrx_word' id='word_1_213' title='bbox 774 3188 983 3273; x_wconf 68' lang='grc' dir='ltr'><strong><em>τετύφωνται</em></strong></span> <span class='ocrx_word' id='word_1_214' title='bbox 999 3191 1054 3255; x_wconf 83' lang='grc' dir='ltr'><strong><em>καὶ</em></strong></span> <span class='ocrx_word' id='word_1_215' title='bbox 1070 3186 1172 3273; x_wconf 91' lang='grc' dir='ltr'><strong><em>φιλό-</em></strong></span> 
     </span>
    </p>
   </div>
   <div class='ocr_carea' id='block_1_3' title="bbox 166 3283 1171 3472">
    <p class='ocr_par' dir='ltr' id='par_1_7' title="bbox 166 3283 1171 3472">
     <span class='ocr_line' id='line_1_31' title="bbox 167 3283 1171 3375; baseline -0.003 -20"><span class='ocrx_word' id='word_1_216' title='bbox 167 3294 260 3369; x_wconf 82' lang='grc' dir='ltr'><strong><em>δοξοί</em></strong></span> <span class='ocrx_word' id='word_1_217' title='bbox 278 3296 355 3375; x_wconf 87' lang='grc' dir='ltr'><strong><em>εἴσι,</em></strong></span> <span class='ocrx_word' id='word_1_218' title='bbox 381 3292 455 3374; x_wconf 78' lang='grc' dir='ltr'><strong><em>περὶ</em></strong></span> <span class='ocrx_word' id='word_1_219' title='bbox 479 3289 516 3357; x_wconf 74' lang='grc' dir='ltr'><strong><em>δὲ</em></strong></span> <span class='ocrx_word' id='word_1_220' title='bbox 530 3296 772 3357; x_wconf 78' lang='grc' dir='ltr'><strong><em>τῶνΣτιιῖκύν</em></strong></span> <span class='ocrx_word' id='word_1_221' title='bbox 792 3290 907 3357; x_wconf 77' lang='grc' dir='ltr'><strong><em>πολλοὶ</em></strong></span> <span class='ocrx_word' id='word_1_222' title='bbox 929 3293 1094 3373; x_wconf 83' lang='grc' dir='ltr'><strong><em>ἔφασκον,</em></strong></span> <span class='ocrx_word' id='word_1_223' title='bbox 1117 3283 1171 3353; x_wconf 81' lang='grc' dir='ltr'><strong><em>ὅτι</em></strong></span> 
     </span>
     <span class='ocr_line' id='line_1_32' title="bbox 166 3380 1170 3472; baseline -0.002 -20"><span class='ocrx_word' id='word_1_224' title='bbox 166 3383 348 3469; x_wconf 78' lang='grc' dir='ltr'><strong><em>ἀνδρώδεις</em></strong></span> <span class='ocrx_word' id='word_1_225' title='bbox 359 3389 413 3454; x_wconf 81' lang='grc' dir='ltr'><strong><em>καὶ</em></strong></span> <span class='ocrx_word' id='word_1_226' title='bbox 424 3386 532 3453; x_wconf 80' lang='grc' dir='ltr'><strong><em>πάντα</em></strong></span> <span class='ocrx_word' id='word_1_227' title='bbox 544 3384 784 3472; x_wconf 80' lang='grc' dir='ltr'><strong><em>γιγνώσκουσι,</em></strong></span> <span class='ocrx_word' id='word_1_228' title='bbox 799 3388 855 3453; x_wconf 84' lang='grc' dir='ltr'><strong><em>καὶ</em></strong></span> <span class='ocrx_word' id='word_1_229' title='bbox 870 3384 920 3452; x_wconf 84' lang='grc' dir='ltr'><strong><em>ότι</em></strong></span> <span class='ocrx_word' id='word_1_230' title='bbox 933 3382 951 3452; x_wconf 83' lang='grc' dir='ltr'>ὁ</span> <span class='ocrx_word' id='word_1_231' title='bbox 966 3384 1091 3471; x_wconf 88' lang='grc' dir='ltr'><strong><em>ταύτην</em></strong></span> <span class='ocrx_word' id='word_1_232' title='bbox 1106 3380 1170 3451; x_wconf 81' lang='grc' dir='ltr'><strong><em>ίιδν</em></strong></span> 
     </span>
    </p>
   </div>
   <div class='ocr_carea' id='block_1_4' title="bbox 334 3558 648 3789">
    <p class='ocr_par' dir='ltr' id='par_1_8' title="bbox 334 3558 648 3789">
     <span class='ocr_line' id='line_1_33' title="bbox 374 3558 433 3577; baseline 0 -6"><span class='ocrx_word' id='word_1_233' title='bbox 374 3558 433 3577; x_wconf 47' lang='lat'><strong><em>⁴⁸.</em></strong></span> 
     </span>
     <span class='ocr_line' id='line_1_34' title="bbox 334 3584 346 3593; baseline 0 0"><span class='ocrx_word' id='word_1_234' title='bbox 334 3584 346 3593; x_wconf 63' lang='grc' dir='ltr'><em>κ</em></span> 
     </span>
     <span class='ocr_line' id='line_1_35' title="bbox 642 3782 648 3789; baseline 0 0"><span class='ocrx_word' id='word_1_235' title='bbox 642 3782 648 3789; x_wconf 67' lang='grc' dir='ltr'>ι</span> 
     </span>
    </p>
   </div>
   <div class='ocr_carea' id='block_1_5' title="bbox 0 0 1285 3825">
    <p class='ocr_par' dir='ltr' id='par_1_9' title="bbox 0 0 1285 3825">
     <span class='ocr_line' id='line_1_36' title="bbox 0 0 1285 3825; baseline 0 0"><span class='ocrx_word' id='word_1_236' title='bbox 0 0 1285 3825; x_wconf 95' lang='lat' dir='ltr'><strong><em> </em></strong></span> 
     </span>
    </p>
   </div>
  </div>
 </body>
</html>
