2550 3825
232 178 515 237 ΜΕΝΙΠΠΟΣ
532 179 567 237 Η
586 180 1005 237 ΝΕΚΤΟΜΑΝΤΕΙΑ.
1057 175 1117 238 193

117 333 203 423 εἰμὴ
219 332 264 414 ὡς
277 339 351 420 περὶ
369 343 482 403 καλῶν
501 336 631 403 τούτων
650 338 868 422 ἐγίγνωσκον,
891 337 966 404 οὔτ’
982 333 1026 405 ἀν
1040 337 1119 416 τούς

117 437 301 521 νομοθέτας
313 432 472 501 τάναντία
483 432 613 512 τούτοις
626 449 819 520 παραινεῖν,
837 432 920 521 τίμὴ
935 443 1119 503 λυσιτελεῖν

117 532 362 619 ὑπελάμβανον.
386 538 415 601 4.
440 534 509 599 ἐπεὶ
525 533 561 599 δὲ
577 533 779 618 διηπόρουν,
799 535 892 612 ἐδοξέ
903 558 960 619 μοι
973 532 1118 601 ἐλθόντα

117 628 206 712 παρὰ
219 628 299 707 τούς
314 632 541 715 καλουμένους
557 628 697 707 τούτους
714 629 921 714 φιλοσόφους
943 634 1119 717 ἐγχειρίσαι

117 756 151 795 τε
166 725 312 814 ἐμαυτόν
326 729 382 795 καὶ
398 731 562 811 δεηθῆναι
582 724 695 794 αὐτῶν
713 735 859 813 χρῆσθαί
870 753 926 813 μοι
947 726 967 795 ὅ
983 754 1014 796 τι
1034 726 1118 814 βού-

116 835 229 893 λοιντο
245 830 305 891 καί
320 851 397 891 τινα
413 821 496 891 ὁδόν
516 821 626 910 ἁπλῆν
646 825 701 891 καὶ
720 828 856 912 βέβαιον
872 823 1041 905 ὑποδεῖξαι
1057 828 1118 892 τοῦ

117 929 202 1010 βίον.
223 924 402 1008 ταῦταμὲν
418 919 458 1007 δὴ
473 930 613 1007 φρονῶν
624 924 784 1011 προσῄειν
799 922 928 1009 αὐτοῖς,
944 924 1119 1009 ἐλελήθειν

117 1018 148 1087 δ’
165 1017 310 1106 ἐμαυτὸν
324 1022 358 1099 ἐς
371 1016 471 1105 αύιό,
489 1028 586 1105 φασί,
599 1019 638 1087 τό
652 1029 720 1104 πῦρ
731 1023 767 1087 ἐκ
782 1030 844 1088 τοῦ
857 1029 988 1089 καπνοῦ
1004 1021 1114 1109 βιαζό·
1134 1040 1186 1094 46⁰

117 1142 231 1204 μενος·
258 1115 349 1200 παρὰ
367 1114 432 1203 γάρ
454 1115 495 1203 δὴ
510 1117 639 1195 τούτοις
652 1118 793 1203 μάλιστα
811 1117 969 1205 εὕρισκον
983 1122 1119 1188 ἐπισκο-

115 1224 190 1283 πῶν
204 1213 266 1301 τὴν
276 1215 417 1301 άγνοιαν
426 1212 553 1301 καλιὴν
568 1212 711 1299 ἀπορίαν
722 1223 875 1304 πλείονα,
894 1216 977 1287 ῶστε
991 1244 1048 1305 μοι
1058 1216 1118 1285 τά·

116 1334 209 1400 χιστα
225 1319 374 1398 χρυσοῦν
394 1311 567 1393 ἀπέδειξαν
587 1306 679 1381 οὗτοι
701 1311 761 1381 τόν
781 1320 848 1382 τῶν
868 1320 1010 1383 ἰδιωτῶν
1023 1322 1116 1404 βίον·

117 1409 230 1496 ἀμέλει
244 1410 262 1478 ὁ
280 1413 342 1497 μὲν
356 1409 469 1479 αύτῶν
483 1411 626 1500 παρῄνει
640 1410 677 1477 τό
698 1418 766 1479 πᾶν
780 1411 922 1498 ἥδεσθαι
939 1418 994 1482 καί
1011 1413 1117 1500 μόνον

117 1515 214 1576 τοῦτο
229 1511 264 1575 ἐκ
278 1505 403 1585 παντὸς
416 1511 578 1593 μετιέναι·
599 1515 698 1576 τοῦτο
710 1507 775 1595 γάρ
792 1507 876 1577 εἶναι
889 1507 928 1577 τό
942 1510 1117 1596 εὔδαιμον·

118 1604 194 1673 ὁδί
203 1631 253 1683 τις
274 1611 431 1691 ἔμπαλιν,
458 1620 575 1673 πονεῖν
594 1603 634 1672 τά
654 1607 763 1673 πάντα
780 1610 834 1674 καὶ
856 1617 995 1693 μοχθεῖν
1011 1610 1066 1675 καί
1080 1603 1117 1672 τό

118 1711 212 1790 σῶμα
233 1706 493 1791 καταναγκάζειν
514 1707 673 1792 ῥυπῶντα
695 1708 750 1772 καί
770 1703 946 1791 αὐχμῶντα
966 1706 1021 1772 καὶ
1038 1710 1118 1770 πᾶσι

118 1810 387 1889 δυσαρεστοῦντα
406 1808 462 1874 καὶ
475 1804 753 1891 λοιδορούμενον,
774 1806 908 1891 συνεχὲς
928 1807 1118 1891 ἐπιρραψῳ-

118 1907 187 1971 δῶν
197 1901 237 1970 τά
248 1902 404 1990 πάνδημα
416 1907 524 1972 ἐκεῖνα
535 1910 596 1971 τοῦ
604 1900 761 1972 Ἡσιόδου
771 1905 846 1988 περὶ
858 1910 915 1989 τῆς
925 1900 1042 1987 ἀρετῆς
1054 1906 1115 1984 ἔπη
1135 1918 1183 1972 461

117 2002 172 2068 καί
191 1997 252 2068 τόν
269 2004 390 2085 ἱδρῶτα
405 2005 460 2069 καί
478 1999 541 2088 τὴν
563 2003 616 2068 ἐπὶ
635 1999 673 2069 τὸ
690 1999 796 2086 ἀκρον
815 1998 996 2087 ἀνάβασιν·
1020 1996 1118 2075 ἀλλος

117 2111 341 2182 καταφρονεῖν
349 2099 526 2185 χρημάτων
536 2099 775 2184 παρεκελεύετο
786 2101 841 2166 καὶ
851 2095 1039 2183 ἀδιάφορον
1050 2106 1118 2164 οίε-

117 2205 199 2264 σθαι
215 2192 277 2282 τὴν
296 2203 411 2281 κτῆσιν
425 2194 553 2265 αὐτῶν·
575 2194 593 2265 ὁ
611 2202 651 2264 δέ
661 2223 710 2274 τις
730 2202 871 2282 ἔμπαλιν
886 2192 1018 2283 ἀγαθὸν
1034 2192 1118 2262 εἶναι

117 2296 173 2362 καὶ
186 2292 246 2363 τόν
265 2303 413 2365 πλοῦτον
432 2293 537 2364 αὐτόν
553 2293 769 2383 ἀπεφαίνετο·
802 2297 878 2380 περὶ
892 2295 953 2381 μὲν
972 2291 1036 2380 γάρ
1057 2298 1118 2360 τοῦ

116 2393 247 2480 κόσμου
260 2402 294 2463 τί
304 2391 364 2481 χρὴ
386 2398 441 2462 καὶ
460 2398 583 2480 λέγειν;
608 2394 646 2473 ὅς
659 2421 697 2481 γε
715 2396 804 2472 ίδέας
818 2395 873 2460 καὶ
889 2391 1046 2478 ἀσύματα
1063 2393 1118 2457 καὶ

115 2489 263 2577 ἀτόμους
273 2495 328 2559 καί
337 2489 420 2562 κενά
431 2493 648 2560 καλτοιοῦτόν
657 2518 731 2560 τινα
742 2490 841 2577 ὄχλον
852 2488 1026 2575 ὀνομάτων
1037 2483 1116 2573 ὁση-

116 2591 214 2675 μέραι
223 2588 305 2673 παρ’
316 2588 428 2657 αὐτῶν
443 2588 580 2657 ἀκούων
590 2593 761 2659 ἐναυτίων.
779 2587 879 2658 καὶτὸ
892 2589 1028 2656 πάντων
1039 2582 1118 2652 ἀτο-

115 2688 285 2772 πῶτατον,
300 2686 353 2755 ὅτι
366 2690 443 2771 περὶ
454 2694 523 2757 τῶν
533 2689 782 2758 ἐναντιωτάτων
793 2690 928 2766 ἕκαστος
937 2682 1048 2752 αὐτῶν
1062 2686 1117 2750 λε’-

115 2810 187 2871 γων
207 2785 339 2869 σφόδρα
360 2792 524 2864 νικῶντας
541 2790 596 2855 καί
612 2784 778 2864 πιθανούς
798 2784 919 2871 λόγους
939 2787 1114 2866 ἐπορίζετο,
1134 2798 1185 2853 ῖόῖ

116 2881 200 2952 ὥστε
216 2882 296 2968 μήτε
316 2889 362 2970 τῷ
375 2879 507 2967 θερμόν
524 2881 562 2950 τό
579 2882 660 2952 αὐτὸ
682 2891 817 2971 πρᾶγμα
830 2887 960 2969 λέγοντι
976 2881 1057 2968 μήτε
1071 2886 1116 2968 τῷ

116 2977 246 3065 ψυχρόν
258 2976 441 3064 ἀντιλέγειν
451 2983 539 3064 ἐχειν
553 2983 725 3050 καὶταῦτα
741 2982 849 3050 εἰδότα
864 2988 978 3066 σαφῶς
993 2975 1037 3056 ὡς
1054 2974 1116 3045 ούιι

114 3076 158 3144 ἀν
172 3099 252 3144 ποτε
266 3073 397 3161 θερμὸν
409 3085 458 3160 εῖη
469 3102 501 3142 τι
514 3077 569 3144 καὶ
583 3077 714 3165 ψυχρόν
725 3082 761 3147 ἐν
771 3076 879 3168 ταύτῷ
892 3076 1017 3166 χρόνῳ·
1040 3073 1116 3142 ἀτε-

116 3182 200 3260 χνῶς
216 3165 280 3240 οὖν
294 3179 437 3258 ἔπασχον
457 3185 526 3251 τοῖς
545 3175 744 3256 νυστάζουσι
763 3177 893 3253 τούτοις
907 3171 1025 3259 ὅμοιον
1042 3170 1115 3258 άρτι

113 3275 177 3360 μὲν
190 3273 373 3356 ἐπινεύων,
389 3271 463 3354 άρτι
479 3271 515 3340 δὲ
529 3270 706 3341 ἀνανεύων
719 3278 867 3358 ἐμπαλιν.
901 3276 930 3338 5.
952 3277 1062 3361 πολλῶ
1078 3270 1115 3336 δὲ

114 3370 242 3438 τούτων
265 3373 370 3438 ἐκεῖνο
395 3367 617 3453 ἀλογῶτεοον·
650 3369 729 3450 τούς
744 3368 808 3456 γάρ
829 3365 1114 3520 αύτοῦῖῧτούτους

198 3481 303 3520 tunm«.
319 3466 339 3518 l.
