2550 3825
173 175 234 242 164
543 179 846 240 ΛΟΤΚΙΑΝΟΤ
958 190 964 201 ’

170 363 242 418 νοις
255 351 324 417 τοῖς
337 345 461 418 λίθοις·
491 338 586 407 ἄλλοι
601 339 637 406 δὲ
652 338 850 424 Διόφαντον
863 335 923 406 τόν
939 341 1065 428 ῥήτορα
1080 341 1166 409 ἐπαι-

171 441 290 503 νοῦσιν
301 439 337 504 έν
344 445 494 506 Σικυῶνι
505 440 699 524 ἐπιταφίους
708 439 830 524 λόγους
840 440 1005 519 διεξιόντα
1017 440 1069 508 ἐπὶ
1080 437 1170 522 Κρά-

173 559 252 601 τωνι
266 535 384 627 τούτῳ.
405 534 508 604 καλ
469 563 510 622 νη
523 542 571 604 Δί
570 563 590 601 α
600 561 639 620 γε
655 533 863 622 ἡΔαμασίου
876 536 982 623 μήτηρ
990 537 1173 605 κωκύουσα

173 630 300 750 ἐξάρχει
317 641 378 700 τοῦ
394 634 528 720 θρήνου
545 631 610 701 σύυ
631 637 785 719 γυναιξὶν
801 637 854 702 ἐπὶ
869 662 915 722 τῳ
902 642 1113 725 Δαμασία·
1137 634 1174 702 σὲ
1217 625 1224 638 ’

173 733 226 815 δέ,
248 756 274 796 ω
262 722 464 818 Μένιππε,
488 729 598 812 οὐδεὶς
617 732 772 820 δακρύει,
794 732 875 800 καθ’
892 731 1033 821 ἡσυχίαν
1053 736 1090 802 δέ
1106 748 1160 802 κεῖ
1167 773 1175 785 ,

174 849 229 894 σαι
245 828 357 914 μόνος.

259 933 308 996 13,
333 935 444 996 ΜΕΝ.
471 927 651 1016 Οὐδαμῶς,
669 927 742 997 ἄλλ’
756 928 1087 1019 άκοόσήτῶνκυνων
1101 928 1172 1016 μετ’

72 1061 75 1068 ·
172 1025 288 1113 ὀλίγον
313 1023 516 1114 ὠρυομένων
536 1039 701 1098 οἴκτιστον
724 1025 776 1096 ἐπ’
802 1031 874 1114 ἐμοὶ
899 1031 954 1098 καὶ
980 1036 1048 1098 τῶν
1070 1028 1175 1112 κορά-

173 1153 242 1194 κων
256 1131 549 1214 τυπτομένωντοῖς
559 1142 707 1216 πτεροῖς,
725 1126 851 1197 ὁπόταν
867 1130 1090 1208 συνελθόντες
1106 1127 1173 1197 θό-

173 1233 280 1293 πτοσί
292 1251 341 1310 με.

256 1331 359 1393 ΕΡΜ.
382 1326 553 1404 Γεννάδας
570 1323 614 1412 εί,
632 1318 661 1393 οἷ
671 1329 836 1394 Μένιππε.
859 1323 935 1394 ἀλλ’
949 1327 1017 1394 ἐπεὶ
1031 1348 1175 1393 καταπε-

136 1436 139 1442 ’
173 1423 363 1510 πλεόκαμευ
377 1421 487 1512 ἡμεῖς,
511 1421 605 1510 υμεῖς
620 1451 682 1512 μευ
696 1422 791 1492 άπιτε
810 1421 893 1509 πρός
907 1449 944 1492 το
935 1421 1175 1517 δικαστήριον

105 1546 155 1602 376
175 1520 311 1591 εὐθεῖαν
327 1525 456 1608 ἐκείνην
477 1523 665 1609 προϊόντες,
686 1520 751 1608 ἐγώ
766 1525 801 1589 δὲ
819 1520 908 1590 καΓ
894 1519 1100 1607 οπορθμεδς
1113 1519 1175 1588 άλ-

174 1631 253 1700 λους
267 1623 542 1709 μετελευσόμεθα.

258 1728 369 1788 ΜΕΝ.
392 1714 632 1806 Εὐπλοεῖτε,
606 1747 630 1787 ω
642 1719 759 1806 Ἑρμῆ·
780 1725 950 1810 προΐωμεν
961 1721 997 1788 δὲ
1008 1747 1062 1787 και
1051 1717 1174 1805 ἡμεῖς

174 1827 206 1886 τί
221 1813 284 1886 οὖν
300 1825 346 1886 ἔτι
356 1820 415 1886 καλ
433 1821 582 1904 μέλλετες
604 1820 736 1897 πάντως
752 1823 953 1904 δικασθῆναι
970 1818 1097 1904 δεήσει,
1119 1820 1171 1885 καλ

174 1918 232 1997 τάς
249 1923 425 1995 καταδίκας
441 1919 544 2002 φασὶν
560 1914 645 1985 εἶναι
659 1924 808 2006 βαρείας,
829 1914 968 2003 προχοάς
984 1920 1038 1985 καλ
1056 1923 1174 1994 λίθους

175 2020 230 2085 καὶ
246 2023 368 2103 γῦπας·
392 2017 599 2101 δειχθήσεται
616 2017 651 2083 δὲ
667 2016 684 2084 ὁ
702 2017 842 2084 ἑκάστου
855 2022 927 2103 βίος
939 2013 1091 2102 ἀκριβῶς.

575 2164 774 2176 ...ι-*-

651 2270 701 2331 ιι.
739 2209 788 2309 (⁶⁶)

325 2378 589 2432 ΚΡΑΤΗΤΟΣ
613 2381 695 2431 ΚΑΙ
722 2379 1023 2436 ΔΙΟΓΕΝΟΤΣ.

260 2521 288 2582 l.
321 2519 450 2581 KPAT.
484 2518 650 2597 Μοίριχον
669 2511 730 2579 τὸν
752 2514 915 2581 πλούσιον
932 2515 1122 2597 ἐγίνωσκες,
1148 2502 1175 2575 ά

175 2614 352 2699 Διόγενες,
368 2610 427 2679 τόν
437 2612 529 2679 πάνυ
540 2611 719 2695 πλοόσιον,
731 2608 791 2677 τόν
802 2614 838 2679 ἐκ
848 2617 1037 2697 Κορίνθου,
1047 2606 1107 2676 τὸν
1116 2606 1175 2686 τάς

176 2707 300 2788 πολλάς
315 2707 458 2787 ὁλκάδας
472 2714 603 2794 ἔχοντα,
619 2700 662 2774 οὗ
676 2706 812 2789 ἀνεψιός
822 2706 1001 2795 Ἀριστέας,
1017 2708 1176 2786 πλούσιος

176 2810 230 2875 καὶ
245 2806 346 2886 αὐτὸς
361 2806 425 2889 τόνς
448 2804 484 2885 δς
498 2808 535 2875 τό
549 2805 731 2893 Ὁμηρικόν
745 2811 851 2877 έκεῖνο
871 2809 983 2878 εἰώθει
1000 2808 1174 2893 ἐπιλέγειν,

106 2930 156 2985 377
381 2904 402 2993 ἡ
416 2904 452 2991 μ’
468 2900 630 2991 άυάειρ’ή
648 2903 711 2990 έγώ
728 2906 773 2973 σέ.

259 3011 378 3072 ΔΙΟΓ.
405 3011 502 3083 Τίνος
519 3006 632 3090 ἕνεκα,
649 2997 676 3071 ὦ
692 3004 842 3090 Κράτηςς

260 3109 386 3170 ΚΡΑΤ.
414 3100 640 3188 Ἐθεράπευον
662 3099 826 3188 ἀλλήλους
846 3108 907 3169 τοῦ
929 3097 1056 3188 κλήρου
1077 3101 1177 3166 ἕνεκα

175 3199 326 3283 ἑκάτερος
343 3197 512 3285 ἡλικιῶται
528 3197 636 3283 ὄντες,
651 3202 706 3266 καλ
719 3197 778 3278 ’τάς
791 3197 953 3284 διαθήκας
970 3198 1003 3275 ές
1015 3192 1052 3263 τδ
1069 3219 1178 3278 φανε·

176 3293 239 3379 ρόν
253 3298 418 3381 ἐτίθεντο,
437 3294 606 3381 Ἀριστέαν
620 3297 682 3382 μὲν
698 3294 717 3365 ὁ
733 3304 911 3383 Μοίριχος,
933 3302 964 3364 εί
976 3292 1177 3378 προαποθά-
1219 3336 1223 3343 -

176 3421 246 3483 νοι,
268 3396 433 3483 δεσπότην
447 3394 554 3482 άφιεὶς
568 3403 635 3463 τῶν
650 3400 770 3464 ἑαυτοῦ
785 3395 937 3482 πάντων,
959 3398 1127 3479 Μοίριχον
1140 3391 1176 3459 δὲ
