2550 3825
346 161 563 222 ΕΝΑΛΙΟΙ
590 165 848 227 ΔΙΑΛΟΓΟΙ.
1036 179 1097 244 121

182 326 282 387 ΑΛΦ.
301 317 359 398 Ὡς
373 316 508 406 ἀληθῶς
528 318 626 389 οἶσθα
642 320 705 409 τὴν
720 324 846 411 πηγήν,
871 321 899 394 ἀ
913 329 1093 398 Πόσειδον·

97 413 174 502 παρ’
191 419 322 503 ἐκείνην
335 408 399 484 οῦν
415 415 605 504 ἀπέρχομαι.

178 521 282 584 ΠΟΣ.
313 512 400 583 Ἀλλ’
426 514 523 582 ἀπιθι
549 517 609 601 μὲν
637 519 692 585 καὶ
714 516 841 605 εὐτύχει
862 523 899 587 ἐν
919 532 965 612 τῷ
982 530 1094 609 ἔρωτι·

99 625 201 679 ιιιεῖνο
218 615 256 680 δέ
270 638 326 698 μοι
342 614 426 697 είπέ,
444 620 511 680 ποῦ
525 611 586 700 τὴν
602 612 808 700 Ἀρέθουσαν
824 617 907 698 εἶδες
920 619 1020 701 αὐτὸς
1033 624 1095 708 μὲν

12 737 15 741 ’
99 708 208 796 Αρκάς
224 709 288 795 οῦν,
303 708 324 797 ἡ
341 712 376 778 δὲ
391 713 428 778 ἐν
441 715 677 798 Συρακούσαις
692 721 798 799 ἑστίας

180 816 282 877 ΑΛΦ.
307 805 536 895 Ἐπεηιόμενόν
550 839 590 898 με
606 817 766 900 κατέχεις,
792 807 1012 903 ἀΠόσειδον,
1034 840 1094 883 πε-

97 915 210 994 ρίεργα
227 909 367 988 ἐρωτῶν.

177 1010 282 1070 ΠΟΣ.
301 993 354 1070 Εῦ
365 1004 484 1089 λέγεις·
505 1005 604 1090 χαίρει
616 1006 706 1093 παρά
718 1007 780 1096 τὴν
789 1008 1026 1097 ἀγαπωμένην,
1038 1015 1094 1082 καὶ

95 1099 220 1178 ἀναῦῦς
234 1096 299 1168 ἀπὸ
315 1107 372 1187 τῆς
383 1101 550 1188 θαλάττης
560 1109 720 1194 ξυναυλία
731 1114 871 1192 μίγνυσο
886 1116 926 1195 τῇ
936 1116 1025 1197 πηγῇ
1039 1114 1094 1178 καὶ

96 1204 133 1266 ἓν
146 1198 238 1283 ῦῦαρ
255 1206 420 1286 γίγνεσθε.

490 1332 701 1343 ———-...-.

580 1441 609 1503 4.

268 1554 542 1607 ΜΕΝΕΛιον
565 1555 648 1606 ΚΑΙ
675 1556 916 1610 mmm.
1109 1555 1160 1608 νοε

177 1692 205 1754 l.
230 1695 341 1756 ΜΕΝ.
361 1684 456 1755 Ἀλλά
470 1685 563 1771 ὕδωρ
574 1690 636 1772 μέν
647 1706 684 1754 σε
695 1695 887 1775 γίγνεσθαι,
904 1682 1092 1775 ἀΠρωτεῦ,

94 1781 157 1852 οῦκ
172 1783 358 1871 ἀπάθανον,
374 1784 507 1852 ἐνάλιόν
517 1811 555 1871 γε
570 1784 667 1870 ὅντα,
684 1789 739 1854 καί
752 1790 909 1874 δένδρον,
926 1792 973 1854 ἔτι
985 1810 1094 1872 φορη-

93 1886 170 1972 τόν,
186 1889 240 1955 καί
257 1890 289 1966 ἐς
303 1886 420 1955 λέοντα
436 1885 471 1954 δὲ
483 1883 581 1954 ὁπότε
595 1883 784 1974 ἀλλαγείης,
801 1885 891 1974 ὅμως
904 1883 1092 1954 οὐδὲτοῦτο

93 1990 154 2062 ἔξω
164 1991 317 2063 πίστεως·
332 1989 362 2052 εἰ
372 1983 407 2051 δὲ
418 1987 473 2052 καὶ
482 1990 549 2068 πῦρ
558 1990 734 2070 γίγνεσθαι
746 1984 891 2054 δυνατὸν
899 1988 936 2053 ἐν
944 1985 1092 2071 θαλάττῃ

94 2086 267 2165 οἰκοῦντα,
284 2088 382 2149 τοῦτο
396 2083 487 2148 πάνυ
501 2082 662 2167 θαυμάζω
677 2087 731 2151 καλ
746 2082 880 2150 ἀπιστῶ.

94 2256 96 2262 Α
174 2184 306 2246 HM.
328 2176 390 2265 Μὴ
408 2179 602 2268 θαυμάσῃς,
620 2174 647 2247 ἀ
657 2183 826 2248 Μενέλαε·
847 2187 1002 2265 γίγνομαι
1017 2179 1090 2265 γάρ.

177 2283 288 2344 ΜΕΝ.
311 2274 415 2345 Εἶδον
433 2280 488 2345 καὶ
505 2274 620 2354 αὐτός·
650 2274 733 2345 ἀλλά
747 2302 803 2362 μοι
824 2281 931 2355 δοκεῖς
947 2317 984 2327 -
1001 2277 1092 2361 εἰρή-

92 2398 183 2441 σεται
198 2371 263 2458 γάρ
280 2371 363 2458 πρὸς
380 2377 420 2441 σε’
433 2416 469 2425 -
486 2379 640 2460 γοητείαν
659 2371 734 2441 τινά
749 2376 931 2459 προσάγειν
945 2380 990 2461 τῷ
1004 2372 1092 2457 πρά-

91 2498 190 2558 γματι
206 2468 349 2550 καὶτοὺς
359 2467 558 2558 ὀφθαλμοὺς
573 2473 735 2550 ἐξαπατᾶν
746 2478 813 2536 τῶν
824 2467 981 2555 ὁρώντων
993 2465 1092 2545 αὐτὸς

92 2566 193 2637 οὐδὲν
207 2575 338 2636 τοιοῦτο
353 2570 558 2660 γιγνόμενος.

176 2670 204 2733 2.
227 2672 358 2734 ΠΡΩΤ.
383 2669 449 2734 Καὶ
463 2673 511 2745 τίς
525 2661 599 2752 ἀνὴ
615 2663 722 2750 ἀπάτη
734 2667 862 2732 ἐπὶτῶν
873 2664 979 2743 οὕτως
990 2667 1089 2749 ἐναρ-
1108 2681 1159 2735 299

89 2770 161 2850 γοῦν
174 2767 320 2849 γίνοιτο;
343 2762 405 2831 οῦκ
418 2762 641 2853 ἀνεῳγμένοις
654 2777 721 2841 τοῖς
735 2760 922 2848 ὀφθαλμοῖς
937 2760 1036 2847 εἶδες,
1059 2765 1091 2839 ἐς

90 2860 153 2929 ὅσα
170 2868 368 2947 μετεποίησα
384 2862 545 2946 ἐμαυτόνς
568 2866 598 2930 εί
611 2861 648 2927 δὲ
662 2857 807 2938 ἀπιστεῖς
822 2863 877 2928 καὶ
896 2857 933 2927 τὸ
955 2867 1091 2946 πρᾶγμα

89 2961 211 3037 ψευδὲς
234 2958 444 3043 εἶναιδοκεῖ,
471 2965 636 3043 φαντασία
657 2985 706 3037 τις
725 2957 790 3041 πρὸ
813 2966 881 3026 τῶν
904 2956 1090 3044 ὀφθαλμῶν

88 3059 264 3143 ἱσταμένη,
277 3053 412 3123 ίπειῦάν
424 3064 491 3142 πῦρ
504 3058 665 3143 γένωμαι,
677 3059 880 3143 προσένεγκέ
887 3082 959 3142 μοι,
975 3047 1091 3141 ἀγεν-

89 3152 257 3238 ναιότατε,
272 3150 333 3239 τὴν
347 3168 456 3239 χεῖρα
480 3163 551 3242 είση
562 3153 644 3240 γάρ,
662 3160 692 3223 εί
701 3153 827 3241 ὁρῶμαι
838 3153 945 3241 μόνον
955 3149 977 3240 ἢ
988 3154 1043 3221 καὶ
1053 3150 1090 3221 τά

86 3254 185 3323 κάειν
201 3253 276 3322 τότε
292 3278 348 3339 μοι
362 3255 549 3339 πρόσεστιν.

173 3358 285 3442 ΜΕΝ.
310 3349 384 3419 Οὐκ
398 3348 548 3438 ἀσφαλὴς
562 3348 582 3438 ἡ
598 3366 710 3437 πεῖρα,
730 3345 756 3418 ἀ
768 3353 918 3431 Πρωτεῦ.
