2550 3825
521 187 698 250 ΧΑΡΩΝ.
1046 181 1106 245 221

109 342 153 431 μὴ
169 344 324 432 κατάγειν
338 347 445 433 μόνον
456 344 595 429 αὐτούς,
612 341 696 412 άλλά
707 348 762 411 καί
773 337 874 423 αὖθις
885 342 1022 430 ἀνάγειν
1033 367 1109 411 πιο-

108 447 239 530 μένους.
264 436 292 511 οδ
301 446 447 531 μάταιοι,
462 441 660 531 τῆςάνοίας,
676 442 739 509 οὐκ
750 442 872 521 εἰδότες
882 440 1008 529 ἡλίκοις
1019 440 1109 528 ὅροις

109 548 311 627 διακέκριται
322 542 364 612 τά
377 551 508 629 νεκρῶν
523 543 577 609 καὶ
593 538 634 609 τά
650 542 782 622 ζώντων
797 542 972 627 πράγματα
986 542 1041 608 καὶ
1056 536 1108 607 οἶα

108 642 149 709 τά
166 641 245 729 παρ’
262 640 341 730 ἡμῖν
355 646 423 711 ἐστι
437 644 492 709 καὶ
507 640 558 709 ὅτι

151 738 289 808 κάτθαν’
301 738 388 827 ὁμῶς
400 740 419 808 ὅ
429 738 454 807 τ’
467 738 612 825 άτυμβος
622 735 710 825 άνὴρ
721 736 757 815 ὅς
767 735 791 805 τ’
805 744 918 824 ἔλλαχε
928 737 1068 823 τύμβου,

152 844 191 909 ἐν
205 844 241 907 δὲ
255 845 289 929 ἰῇ
302 846 379 928 τιμῇ
388 833 472 924 Ἶρος
488 846 610 923 κρείων
625 835 658 903 τ’
672 835 899 924 Ἀγαμέμνων·

152 944 293 1025 Θερσίτῃ
307 935 339 1005 δ’
356 936 425 1015 ἶσος
442 939 577 1014 Θέτιδος
584 950 666 1019 ,παῖς
681 933 853 1021 ἠϋκόμοιο.

152 1037 274 1113 πάντες
288 1031 319 1100 δ’
337 1034 420 1101 εἰσὶν
435 1030 523 1119 ὅμως
538 1033 670 1100 νεκύων
685 1029 835 1119 άμενηνά
851 1032 991 1118 κάρηνα,

152 1140 277 1221 γυμνοί
287 1160 322 1201 τε
336 1136 432 1218 ξηροί
442 1157 478 1198 τε
492 1130 564 1198 κατ’
581 1129 769 1218 ἀσφοδελὸν
783 1138 937 1216 λειμῶνα.
1126 1144 1175 1196 521

194 1238 245 1301 23.
267 1238 370 1300 EPM.
388 1228 576 1315 Ἡράκλεις,
595 1227 637 1308 ὡς
651 1228 760 1299 πολὺν
780 1228 994 1315 τὸνὍμηρον
1007 1232 1109 1296 ἐπαν-

111 1338 204 1407 τλεῖς.
226 1326 300 1397 ἄλλ’
320 1331 451 1412 ἐπείπερ
465 1326 654 1414 ἀνέμνησάς
666 1354 723 1413 με,
745 1330 850 1395 ἐθέλω
866 1348 920 1395 σοι
934 1333 1036 1409 δεῖξαι
1050 1325 1110 1395 τδν

110 1436 172 1495 τοῦ
181 1424 348 1512 Ἀχιλλέως
361 1425 479 1511 τάφον.
503 1423 583 1515 ὁρᾷς
596 1422 656 1492 τὸν
667 1426 719 1492 ἐπὶ
732 1432 772 1512 τῇ
787 1425 951 1513 θαλάττης
973 1432 1110 1511 Σίγειον

111 1524 174 1608 μὲν
187 1522 293 1591 ἐκεῖνό
305 1525 373 1589 ἐστι
385 1520 422 1589 τδ
439 1522 604 1608 Τρωϊκόν·
627 1519 767 1607 άντικρι)
778 1524 814 1589 δὲ
826 1518 845 1590 ὁ
857 1530 942 1600 Αίας
950 1525 1111 1591 τέθαπται

112 1616 362 1710 ἐντῷῬοιτείφ.
961 1664 963 1669 -

171 1707 173 1711 ’
194 1723 290 1785 ΧΑΡ.
316 1713 367 1783 Οὐ
387 1718 543 1803 μεγάλοι,
566 1711 725 1805 οἷἙρμῆ,
748 1722 782 1785 οί
793 1718 902 1803 τάφοι.
926 1716 984 1797 τάς
997 1717 1111 1797 πόλεις

111 1815 148 1883 δὲ
164 1811 223 1892 τάς
246 1815 425 1900 ἐπισήμους
448 1816 557 1895 δεῖξόν
575 1840 632 1901 μοι
652 1814 732 1902 ἤδη,
759 1812 798 1893 άς
819 1816 908 1883 κάτω
931 1812 1109 1901 άκοάομεν,
1182 1892 1184 1897 ,

111 1909 174 1998 τὴν
186 1918 296 1980 Νίνον
310 1909 372 1998 τὴν
388 1915 679 1999 Σαρδαναπάλλου
695 1916 750 1981 καὶ
763 1921 948 2001 Βαβυλῶνα
963 1918 1019 1983 καί
1029 1921 1111 1982 Μυ-

112 2011 216 2097 κήνας
229 2011 283 2078 καὶ
298 2009 455 2090 Κλεωνάς
472 2014 526 2080 καὶ
543 2009 714 2098 τὴυἽλιου
729 2011 850 2100 αὐτήν·
873 2011 1016 2093 πολλοὺς
1026 2020 1110 2098 γοῦν

111 2110 277 2195 μέμνημαι
294 2109 565 2194 διαπορθμεύσας
585 2111 731 2194 ἔκευθεν,
754 2107 798 2188 ὡς
818 2111 896 2177 δέκα
917 2109 1006 2177 ὅλων
1028 2112 1110 2177 ἐτῶν

111 2204 156 2292 μὴ
174 2212 359 2290 νεωλκῆσαι
374 2207 456 2291 μηδὲ
473 2210 630 2286 διαψῦξαι
643 2204 681 2274 νδ
699 2212 885 2292 σκαφίδιον.

194 2311 297 2372 EPM.
315 2301 360 2370 ‘H
367 2310 471 2382 Νίνος
480 2307 557 2389 μέν,
572 2297 781 2390 άπορθμεῦ,
796 2301 969 2371 ἀπόλωλεν
979 2301 1041 2389 ἤδη
1056 2307 1111 2370 καὶ
1127 2323 1178 2374 522

111 2399 191 2470 οὐδὲ
205 2411 294 2486 ίχνος
314 2408 360 2469 ἔτι
382 2401 501 2469 λοιπὸν
520 2398 639 2487 αὐτῆς,
665 2401 738 2470 οὐδ’
754 2397 798 2468 δν
814 2411 916 2478 εἴποις
931 2397 1017 2466 ὅπου
1032 2403 1110 2466 ποτὲ

110 2490 170 2585 ἦν·
197 2495 397 2586 ἡΒαβυλων
416 2502 454 2566 δέ
471 2519 524 2565 σοι
544 2501 652 2583 ἐκείνη
669 2499 757 2565 ἐστὶν
776 2496 796 2584 ἡ
812 2495 993 2582 εὔπυργος,
1014 2495 1034 2584 ἡ
1050 2494 1110 2564 τὸν

111 2602 216 2682 μέγαν
230 2603 425 2684 περίβολον,
444 2593 486 2663 οὐ
500 2593 581 2682 μετὰ
595 2593 682 2663 πολὺ
696 2597 750 2664 καλ
762 2592 843 2681 αὐτὴ
863 2597 1109 2682 ζητηθησομένη

113 2692 260 2781 ὥσπερὴ
280 2702 400 2773 Νίνος·
426 2694 593 2781 Μυκήνας
610 2695 647 2761 δὲ
667 2696 721 2762 καὶ
735 2690 893 2772 Κλεωνάς
914 2694 1110 2780 αἰσχύνομαι

77 2808 79 2813 ’
113 2798 218 2872 δεῖξαί
226 2813 295 2878 σοι,
312 2795 367 2860 καὶ
380 2795 519 2878 μάλιστα
535 2789 572 2858 τὰ
584 2792 695 2861 Ἴλιον.
719 2789 909 2870 άποπυίξεις
919 2789 983 2876 γάρ
997 2784 1035 2858 εὖ
1046 2786 1108 2857 οἷδ’

111 2893 163 2962 ὅτι
176 2888 237 2958 τὸν
245 2889 392 2977 Ὅμηρον
403 2889 578 2960 κατελθών
588 2895 641 2959 ἐπὶ
650 2899 690 2979 τῇ
701 2896 923 2978 μεγαληγορίᾳ
934 2897 1000 2957 τῶν
1012 2893 1108 2957 ἐπῶν.

111 2987 199 3075 πλὴν
212 2985 296 3055 άλλά
311 2987 413 3056 πάλαι
427 2990 489 3074 μὲν
502 2981 589 3074 ἦσαν
607 2987 816 3074 εὐδαίμονες,
841 2994 905 3054 νῦν
922 2987 958 3056 δὲ
972 2994 1111 3056 τεθνᾶσι

111 3090 166 3156 καί
179 3078 292 3154 αὗται·
321 3084 572 3173 ἀποθνήσκουσι
589 3087 670 3173 γάρ,
693 3079 720 3154 ά
736 3093 907 3172 πορθμεῦ,
928 3088 982 3153 καλ
999 3087 1111 3163 πόλεις

112 3181 223 3268 ὥσπερ
242 3181 435 3267 ἄνθρωποι,
457 3185 511 3251 καὶ
528 3181 565 3250 τὸ
587 3183 870 3268 παραδοξότατον,
894 3183 950 3248 καὶ
971 3182 1110 3266 ποταμοὶ
1127 3200 1178 3254 52³

111 3280 199 3349 ὅλοι·
224 3277 353 3367 Ἰνάχου
368 3287 454 3367 γοῦν
469 3279 548 3349 οὐδὲ
571 3281 698 3366 τάφρος
722 3284 768 3346 ἔτι
779 3282 815 3347 ἐν
831 3276 945 3364 ’Ἀργει
959 3284 1111 3346 καταλεί-

112 3404 217 3446 πεται.
