2550 3825
442 127 753 232 εεΜονιΜοε.
895 221 898 226 .
1034 165 1096 230 383

96 337 153 416 τῆς
167 330 277 417 ρινός,
300 333 432 414 ἐπείπερ
455 327 541 410 ἅπαξ
557 325 619 416 τὴν
635 330 770 417 πρότην
792 329 898 416 λαβὴν
915 327 1096 396 ἐνεδώκατε

82 424 202 516 αύτῷ,
224 428 279 495 καὶ
293 421 376 514 ἦγεν
394 429 445 494 ἐπὶ
466 424 528 513 τὴν
548 424 771 513 ἀγαπωμένην
786 425 831 495 δι’
848 420 888 514 ἧς
908 433 1020 513 ἔλεγεν
1040 424 1096 492 εύ-

95 529 190 602 θείας
207 522 304 592 ὁδοῦ·
327 525 425 614 ῥηίδια
439 526 520 611 γάρ,
535 522 642 609 οἶμαι,
656 522 696 591 τὰ
707 522 788 611 μετά
804 532 907 591 ταῦτα
921 527 976 591 καὶ
988 520 1096 599 ούδεδς

97 620 193 708 ὑμῶν
216 629 263 691 ἔτι
285 622 562 709 ἐπιστρεφόμενος
584 629 629 700 είς
652 620 714 708 τὴν
739 627 870 690 εἴσοδον
895 622 1045 707 ἐξήταζεν
1068 625 1098 686 εί
1121 707 1125 712 .

97 717 225 805 ἀληθής
235 723 303 788 ἐστι
316 723 371 788 καὶ
387 727 417 788 εί
425 718 469 806 μὴ
482 726 582 788 ἔλαθε
592 715 674 787 καθ’
686 717 729 804 ἣν
740 715 802 786 ούκ
813 721 912 805 ἐχρῆν
922 715 1096 798 εἰσελθών,

97 813 170 884 ἀλλ’
186 814 367 902 ἠκολούθει
377 833 445 896 τοῖς
455 825 523 885 τῶν
536 817 800 903 προωδευκότων
811 826 925 902 ίχνεσι,
942 816 1096 896 καθάπερ

83 911 136 981 ’τά
151 917 300 1002 πρόβατα
317 914 400 1003 πρὸς
410 914 469 983 τόν
482 915 687 1002 ἡγούμενον,
703 915 780 981 δέον
792 916 844 982 ἐπὶ
858 919 897 1002 ’τῇ
912 913 1028 1002 είσόδφ
1042 911 1097 978 καί

96 1009 178 1078 κατά
205 1011 266 1098 την
290 1011 395 1101 ἀρχὴν
421 1011 525 1092 εύθύς
550 1015 760 1098 σκέψασθαι,
791 1020 882 1096 είπερ
908 1011 1094 1095 εἰσιτητέον.

98 1113 147 1177 74.
168 1107 188 1176 δ
207 1112 245 1178 δέ
263 1135 364 1197 φημι,
387 1113 591 1196 σαφέστερον
610 1106 654 1177 ἀν
667 1110 807 1195 μάθοις,
829 1108 872 1195 ἥν
890 1136 921 1175 τι
941 1114 1095 1175 τοιοῦτον
1112 1121 1164 1179 816

96 1205 214 1292 ὅμοιον
235 1200 501 1296 ’παραθεωρήσῃς
519 1206 625 1296 αύτῷ·
657 1211 810 1294 λέγοντος
833 1208 897 1292 γάρ
917 1231 1008 1283 τινος
1029 1211 1096 1270 τῶν

96 1307 350 1393 μεγαλοτόλμων
364 1307 493 1374 τούτων
506 1315 667 1393 ποιητῶν,
691 1305 734 1388 ως
750 1306 881 1391 γένοιτό
895 1328 975 1371 ποτε
988 1306 1097 1390 τρικέ-
1179 1342 1182 1347 <

97 1412 202 1490 φαλος
212 1407 266 1472 καί
275 1407 401 1491 ἑξάχειρ
413 1404 603 1491 ἅνθρωπος,
613 1401 658 1472 ἀν
666 1401 703 1472 τό
712 1411 845 1488 πρῶτον
854 1410 957 1470 ταῦτα
968 1398 1097 1484 ἀπραγ·

96 1503 207 1588 μόνως
217 1499 359 1592 ἀποδέξη
369 1500 413 1590 μὴ
425 1504 576 1584 ἐξετάσας
591 1510 622 1572 εί
634 1501 796 1587 δυνατόν,
812 1499 895 1570 ἀλλά
907 1502 1094 1577 πιστεύσας,
1170 1583 1173 1588 ¹

97 1595 202 1678 εύθύς
212 1596 409 1680 ἀκολούθως
419 1597 462 1668 ἀν
475 1603 590 1687 ἐπάγοι
602 1604 656 1668 καί
665 1599 706 1668 τά
717 1602 827 1684 λοιπά,
840 1597 884 1678 ὥς
898 1600 952 1665 καὶ
964 1595 1095 1683 όφθαλ·
1143 1675 1145 1678 ⁴

97 1693 181 1778 μούς
204 1693 222 1764 ό
239 1695 337 1776 αύτδς
359 1697 443 1785 εἶχεν
460 1703 493 1781 ἐξ
508 1692 612 1768 καὶ
585 1727 653 1767 ωτα
668 1703 701 1779 ἓξ
715 1701 770 1767 καὶ
790 1696 905 1785 φωνάς
926 1710 1013 1782 τρεῖς
1026 1693 1095 1779 ἅμα

96 1791 187 1878 ἠφίει
201 1797 254 1862 καλ
265 1793 374 1918 ἤσθιε
376 1794 430 1864 διά
444 1805 547 1884 τριῶν
558 1798 732 1884 στομάτων
741 1800 796 1866 καὶ
807 1797 992 1874 δακτύλους
1002 1792 1095 1879 τριά-

96 1917 197 1960 κοντα
212 1889 312 1980 εἶχεν,
336 1891 396 1981 ούχ
411 1894 520 1979 ὥσπερ
536 1898 671 1975 ἕκαστος
688 1894 784 1983 ἡμῶν
800 1901 879 1965 δέκα
899 1893 968 1963 ἐν’
949 1894 1095 1980 αμφοτέ-

96 2016 171 2075 ραις
183 2005 253 2068 ταῖς
266 2001 373 2077 χερσί,
389 1995 443 2062 καί
455 2002 484 2063 εί
495 2005 651 2081 πολεμειν
666 2000 750 2081 δέοι,
770 2001 807 2064 αί
819 2010 905 2080 τρεῖς
916 1994 978 2080 μέν
991 2009 1095 2079 χεῖρες

95 2087 217 2171 εκάστη
229 2085 383 2174 πέλτηνῆ
394 2087 546 2177 γέρρονῆ
557 2091 680 2159 ἀσπίδα
695 2090 793 2177 εἶχον,
810 2098 942 2176 αίτρεῖς
953 2089 1016 2158 δέ’
1000 2114 1021 2176 η
1034 2096 1094 2176 μὲν

95 2191 241 2255 πέλεκυν
259 2188 456 2273 κατέφερεν,
478 2219 498 2276 η
487 2186 555 2257 “δέ
570 2190 694 2311 λόγχην
713 2187 859 2275 ηφίει,“
843 2216 864 2274 η
885 2190 921 2256 δε
941 2214 987 2276 τφ
1008 2193 1095 2272 ξίφει

96 2290 221 2389 ἐχρητο.
253 2286 357 2354 καδί
323 2292 371 2365 τίς
390 2283 479 2355 ἐτι
457 2314 501 2355 αν
521 2285 710 2412 ἀπιστησειε
724 2296 828 2355 ταῦτα
847 2292 976 2373 λέγοντι
990 2284 1095 2376 amn

95 2382 343 2470 ἀκόλουθαγάρ
359 2393 398 2475 τῇ
409 2383 509 2475 ἀρχη,
523 2380 634 2470 περὶ
612 2415 652 2476 ης
665 2392 763 2508 ἐχρην
778 2384 882 2464 εύθύς
894 2396 1032 2452 σκοπεῖν
1048 2394 1095 2451 εί·
1106 2466 1109 2474 .

95 2508 157 2568 περ
175 2487 289 2552 δεκτέα
304 2486 359 2552 καὶ
380 2490 431 2552 εί
424 2491 632 2604 συγχωρητέα
650 2486 756 2565 οὕτως
771 2492 866 2572 ἔχειν.
895 2511 938 2571 ην
954 2486 990 2551 δ
1009 2482 1095 2563 ἅπαξ

96 2587 206 2652 ἐκεῖνα
221 2588 302 2675 δφς,
319 2580 494 2669 ἐπιρρεῖ
457 2610 497 2650 τα
509 2583 608 2652 λοιπά
619 2585 724 2655 καῖ’
689 2586 811 2653 ούποτε
824 2585 974 2672 στήσεται
990 2579 1091 2651 καὶ
1057 2609 1093 2650 το

96 2682 247 2751 ἀπιστεῖν
269 2680 380 2759 αὐτοῖς
401 2679 512 2750 ούκέτι
531 2683 665 2771 ῥηίδιον,
692 2687 824 2770 ἐπείπερ
847 2681 1019 2752 ἀκόλουθα
1040 2684 1096 2750 καί

96 2781 197 2867 ὅμοιά
212 2784 279 2848 ἐστι
300 2786 340 2869 τῇ
359 2790 611 2871 συγχωρηθείσῃ
633 2782 734 2871 ἀρχῇ,
751 2780 835 2868 άπερ
857 2784 910 2850 καὶ
925 2780 1018 2867 ὑμεῖς
1030 2781 1095 2849 πά-

96 2900 202 2965 σχετε·
225 2876 291 2946 ύπδ
308 2874 372 2964 γάρ
390 2876 430 2962 δὴ
443 2883 563 2963 ἔρωτος
577 2883 631 2949 καὶ
645 2889 835 2966 προθυμίας
846 2878 907 2947 ούκ
919 2882 1094 2960 ἐξετάσαν-
1112 2892 1160 2951 81λ

96 3003 148 3056 τες
161 2974 201 3045 τά
216 2973 299 3044 κατὰ
313 2972 376 3062 τὴν
393 2968 520 3043 εἴσοδον
542 2979 683 3065 ἑκάστην
698 2978 787 3057 όπως
808 2978 888 3065 ὑμῖν
903 2985 984 3066 ἔχει,
1011 3002 1095 3063 προ-

95 3091 228 3163 χωρεῖτε
244 3074 309 3144 ὑπὸ
323 3082 380 3161 τῆς
400 3074 603 3156 ἀκολουθίας
614 3079 802 3164 ἑλκόμενοι,
826 3076 887 3145 ούκ
901 3080 1096 3153 ἐννοοῦντες

97 3185 130 3243 εί
140 3200 186 3264 πη
199 3174 320 3260 γένοιτ’
333 3168 377 3240 ἀν
388 3171 581 3242 ἀκόλουθόν
595 3204 626 3243 τι
636 3174 795 3263 ,αὐτῷκαὶ
806 3180 928 3257 ψεῦδος
942 3174 993 3260 όν,
1012 3170 1094 3256 οἷον,

96 3283 129 3342 εί
139 3301 188 3353 τις
202 3278 292 3361 λέγοι
308 3274 348 3341 τά
364 3277 413 3351 δὶς
433 3276 530 3342 πέντε
551 3272 630 3342 ἐπτά
648 3273 803 3343 εἶναικαὶ
824 3273 867 3341 σύ
888 3274 1095 3351 πιστεύσειας

95 3368 186 3461 αύτῷ
202 3370 246 3457 μὴ
264 3370 453 3459 ἀριθμήσας
473 3374 525 3440 ἐπὶ
539 3380 681 3454 σαυτοῦ,
705 3373 816 3452 ἐπάξει
833 3369 957 3458 δηλαδὴ
974 3369 1025 3439 ότι
1041 3373 1095 3438 καί
