2550 3825
441 177 726 239 ENPHNION.

326 334 419 415 θεῖός
436 363 494 423 μοι
510 336 672 405 ἐνύπνιον
686 330 792 426 ἦλθεν
807 338 938 423 ὄνειρος

210 432 395 521 ἀμβροσίην
411 433 465 503 διά
481 437 587 504 νύκτα

92 531 223 619 ἐναργὴς
238 531 353 619 οὕτως,
370 530 452 601 ὥστε
467 534 572 620 μηδὲν
585 532 825 603 ἀπολείπεσθαι
840 543 897 622 τῆς
912 533 1080 622 ἀληθείας·

92 638 131 699 έιι
145 639 231 719 γοῦν
247 634 302 700 καὶ
316 631 396 717 μετά
417 640 579 701 τοσοῦτον
601 635 726 720 χρόνον
746 635 787 703 τά
806 661 842 703 τε
861 636 1010 722 σχήματά
1024 662 1079 722 μοι

90 737 149 797 τόν
165 730 342 816 φανέντων
356 731 393 797 έν
403 743 471 809 τοῖς
480 728 669 817 ὀφθαλμοῖς
679 734 861 819 παραμένει
876 731 964 820 καὶὴ
983 731 1081 821 φωνὴ

90 836 149 895 τόν
165 826 403 897 ἀκουσθέντων
424 834 579 907 ἔναυλος·
602 829 690 897 οὕτω
711 838 802 917 σαφῆ
823 831 931 899 πάντα
949 824 1003 918 ἦν.
1049 837 1078 898 6.

90 926 144 992 δύο
157 938 315 1012 γυναῖκες
328 926 509 1013 λαβόμεναι
524 939 598 993 ταῖν
611 942 722 1013 χεροῖν
733 924 844 996 εἷλκόν
855 954 896 1013 με
906 926 989 1016 πρός
1002 931 1081 997 ἑαν-

90 1022 143 1109 την
165 1025 302 1110 ἑκατέρα
324 1022 412 1108 μάλα
431 1028 546 1109 βιαίως
564 1026 619 1092 καὶ
642 1032 824 1112 καρτεροῖς·
851 1034 974 1114 μικροῦ
995 1036 1082 1114 γοῦν

33 1136 37 1156 '
88 1148 123 1205 με
136 1121 357 1189 διεσπάσαντο
375 1118 458 1203 πρὸς
471 1119 615 1208 ἀλλήλας
629 1124 922 1213 φιλοτιμούμεναι·
945 1128 1000 1193 καὶ
1015 1124 1081 1212 γὰρ

89 1216 156 1301 ἀρτι
175 1217 237 1304 μὲν
252 1212 296 1283 ἀν
319 1214 339 1302 ἡ
361 1218 454 1303 ἑτέρα
475 1218 646 1301 ἐπεκράτει
668 1224 723 1287 καλ
743 1218 833 1303 παρά
852 1219 975 1307 μικρόν
999 1220 1080 1290 ὅλον

88 1315 145 1402 εἶχέ
158 1342 212 1403 με,
230 1314 305 1399 ἀρτι
323 1312 354 1382 δ’
371 1311 414 1381 ἀν
427 1310 527 1394 αὖθις
541 1314 677 1402 ὑπὸτῆς
691 1319 955 1406 ἑτέραςείχόμην.
974 1319 1081 1405 ἐβόων

88 1415 118 1481 δὲ
131 1412 217 1501 πρός
233 1411 378 1501 ἀλλήλας
395 1415 548 1498 ἑκατέρα,
570 1412 591 1500 ἡ
606 1420 678 1500 μέν,
696 1412 740 1493 ὡς
756 1412 857 1501 αὐτῆς
871 1413 953 1483 ὄντα
967 1442 1009 1502 με
1022 1440 1080 1483 κε-

86 1520 224 1597 κτῆσθαι
240 1513 406 1599 βούλοιτο,
422 1509 443 1596 ἡ
460 1513 507 1595 δέ,
525 1509 568 1590 ὡς
583 1510 692 1597 μάτην
705 1519 774 1579 τῶν
785 1509 968 1597 ἀλλοτρίων
985 1510 1079 1580 ἀντι-

86 1625 217 1679 ποιοῖτο.
240 1604 283 1697 ἦν
300 1611 337 1677 δὲ
352 1606 373 1695 ἡ
389 1611 452 1695 μὲν
468 1608 619 1696 ἐργατικὴ
636 1612 691 1678 καὶ
705 1608 845 1695 ἀνδρικὴ
857 1614 911 1678 καλ
923 1606 1074 1697 αὐχμηρὰ

84 1708 140 1795 τὴν
155 1710 276 1796 κόμην,
296 1707 342 1776 τω
363 1723 450 1795 χεῖρε
470 1709 582 1777 τύλων
595 1707 778 1795 ἀνάπλεως,
804 1714 1002 1797 διεζωσμένη
1016 1708 1077 1796 την
1097 1732 1115 1785 9

83 1809 217 1895 ἐσθῆτα,
242 1808 377 1874 τιτάνου
398 1808 639 1893 καταγέμουσα,
659 1802 728 1885 οἷος
747 1800 792 1893 ἦν
815 1805 957 1888 ὁθεῖος,
980 1804 1079 1875 ὁπότε

82 1910 143 1984 ξέοι
156 1904 240 1986 τούς
253 1912 386 1984 λίθους·
409 1901 429 1992 ἡ
451 1907 545 1992 ἑτέρα
567 1906 604 1974 δὲ
623 1906 712 1993 μάλα
734 1903 950 1992 εὐπρόσωπος
970 1910 1026 1976 καλ
1040 1903 1078 1974 τό

81 2011 185 2091 σχῆμα
202 2000 368 2090 εὐπρεπὴς
378 2004 433 2070 καὶ
443 2003 580 2089 κόσμιος
590 2002 652 2090 τὴν
662 2001 841 2091 ἀναβολήν.
860 2008 952 2085 τέλος
969 2002 1001 2072 δ’
1014 1996 1080 2073 οόν

79 2105 197 2188 ἐφιᾶσί
214 2127 270 2188 μοι
296 2103 451 2185 δικάζειν,
472 2098 615 2191 ὁποτέρᾳ
635 2109 821 2188 βουλοίμην
841 2116 992 2171 συνεῖναι
1014 2100 1079 2170 αό-

79 2209 150 2269 τῶν.
177 2201 323 2286 προτέρα
339 2199 375 2267 δὲ
391 2196 411 2285 ἡ
428 2196 555 2284 σκληρά
570 2202 680 2286 ἐκείνη
695 2201 750 2268 καὶ
765 2199 939 2286 ἀνδρώδης
953 2205 1077 2280 ἔλεξεν·

77 2302 102 2367 7.
120 2297 202 2386 ἔχω’,
218 2304 294 2385 φίλε
304 2309 372 2382 καί,
389 2295 629 2382 Ερμομλυφικὴ
640 2300 736 2384 τέχνη
749 2304 824 2384 είμί,
835 2297 879 2384 ἢν
895 2301 974 2384 χθὲς
989 2296 1077 2384 ἤρξω

75 2398 280 2484 μανθάνειν,
302 2402 406 2465 οίκεία
428 2398 465 2463 τί
482 2417 534 2464 σοι
553 2398 609 2464 καὶ
629 2394 793 2483 συγγενὴς
814 2406 970 2464 οἴκοθεν·
1000 2395 1020 2463 ό
1041 2421 1077 2463 τε

75 2497 135 2582 γὰρ
150 2496 291 2573 πάππος
304 2514 368 2562 σου
380 2535 418 2545 -
439 2499 576 2561 εἰποῦσα
590 2493 738 2579 τοόνομα
752 2501 812 2561 τοῦ
828 2493 1077 2581 μητροπάτορος
1142 2506 1144 2509 ’

75 2633 112 2647 -
125 2593 288 2674 λιθοξόος
301 2585 345 2679 ἦν
360 2593 414 2660 καὶ
431 2589 476 2658 τιό
486 2597 570 2658 θείω
585 2587 759 2678 ἀμφοτέρω
773 2593 827 2660 καὶ
838 2592 928 2678 μάλα
945 2589 1077 2659 εόδοκο-

73 2709 188 2777 μεῖνον
203 2690 244 2760 δι’
259 2689 353 2778 ἡμᾶς.
378 2695 408 2759 εί
421 2687 454 2757 δ’
472 2692 597 2768 ἐθέλεις
611 2690 724 2777 λη’ρων
738 2690 800 2777 μὲν
815 2692 869 2759 καὶ
888 2691 1077 2779 φληνάφων

73 2798 136 2858 τῶν
157 2787 254 2872 παρά
275 2788 396 2874 ταύτης
415 2785 606 2873 ἀπέχεσθαι,
621 2829 664 2840 -
679 2793 810 2868 δείξασα
824 2787 886 2875 τὴν
905 2792 1020 2872 ἑτέραν
1034 2827 1077 2840 —-

72 2889 216 2957 ἕπεσθαι
231 2887 336 2954 δὲκαὶ
353 2899 522 2952 συνοικεῖν
538 2887 619 2971 ἐμοί,
634 2894 747 2970 πρῶτα
760 2891 823 2974 μὲν
838 2889 949 2976 θρέψῃ
963 2912 1077 2974 γεννι-

70 2994 133 3065 mig
147 2987 211 3054 καὶ
227 2981 307 3060 τούς
319 2980 430 3068 νόμους
443 2985 525 3062 ἕξεις
540 2986 732 3071 καρτερούς,
749 2984 885 3072 φθόνου
900 2987 936 3053 δὲ
951 2980 1075 3062 παντός

71 3081 247 3165 ἀλλότριος
263 3087 321 3169 έση
336 3083 390 3150 καὶ
406 3079 527 3148 οὔποτε
542 3079 619 3148 ἀπει
640 3085 692 3151 ἐπὶ
707 3081 770 3169 τὴν
786 3080 995 3170 ἀλλοδαπήν,
1011 3079 1073 3168 τὴν
1097 3097 1129 3148 10

69 3184 216 3267 πατρίδα
231 3181 287 3246 καὶ
308 3176 386 3257 τούς
402 3183 545 3258 οίκείονς
567 3179 773 3249 καταλιπων·
797 3177 875 3249 οὐδὲ
895 3183 948 3250 ἐπὶ
961 3179 1074 3265 λόγοις

70 3281 307 3346 ἐπαινέσονταί
327 3295 365 3343 σε
387 3276 517 3355 πάντες.
562 3284 591 3347 8.
614 3278 658 3365 μὴ
681 3284 854 3367 μυσαχθῇς
875 3278 912 3346 δὲ
930 3285 991 3347 τοῦ
1006 3277 1074 3345 σό-

67 3399 167 3459 ματος
182 3370 225 3442 τό
242 3369 371 3453 εὐτελὲς
380 3373 463 3461 μηδὲ
478 3380 536 3460 τῆς
549 3377 689 3461 ἐσθῆτος
702 3371 740 3441 τό
750 3373 911 3502 κιναρόνχ
931 3366 996 3441 ἀπο
1008 3368 1073 3458 μᾶρ

35 3459 37 3542 λ
