2550 3825
176 195 237 260 102
529 203 822 262 ΛΟΡΚΙΑΝΟΤ

175 367 282 438 λεπῦς
302 365 352 446 ἔχε
375 349 451 448 μηδ’
467 371 542 431 οίου
555 376 775 448 μειονεκτεῖν,
801 373 834 431 εί
849 389 879 431 τι
895 367 950 430 καί
971 363 1074 450 ταύτη
1089 361 1168 430 κατά

175 453 211 524 τό
223 455 353 525 ἁπλοῦν
361 456 599 546 ἀπεκρινάμην.
616 465 646 528 5.
664 457 747 528 ἀλλά
759 458 881 546 μεταξύ
892 461 1002 546 λόγων
1011 459 1074 547 ἤδη
1086 458 1171 528 πολύ

176 555 346 637 προλόντες
361 554 596 643 ἀπεσπάσαμεν
606 566 673 625 τῶν
685 555 833 644 ἀστέρων
843 560 896 626 καί
911 558 1028 645 σχεδόν
1038 584 1077 644 γε
1089 554 1170 625 κατά
1258 606 1266 636 ,

175 649 236 738 τὴν
257 661 409 739 Φρυγίαν
431 657 537 741 ἐσμέν.
568 654 632 741 έγιὸ
655 660 690 724 δὲ
711 659 766 725 καὶ
786 656 848 743 την
859 655 953 742 Ἴδην
969 653 1037 739 ὁρῶ
1060 657 1114 723 καί
1133 650 1170 720 τδ

174 749 352 834 Γάργαρον
367 749 447 819 ὅλον
463 749 624 838 ἀκριβῶς,
643 760 673 821 εί
688 752 781 841 δὲμὴ
798 758 1018 840 ἐξαπατῶμαι,
1040 753 1094 820 καί
1109 748 1172 819 αῦ-

174 841 234 912 τόν
248 843 344 931 ὑμῶν
357 847 418 915 τόν
432 847 590 935 δικαστὴν
604 847 664 917 τόν
680 853 800 936 Πάριν.
1182 861 1187 870 ’

257 951 357 1013 ΗΡΑ.
378 953 453 1013 Ποῦ
471 951 509 1014 δέ
522 951 629 1029 ἐστιν;
651 948 692 1015 οῦ
706 947 771 1033 γάρ
786 945 883 1034 κάμοὶ
897 954 1059 1033 φαίνεται.

258 1051 360 1111 ΕΡΜ.
387 1046 512 1130 Ταύτη,
529 1038 662 1130 άἭρα,
675 1043 757 1129 πρὸς
768 1043 808 1113 τά
819 1043 896 1114 λαιά
909 1044 1110 1129 περισκόπει,
1126 1040 1170 1129 μὴ
1271 1116 1272 1119 ,

174 1137 257 1224 πρός
268 1139 358 1229 ἀκρμ
370 1148 415 1230 τῷ
426 1140 512 1226 ὄρει,
531 1139 619 1227 παρά
631 1145 667 1209 δὲ
679 1140 741 1229 τὴν
752 1143 918 1228 πλευράν,
934 1135 976 1210 οὗ
986 1140 1023 1209 τό
1036 1142 1160 1224 ἄντρον

175 1244 259 1305 ἔνθα
274 1235 335 1323 την
351 1236 474 1325 ἀγέλην
490 1239 579 1328 ὁρᾷς.

257 1341 358 1402 ΗΡΛ.
378 1332 464 1404 Ἀλλ’
483 1335 542 1422 οὐχ
559 1334 627 1419 ὁρῦ
643 1334 704 1421 την
718 1335 849 1423 ἀγέλην.

261 1441 363 1501 ΕΡΜ.
390 1443 468 1514 Πῶς
485 1437 567 1522 φηςς
596 1433 657 1520 οὐχ
676 1432 757 1525 ὁρᾷς
776 1441 885 1522 βοίδια
905 1431 986 1503 κατά
1008 1431 1067 1501 τόν
1090 1429 1172 1518 έμὸν

174 1531 294 1600 οὑτωσὶ
309 1533 474 1603 δάκτυλον
485 1537 520 1602 ἐκ
534 1538 644 1620 μέσον
657 1540 725 1601 νῦν
735 1541 865 1619 πετρῶν
876 1532 1102 1618 προερχόμενα
1115 1537 1172 1598 καί

172 1658 246 1698 τινα
262 1633 297 1698 ἐκ
308 1639 368 1698 τοῦ
386 1636 549 1700 σκοπέλου
561 1637 767 1700 καταθέοντα
781 1633 975 1714 καλαύροπα
990 1636 1105 1716 ἔχοντα
1116 1630 1170 1696 καὶ

104 1743 153 1800 257
174 1727 370 1815 ἀνείργοντα
387 1729 430 1816 μη
446 1731 561 1814 πρόσω
576 1734 832 1799 διασκίδνασθαι
845 1727 908 1815 την
920 1727 1057 1815 ἀγέλην;

257 1834 357 1895 HPA.
374 1825 460 1912 Ὁρῦ
475 1836 556 1915 νῦν,
574 1839 608 1897 εί
619 1855 657 1915 γε
673 1827 796 1905 ἐκεῖνός
810 1830 907 1895 ἐστιν.

259 1934 362 1994 ΕΡΜ.
391 1924 476 1994 Ἀλλ’
494 1930 626 2005 ἐκεῖνος.
651 1925 762 2011 ἐπειδὴ
778 1928 813 1993 δὲ
827 1932 967 2011 πλησίον
982 1923 1046 2012 ἤδη
1060 1927 1163 2009 ἐσμέν,

173 2027 224 2093 ἐπὶ
240 2032 297 2108 τῆς
312 2032 389 2109 γῆς,
413 2029 444 2090 εί
457 2027 561 2109 δοκεῖ,
582 2026 802 2103 καταστάντες
821 2028 1019 2111 βαδίζωμεν,
1046 2024 1102 2088 ἵνα
1124 2015 1173 2107 μὴ.

173 2121 420 2205 διαταράξωμεν
435 2117 538 2188 αὐτόν
555 2120 691 2189 ἀνωθεν
705 2124 737 2201 ἐξ
752 2120 903 2208 ἀφανοῦς
917 2119 1166 2205 καθιπτάμενοι.

255 2225 356 2285 HPA.
382 2210 434 2285 Εὖ
450 2220 571 2305 λέγεις,
588 2222 643 2286 καὶ
660 2217 747 2286 οὕτω
763 2226 917 2305 ποιῶμεν.
940 2221 1010 2287 ἐπεὶ
1021 2220 1058 2285 δὲ
1068 2242 1168 2284 κατα-

171 2318 376 2405 βεβήκαμεν,
399 2313 471 2398 ἀρα
493 2339 561 2402 σοι,
586 2311 612 2383 ά
632 2315 821 2403 Ἀφροδίτη,
843 2320 993 2403 προϊέναι
1007 2319 1063 2383 καὶ
1077 2313 1168 2401 ἡγεῖ·

172 2429 253 2486 σθαι
268 2415 347 2503 ἡμῖν
358 2423 414 2500 τῆς
429 2413 526 2483 ὁδοῦ·
551 2414 593 2483 σύ
607 2415 671 2503 γάρ
687 2414 729 2495 ὡς
744 2415 780 2484 τὸ
797 2415 883 2495 εἰκός
897 2422 1049 2502 ἔμπειρος
1066 2413 1169 2482 εἰτοῦ

170 2525 293 2603 χωρίον
308 2515 485 2601 πολλάκις,
502 2514 545 2594 ὡς
556 2516 670 2601 λόγος,
687 2523 895 2584 κατελθοῦσα
911 2512 994 2597 πρός
1006 2512 1166 2599 Ἀγχίσην.

258 2620 353 2681 ΑΦΡ.
385 2611 436 2679 Οὐ
453 2614 599 2698 σφόδρα,
622 2607 649 2679 ά
661 2612 763 2698 Ἦρα,
785 2614 913 2690 τούτοις
936 2612 1081 2698 ἀχθομαι
1103 2624 1169 2687 τοῖς

171 2713 374 2797 σκάμμασιν.

255 2817 284 2877 6.
306 2815 407 2877 ΕΡΜ.
434 2804 521 2875 Ἀλλ’
536 2806 599 2894 έγά
617 2806 698 2895 ὑμῖν
711 2806 891 2895 ἡγήσομαι·
919 2810 974 2876 καὶ
990 2806 1054 2893 γάρ
1070 2804 1169 2884 αύτὸς

171 2914 360 2993 ἐνδιέτριψα
373 2915 413 2996 τῇ
422 2905 506 2996 Ἴδη,
529 2905 628 2976 ὁπότε
645 2905 685 2993 δὴ
707 2905 724 2975 ὁ
740 2904 825 2985 Ζεύς
840 2904 905 2993 ἤρα
919 2913 979 2973 τοῦ
996 2910 1170 2992 μειρακίου

169 3014 230 3075 τοῦ
246 3006 395 3092 Φρυγός,
412 3008 467 3074 καὶ
481 3005 639 3084 πολλάκις
653 3009 753 3088 δεῦρο
767 2998 877 3091 ἦλθον
890 3001 948 3071 ὁπ’
964 3007 1094 3072 ἐκείνου
1107 3028 1149 3069 κα

99 3118 154 3174 258
172 3104 376 3190 ταπεμφθεὶς
390 3106 421 3181 ἐς
438 3102 621 3191 ἐπισκοπὴν
635 3109 696 3171 τοῦ
710 3104 842 3187 παιδός,
865 3107 920 3170 καὶ
935 3100 1035 3170 ὁπότε
1054 3127 1091 3187 γε
1105 3098 1169 3186 ἤδη

171 3206 207 3272 έν
223 3210 267 3292 τῷ
285 3199 370 3292 ἀετῷ
384 3195 444 3288 ἦν,
460 3203 741 3287 συμπαριπτάμην
755 3199 846 3293 αύτῷ
858 3203 912 3269 καὶ
925 3200 1170 3284 συνεκούφιζον

170 3302 230 3372 τὸν
244 3300 364 3387 καλόν,
381 3301 436 3368 καὶ
451 3308 485 3367 εί
493 3324 531 3385 γε
546 3303 727 3387 μέμνημαι,
749 3296 814 3365 ἀπό
830 3300 966 3385 ταυτησί
979 3305 1036 3384 τῆς
1048 3298 1169 3381 πέτρας

170 3399 274 3473 αύτὸν
289 3398 498 3485 ἀνήρπασεν·
520 3396 538 3467 ὁ
555 3400 618 3484 μὲν
636 3394 702 3482 γάρ
723 3403 815 3481 ἔτυχε
833 3396 907 3464 τότε
927 3400 1070 3481 συρίζων
1085 3390 1169 3476 πρός
