2550 3825
155 187 271 244 ΠΕΡΙ
296 187 397 246 ΤΩΝ
417 187 508 245 ΕΠΙ
526 187 695 244 ΜΙΣΘΩ
715 185 1003 246 ΣΤΝΟΝΤΩΝ.
1034 178 1096 242 31Ἰ

93 351 166 423 κίας
180 349 233 412 καὶ
251 344 287 413 τδ
302 345 523 432 ἀκμαιότατον
536 351 596 411 τοῦ
612 343 761 428 σώματος
775 346 945 428 ἐπιτρίψας
959 344 1014 410 καὶ
1032 340 1095 428 ῥά·
1113 354 1164 410 699

93 469 150 521 κος
167 463 204 510 σε
220 446 415 530 πολυσχιδὲς
436 444 660 529 ἐργασάμενος
677 442 739 529 ήδη
755 445 960 529 περιβλέπει,
984 443 1020 509 σὲ
1034 440 1095 527 μὲν

93 535 127 607 οἶ
144 547 201 626 τῆς
226 542 356 625 κόπρου
381 539 558 627 ἀπορρίψει
575 543 706 626 φέρων,
734 538 837 608 ἀλλον
858 541 894 607 δὲ
918 538 1007 618 ὅπως
1029 546 1095 604 τῶν

94 641 292 724 δυναμένων
303 638 382 718 τούς
393 641 519 717 πόνους
528 655 700 728 καρτερεῖν
711 641 947 726 προσλήψεται,
959 640 1013 707 καὶ
1022 635 1110 723 ήτοι,

92 737 266 821 μειράκιον
277 736 382 805 αὐτοῦ
393 736 445 805 ὅτι
455 742 630 824 ἐπείρασας
640 736 808 824 τότεήτής
816 735 976 824 γυναικὸς
986 735 1095 823 ἀβραν

92 840 265 918 παρθένον
284 839 392 921 γέρων
413 833 499 923 ἀνήρ
523 843 731 922 διαφθείρεις
749 831 771 922 ή
792 833 874 902 ἀλλο
894 862 925 902 τι
940 841 1095 902 τοιοῦτον
1113 851 1164 906 700

93 934 283 1019 ἐπικληθεὶς
296 935 429 1018 νύκτωρ
441 938 726 1020 ἐγκεκαλυμμένος
737 936 789 1001 ε’πὶ
799 935 963 1021 τράχηλον
975 930 1096 1008 ὠσθεὶς

93 1030 293 1116 ἐξελήλυθας
314 1038 434 1118 ἔρημος
450 1030 608 1100 ἀπάντων
628 1034 683 1101 καὶ
703 1032 827 1120 ἀπορος
847 1031 909 1118 τήν
923 1040 1095 1120 βελτίστην

92 1127 266 1211 ποδάγραν
288 1126 376 1216 αύτῷ
391 1130 477 1217 γήρᾳ
494 1127 697 1215 παραλαβών
711 1131 766 1197 καὶ
784 1127 805 1196 ἀ
820 1130 881 1216 μὲν
894 1133 975 1207 τέως
993 1129 1094 1217 ήδεις,
1142 1184 1146 1190 .

93 1223 281 1310 ἀπομαθάν
300 1229 337 1293 ἐν
353 1229 501 1319 τοσούτφ
521 1228 648 1315 χρόνῳ,
675 1228 830 1295 θυλάκου
852 1232 888 1295 δὲ
914 1233 1010 1313 μείζω
1032 1224 1095 1312 τήν

92 1325 234 1407 γαστέρα
253 1325 492 1410 ἐργασάμενος,
522 1323 720 1409 ἀπλήρωτόν
741 1351 773 1391 τι
796 1327 850 1392 καὶ
872 1323 1095 1411 ἀπαραίτητον

91 1422 211 1488 κακόν·
234 1420 365 1507 καὶγὰρ
384 1422 401 1490 ὁ
417 1420 534 1508 λαιμὸς
547 1422 680 1489 ἀπαιτεῖ
691 1423 727 1489 έκ
746 1428 807 1489 τοῦ
825 1428 927 1500 ἔθους
941 1423 996 1489 καὶ
1009 1418 1094 1487 ἀπο-

91 1521 279 1603 μανθάνων
293 1519 377 1588 αὐτοὶ
395 1518 580 1606 ἀγανακτεῖ.
601 1525 651 1586 40.
672 1527 730 1587 καί
742 1541 779 1586 σε
795 1517 858 1586 ούκ
873 1516 917 1585 ἀν
931 1545 980 1596 τις
997 1516 1095 1594 ἀλλος

93 1619 219 1695 δέξαιτο
236 1623 360 1702 ἔξωρον
375 1616 438 1704 ήδη
458 1618 620 1704 γεγονότα
638 1621 692 1684 καὶ
708 1633 777 1696 τοίς
798 1617 1020 1703 γεγηρακόσιν
1037 1620 1095 1682 ἰ’π-

91 1737 167 1790 ποις
181 1713 326 1800 εὀικότα,
342 1708 391 1783 ὦν
402 1715 481 1784 ούδὲ
492 1713 528 1782 τό
541 1718 646 1800 δέρμα
657 1715 778 1801 ὁμοίως
790 1715 962 1801 χρήσιμον.
986 1713 1094 1792 ἄλλως

90 1841 126 1881 τε
141 1817 195 1882 καὶ
206 1812 226 1900 ή
237 1818 273 1882 έκ
287 1825 348 1884 τοῦ
362 1815 563 1903 ἀπωσθῆναι
576 1814 715 1905 διαβολή
731 1814 816 1900 πρός
826 1814 862 1882 τό
879 1821 988 1899 μεῖζον
1004 1821 1094 1882 είκα-

91 1919 210 2002 ζομέυη
224 1917 341 2002 μοιχόν
360 1915 380 2004 ή
395 1925 570 2005 φαρμακέα
585 1941 621 1986 σε
635 1918 659 2004 ή
672 1946 703 1986 τι
716 1924 871 1986 τοιοῦτον
885 1912 966 1982 ἀλλο
981 1918 1094 1981 δοκεῖν

91 2030 193 2083 ποιεί·
216 2012 309 2100 ὁμὲν
322 2014 387 2100 γάρ
402 2019 585 2103 κατήγορος
598 2022 652 2084 καὶ
673 2024 809 2084 σιωπῶν
825 2014 1027 2098 ἀξιόπιστος,
1051 2012 1093 2080 σύ

91 2117 128 2180 δὲ
136 2112 258 2198 Ἕλλην
268 2116 322 2180 καὶ
334 2114 448 2201 ῥᾴδιος
457 2114 517 2181 τόν
530 2114 657 2197 τρόπον
669 2113 820 2201 καὶπρὸς
834 2121 945 2181 πάσαν
959 2111 1093 2179 ἀδικίαν

92 2210 244 2289 εύκολος·
266 2213 438 2290 τοιούτους
449 2212 512 2297 γὰρ
528 2211 676 2290 ἅπαντας
685 2210 770 2298 ἡμᾶς
781 2211 865 2280 εἶναι
879 2221 1022 2296 οἴονται,
1039 2214 1095 2277 καλ

91 2308 179 2396 μάλα
194 2310 343 2388 εἰκότως·
366 2316 452 2378 δοκῶ
463 2312 527 2398 γάρ
540 2339 596 2398 μοι
611 2314 734 2395 καὶτῆς
750 2312 903 2396 τοιαύτης
919 2311 1015 2395 δόξης
1030 2306 1093 2376 αύ-

93 2415 174 2490 τῶν,
189 2405 232 2495 ἣν
248 2415 358 2494 έχουσι
381 2413 455 2493 περὶ
469 2407 580 2496 ἡμῶν,
604 2411 882 2495 κατανενοηκέναι
896 2407 959 2494 τήν
974 2416 1091 2477 αἰτίαν.

90 2511 206 2575 πολλοὶ
222 2506 286 2592 γάρ
310 2510 342 2585 ἐς
362 2506 419 2587 τάς
438 2514 542 2586 οἰκίας
558 2507 785 2589 παρελθόντες
803 2504 888 2592 ὑπὲρ
908 2516 969 2575 τοῦ
988 2507 1092 2593 μηδὲν

90 2606 171 2674 ἀλλο
187 2607 351 2693 χρήσιμον
362 2610 484 2674 εἰδέναι
494 2613 629 2691 μαγείας
645 2607 699 2672 καὶ
711 2612 916 2691 φαρμακείας
927 2604 1092 2691 ὑπέσχον-

89 2732 126 2772 το
153 2708 207 2773 καὶ
229 2704 363 2790 χάριτας
390 2707 443 2772 ἐπὶ
463 2719 530 2782 τοῖς
557 2707 725 2791 ἐρωτικοῖς
747 2705 802 2771 καὶ
827 2703 999 2789 ἐπαγωγάς
1023 2720 1091 2783 τοῖς
1109 2724 1159 2779 701

88 2807 236 2889 ἐχθροῖς,
252 2806 423 2871 καὶταῦτα
438 2809 682 2872 πεπαιδεῦσθαι
696 2812 848 2889 λεγοντες
861 2808 916 2871 καὶ
929 2812 1092 2890 τρίβωνας

88 2901 311 2988 ἀμπεχόμενοι
326 2904 380 2969 καὶ
397 2903 559 2987 πώγωνας
573 2900 635 2970 ούκ
650 2901 963 2988 εὐκαταφρονήτους
973 2913 1091 2971 καθει-

89 3003 191 3085 μένοι.
226 2998 358 3079 είκότως
379 2994 443 3068 ούν
461 3002 522 3089 τήν
546 2998 665 3087 ὁμοίαν
680 3005 755 3086 περὶ
775 3002 911 3068 πάντων
926 2999 1091 3069 ὑπόνοιαν

89 3104 238 3185 ἔχουσιν,
266 3097 325 3177 οὓς
345 3097 501 3185 ἀρίστους
521 3099 644 3190 ᾤοντο,
669 3100 842 3179 τοιούτους
868 3099 1011 3184 ὁρωντες
1036 3104 1091 3169 καὶ

86 3200 229 3284 μάλιστα
244 3201 477 3285 ἐπιτηροῦντες
491 3198 602 3267 αὐτῶν
616 3198 678 3285 τήν
689 3204 725 3266 ἐν
739 3214 806 3279 τοίς
822 3205 967 3277 δείπνοις
980 3201 1035 3266 καὶ
1051 3208 1090 3288 τῇ

87 3294 172 3383 άλλη
186 3301 345 3386 ξυνουσίᾳ
356 3305 533 3366 κολακείαν
545 3303 601 3367 καὶ
610 3299 672 3386 τήν
686 3296 769 3384 πρδς
786 3297 822 3367 τό
838 3303 953 3386 κέρδος
968 3304 1090 3368 δουλο-

87 3394 255 3474 πρέπειαν.
292 3401 343 3463 41.
373 3393 628 3483 ἀποσεισάμενοι
652 3401 688 3465 δὲ
711 3396 833 3475 αύτούς
854 3406 1005 3483 μισοῦσι,
1034 3401 1090 3465 καὶ

1241 3052 1254 3081 1·
