2550 3825
449 226 763 284 ΕΡΜΟΤΙΜΟΣ.
1045 224 1107 287 345

106 379 168 466 τὴν
183 378 264 448 ὁδόν
279 383 382 468 μόνος
398 382 567 470 βασιλεῦς,
583 382 686 469 μόνος
696 382 870 470 πλοῦσιος,
885 385 988 470 μόνος
1002 385 1107 470 σοφός

105 482 161 546 καί
177 479 327 556 συνόλως
342 479 481 549 ἀπαντα.

191 583 239 648 17.
262 586 363 648 ΛΤΚ.
381 578 520 666 Ἕλενον
535 581 571 647 δὲ
590 586 693 648 ταῦτα
707 576 792 662 πρὸς
812 579 849 646 σὲ
865 579 960 648 ἀλλοι
981 584 1107 667 δηλαδὴ

106 677 180 761 περί
199 672 327 746 αῦτῦν·
360 675 401 744 οῦ
421 675 485 763 γάρ
501 676 541 764 δὴ
562 679 702 754 ἐκείνοις
720 672 765 743 ἀν
785 675 897 754 αὐτοῖς
916 681 1108 756 ἐπίστευσας

107 775 280 841 ἐπαινοῦσι
293 773 333 842 τά
349 773 467 843 αὐτῶν.

189 879 293 940 ΕΡΜ.
316 870 496 960 Οὐδαμῶς,
514 869 587 941 ἀλλ’
604 876 639 939 οί
652 871 747 940 ἄλλοι
763 878 886 957 ἔλεγον.

189 975 289 1037 AYK.
315 974 358 1037 Οί
370 971 432 1056 μὲν
446 968 486 1056 δὴ
499 968 664 1049 ἀντίδοξοι
678 967 741 1037 οῦκ
753 975 884 1056 ἔλεγον,
900 968 944 1050 ὡς
958 967 995 1039 τό
1010 969 1097 1049 είκός

106 1059 212 1150 [οὗτοι
228 1067 264 1133 δὲ
277 1058 365 1152 ἦσαν
379 1071 413 1134 οί
426 1065 466 1134 τά
482 1065 565 1136 ἀλλα
580 1074 867 1153 φιλοσοφοῦντες]

189 1170 293 1232 ΕΡΜ.
317 1162 457 1249 οῦ·μάρ.

187 1267 289 1329 ΛΤΚ.
315 1265 358 1328 Ol
372 1259 404 1328 δ’
421 1261 486 1347 ἀρα
501 1266 628 1331 ίδιῦται
643 1269 746 1329 ταῦτα
761 1267 886 1349 ἔλεγον.

188 1365 291 1427 ΕΡΜ.
315 1361 381 1427 Καὶ
395 1359 492 1446 μάλα.

188 1467 289 1528 ΛΥΚ.
306 1457 421 1549 Ὁρᾷς,
438 1458 528 1538 ὅπως
538 1453 641 1538 αὖθις
652 1462 814 1546 ἐξαπατᾷς
826 1484 867 1544 με
881 1457 990 1527 καλοῦ
1003 1462 1109 1544 λέγεις

104 1556 256 1644 τάληθές,
270 1554 344 1626 ἀλλ’
355 1567 418 1626 οίει
428 1564 585 1646 Μαργίτῃ
599 1560 814 1644 διαλέγεσθαί
822 1582 899 1641 τινι,
918 1553 962 1634 ὡς
972 1564 1108 1624 πιστοῦ·
1126 1575 1177 1630 756

105 1675 160 1722 σαι
175 1653 226 1723 ὅτι
238 1653 441 1743 Ἑρμότιμος,
458 1653 543 1742 ἀνὴρ
558 1653 707 1738 συνετός,
723 1659 779 1738 ἔτη
790 1653 864 1720 τότε
877 1679 1025 1740 γεγουιις
1037 1680 1110 1721 τετ-

104 1751 307 1838 ταράκοντα,
323 1756 398 1838 περὶ
411 1759 611 1839 φιλοσοφίας
622 1753 677 1819 καλ
688 1749 885 1836 φιλοσόφων
896 1749 1031 1837 ἀνδρῦν
1042 1766 1110 1830 τοῖς

105 1849 251 1930 ἰδιώταις
273 1853 442 1919 ἐπίστευσε
463 1852 518 1919 καὶ
539 1848 620 1919 κατά
644 1847 684 1917 τά
706 1845 766 1916 ὑπ’
790 1852 926 1917 ἐκείνων
946 1848 1109 1936 λεγόμενα

105 1953 245 2017 ἐποιεῖτο
260 1948 322 2036 τήν
336 1954 465 2035 αἵρεσιν
477 1955 545 2017 τῶν
559 1947 760 2031 κρειττόνων
774 1944 892 2026 ἀξιοῦν·
921 1944 962 2014 οῦ
977 1945 1043 2033 γάρ
1064 1943 1108 2013 ἀν

105 2047 318 2132 πιστεύσαιμί
332 2067 384 2114 σοι
401 2053 537 2114 τοιαῦτα
550 2048 693 2130 λέγοντι.

190 2148 240 2212 18.
260 2151 364 2211 ΕΡΜ.
385 2140 471 2211 Ἀλλ’
490 2140 605 2223 οἶσθα,
622 2133 650 2207 ὦ
665 2148 805 2221 Λυκῖνε,
827 2138 898 2224 οάχλ
913 2155 981 2218 τοῖς
995 2139 1108 2218 ἀλλοις

105 2240 212 2326 μόνον
227 2243 416 2325 ἐπίστευον,
433 2237 516 2307 ἀλλά
535 2238 591 2305 καὶ
607 2240 751 2326 ἐμαυτῷ·
775 2236 890 2320 ε’όρων
906 2233 971 2320 γὰρ
986 2233 1108 2314 αῦτοῦς

105 2345 249 2424 κοσμίως
263 2343 471 2426 βαδιῖοντας,
493 2334 783 2422 ἀναβεβλημένους
797 2330 979 2417 εὐσταλῶς,
1001 2357 1110 2419 φρον-

104 2444 250 2520 τίζοντας
259 2435 321 2523 ἀεί,
332 2435 559 2523 ἀρρενωπούς,
569 2437 606 2501 ἐν
613 2439 682 2522 χρῷ
692 2428 916 2516 κουρίαςτοῦς
924 2438 1108 2517 πλείστους,

106 2534 207 2604 οῦδὲν
220 2533 328 2623 ἁβρόν
344 2532 419 2603 οὐδ’
436 2528 481 2601 αῦ
501 2534 592 2600 πάνυ
608 2534 642 2610 ἐς
660 2529 696 2598 τδ
718 2526 1109 2616 ἀδιάφορονῦπερεκπῑ-

104 2658 205 2718 οιτον,
223 2629 266 2710 ὡς
277 2636 461 2717 ἔκπληκτον
473 2628 557 2698 εἶναι
571 2630 626 2696 καὶ
640 2623 782 2695 κυνικόν
796 2625 955 2711 ἀτεχνῶς,
971 2623 1044 2695 ἀλλ’
1056 2628 1108 2694 ἐπὶ

104 2740 167 2799 τοῦ
188 2732 292 2816 μέσου
311 2729 571 2814 καταστήματος,
601 2724 678 2811 δδὴ
704 2724 841 2810 ἀριστον
860 2722 1003 2804 ἅπαντες
1024 2723 1108 2793 εἶναι

106 2832 219 2916 φασιν.

189 2936 289 2998 AYK.
304 2922 375 3014 Ἆρ’
392 2921 457 2995 οῦν
478 2926 614 2996 κάκεῖνα
635 2926 719 3004 εἶδες
733 2933 912 3005 ποιοῦντας
924 2924 1064 3011 αῦτοός,
1087 2928 1109 2993 ἀ

104 3033 210 3115 μικρῷ
228 3025 380 3109 πρόσθεν
401 3030 516 3111 ἐλεγον
535 3022 637 3101 αῦτδς
658 3024 839 3108 ἑωρακέναι
853 3022 913 3091 τόν
930 3022 992 3091 σδν
1013 3025 1109 3091 διδά-

104 3133 245 3208 σκαλον,
271 3115 298 3190 ἀ
312 3120 502 3209 Ἑρμότιμε,
519 3122 723 3208 πράττοντας
743 3116 816 3187 οἷον
830 3125 1038 3203 δανείζοντας
1054 3122 1109 3189 καί

104 3219 327 3301 ἀπαιτοῦντας
343 3228 469 3307 πικρῶς
488 3223 543 3290 καὶ
564 3225 761 3307 φιλονείκως
777 3218 869 3286 ιιάνυ
890 3221 1055 3304 ἐρίζοντας
1072 3221 1108 3284 ἐν

103 3336 174 3400 ταῖς
188 3326 379 3402 ξυνουσίαις
399 3322 453 3388 καὶ
472 3320 512 3388 τά
534 3321 617 3388 ἀλλα
632 3317 694 3386 ὅσα
712 3321 973 3395 ἑπιδείκνννται;
993 3313 1109 3403 ἢτοῦ-

104 3444 173 3485 των
190 3416 304 3506 ὀλίγον
324 3439 378 3487 σοι
394 3422 500 3505 μέλει,
524 3418 598 3505 ἀχρι
615 3413 659 3485 ἀν
673 3413 833 3504 εὐσταλὴς
852 3412 1036 3502 ἡάναβολή
1055 3418 1107 3482 καὶ
