2550 3825
360 177 584 236 ΕΝΑΛΙΟΙ
603 177 864 235 ΔΙΛΛΟΓΟΙ.
1053 175 1113 238 135

107 345 206 425 μήσαι
223 341 276 405 καὶ
297 336 463 424 άναβὴναι
485 331 597 402 αύτόν.
634 333 678 413 ῶς
695 338 730 402 δὲ
749 344 847 404 τοῦτο
865 338 1010 424 ἐγένετο,
1032 339 1113 419 δρο-

26 501 28 505 .
106 451 200 524 μαῖος
213 439 274 522 μὲν
289 433 306 502 ὁ
323 432 407 513 Ζεὺς
422 431 577 519 ῶρμησεν
591 435 643 500 ἐπὶ
657 431 718 522 τήν
735 434 906 502 θάλατταν
920 438 1035 520 φέρων
1050 430 1114 500 αύ-

106 535 165 622 τὴν
181 538 235 602 καὶ
250 535 380 621 ἐνήχετο
397 530 566 617 έμπεσῶν,
585 529 609 616 ,ἡ
627 533 663 598 δὲ
678 532 769 598 πάνυ
784 530 948 619 ἐκπλαγὴς
962 540 1008 621 τῳ
1025 533 1113 614 πρά-

31 689 33 694 ,
106 660 202 720 γματι
217 639 256 720 τή
270 638 348 719 λαιᾷ
361 631 423 716 μέν
437 638 539 714 είχετο
554 635 615 695 τοῦ
634 632 788 714 κέρατος,
808 627 852 707 ῶς
864 627 908 715 μὴ
924 627 1113 696 ἀπολισθά-

106 755 174 814 νοι,
190 737 229 817 τή
244 731 337 816 ἑτέρῳ
354 730 390 794 δὲ
405 724 621 813 ἠνεμωμένον
636 724 696 793 τόν
713 731 839 795 πέπλον
854 734 1010 813 ξυνεῖχεν.

189 834 218 894 3.
240 834 343 894 ΝΟΤ.
368 822 452 892 ‘Ham
472 833 571 892 τοῦτο
593 828 704 911 θέαμα
722 823 822 911 εἶδες,
844 819 1036 912 ῶΖέφυρε,
1057 829 1112 894 καὶ

5 977 6 982 1
105 927 281 1011 ἐρωτικόν,
298 925 484 1011 νηχόμενον
495 921 555 990 τόν
564 930 632 991 Δία
644 927 790 1010 φέροντα
803 923 865 1010 τήν
877 923 1109 1011 άγαπωμένην.

187 1031 284 1093 ΖΕΦ.
307 1025 372 1090 Καὶ
386 1019 453 1108 μὴν
474 1019 513 1088 τά
531 1019 612 1107 μετὰ
627 1029 731 1090 ταῦτα
751 1021 836 1110 ἡδίω
852 1020 941 1109 παρά
956 1024 1060 1109 πολύ,
1085 1016 1111 1090 ῶ

105 1123 207 1190 Νότε·
229 1121 251 1208 ἡ
263 1147 298 1188 τε
313 1117 378 1206 γάρ
393 1120 543 1186 θάλαττα
559 1115 666 1196 εῦθῦς
680 1118 820 1205 άκύμῶν
839 1122 967 1205 ἐγένετο
980 1123 1034 1187 καὶ
1048 1117 1111 1206 τήν

103 1221 253 1306 γαλήνην
267 1220 515 1304 ἐπισπασαμένη
530 1225 621 1285 λείαν
636 1233 792 1303 παρεῖχεν
808 1219 947 1305 ἑαυτήν,
964 1217 1058 1304 ἡμεῖς
1074 1217 1110 1286 δὲ

103 1320 225 1396 πάντες
239 1315 379 1403 ἡσυχίαν
394 1314 532 1401 άγοντες
546 1313 647 1383 οὐδὲν
662 1315 742 1384 άλλο
756 1311 778 1402 ή
793 1320 910 1385 θεαταὶ
925 1318 1032 1403 μόνον
1043 1326 1111 1385 τῶν

104 1419 311 1503 γιγνομένων
336 1420 679 1500 παρηκολουθοῦμεν,
698 1414 840 1497 Ἔρωτες
862 1418 898 1482 δὲ
922 1415 1111 1501 παραπετό-

102 1540 197 1600 μενοι
212 1511 333 1599 μικρόν
345 1516 381 1580 ἐκ
396 1521 453 1599 της
469 1513 652 1598 θαλάττης,
669 1507 713 1590 ῶς
727 1516 832 1580 ἐνίοτε
844 1511 958 1600 άκροις
968 1528 1036 1591 τοῖς
1047 1539 1110 1580 πο-

103 1615 156 1680 σὶν
173 1613 349 1693 ἐπιψαύειν
366 1617 427 1677 τοῦ
442 1608 580 1695 ὕδατος,
604 1607 751 1695 ἡμμένας
763 1607 821 1688 τάς
835 1616 936 1700 δᾷδας
951 1616 1110 1698 φέροντες

101 1705 186 1800 ᾖδον
203 1708 270 1796 ἅμα
285 1708 346 1776 τόν
361 1707 537 1794 ὑμέναιον,
555 1713 592 1775 αί
607 1714 771 1795 Νηρηίδες
788 1711 823 1776 δὲ
840 1709 1005 1778 ἀναδῦσαι
1021 1735 1108 1792 παρ·
1127 1731 1175 1785 327

44 1819 46 1823 ’
101 1815 246 1877 ίππευον
263 1811 315 1876 ἐπὶ
337 1814 405 1874 τῶν
425 1812 594 1890 δελφίνων
614 1809 849 1892 ἐπικροτοῦσαι
870 1806 1053 1895 ἡμίγυμνοι
1076 1814 1112 1876 αί

101 1914 238 1993 πολλαί,
253 1907 291 1973 τό
303 1933 337 1974 τε
352 1912 421 1973 τῶν
435 1905 615 1989 Τριτώνων
629 1906 726 1991 γένος
737 1909 791 1974 καὶ
804 1918 838 1976 εί
846 1935 877 1975 τι
892 1906 973 1975 άλλο
987 1904 1032 1994 μὴ
1045 1935 1110 1993 φο-

102 2003 204 2093 βερόν
218 2011 302 2073 ἰδεῖν
316 2012 384 2073 τῶν
396 2011 585 2073 θαλαττίων
596 2003 728 2073 ἅπαντα
738 2010 950 2093 περιεχόρευε
962 2007 1023 2094 τὴν
1033 2025 1111 2076 παῖ-

103 2111 159 2173 δα·
182 2104 200 2173 ὁ
212 2106 274 2190 μέν
285 2104 350 2191 γάρ
361 2109 536 2172 Ποσειδῶν
548 2104 752 2191 ε’πιβεβηκῶς
764 2105 926 2194 άρματος,
942 2133 1111 2194 παροχου-

101 2205 207 2290 μένην
219 2200 281 2289 τὴν
292 2201 506 2289 Ἀμφιτρίτην
528 2209 612 2288 ἔχων
629 2211 754 2289 προῆγε
769 2203 923 2290 γεγηθῶς
943 2204 1110 2274 ὁδοποιῶν

102 2304 274 2391 νηχομένῳ
289 2309 334 2389 τῳ
350 2298 501 2390 άδελφῳ·
530 2302 582 2368 ἐπὶ
603 2308 683 2367 πᾶσι
700 2300 736 2369 δὲ
749 2300 812 2386 τήν
832 2300 1030 2389 Ἀφροδίτην
1047 2304 1109 2370 δύο

105 2409 269 2487 Τρίτωνες
284 2407 407 2486 ἔφερον
427 2402 479 2467 ἐπὶ
496 2400 617 2484 κόγχης
631 2402 888 2485 κατακειμένην,
912 2399 1002 2486 άυθη
1023 2426 1110 2468 παυ-

104 2516 174 2567 τοῖα
189 2500 433 2566 ἐπιπάττουσαν
449 2504 488 2586 τῇ
503 2498 629 2583 νύμφη.
652 2502 683 2564 4.
699 2504 802 2564 ταῦτα
818 2500 854 2564 ἐκ
866 2505 1024 2585 Φοινίκης
1036 2497 1110 2584 άχρι

100 2606 157 2683 τὴς
172 2596 305 2684 Κρήτης
320 2598 466 2681 ἐγένετο·
491 2597 560 2661 ἐπεὶ
574 2597 610 2662 δὲ
627 2598 726 2681 ἐπέβη
737 2603 778 2683 τῇ
793 2597 901 2686 νήσῳ,
919 2595 936 2663 ὁ
951 2596 1014 2682 μὲν
1027 2605 1110 2663 ταῦ-

101 2722 159 2777 ρος
175 2693 286 2762 οῦκέτι
304 2697 475 2780 ἐφαίνετο,
494 2694 783 2781 έπιλαβόμενοςδὲ
799 2702 855 2780 τῆς
868 2694 976 2780 χειρὸς
990 2692 1008 2762 ὁ
1024 2692 1111 2773 Ζεῦς

100 2793 209 2879 άπήγε
224 2790 286 2879 τὴν
303 2790 471 2878 Εὐρώπην
486 2795 518 2871 ἐς
533 2789 569 2858 τό
584 2802 747 2860 Δικταῖον
759 2791 883 2875 ἄντρον
895 2796 1108 2879 ἐρυθριῶσαν

100 2896 156 2962 καὶ
176 2893 267 2961 κάτω
289 2889 439 2976 ὁρῶσαν·
471 2891 630 2979 ήπίστατο
651 2891 716 2976 γάρ
738 2890 801 2979 ήδη
822 2891 876 2979 ἐφ’
900 2893 965 2982 ὅτῳ
983 2892 1107 2979 άγοιτο.

99 2988 193 3077 ἡμεῖς
208 2992 244 3057 δὲ
259 2992 456 3076 ἐμπεσόντες
471 2989 551 3057 άλλο
567 2988 666 3067 άλλος
677 2998 737 3057 τοῦ
749 2991 914 3076 πελάγους
927 2994 1026 3078 μέρος
1040 2996 1107 3059 διε-

100 3095 319 3174 κυμαίνομεν.

185 3198 290 3259 ΝΟΤ.
309 3183 349 3257 Ὦ
365 3191 508 3276 μακάριε
520 3194 653 3276 Ζέφυρε
663 3197 720 3275 της
734 3194 830 3267 θέας·
853 3186 918 3274 έγῶ
933 3189 969 3255 δὲ
980 3194 1111 3275 γρῦπας

99 3294 156 3358 καὶ
170 3294 352 3369 ἐλέφαντας
367 3298 420 3357 καί
436 3293 580 3375 μέλανας
594 3286 798 3372 άνθρῶπους
813 3286 936 3369 εἐόρων.

542 3454 710 3462 ..η-...Μ
