2550 3825
444 136 764 196 ΠΡΟΜΗΘΕΥΣ.
1063 136 1105 199 65

111 319 167 363 νον
183 299 246 382 ἐχω
260 293 301 363 τά
317 294 440 364 πολλά·
464 292 482 363 ό
499 297 535 364 δὲ
549 297 660 384 ρῆτωρ
675 298 712 365 τέ
721 300 789 365 ἐστι
799 300 854 365 καὶ
864 296 1106 367 τῶντοιούτων

9 444 11 467 ,
110 390 147 460 ού
163 398 337 480 παρέργως
350 396 534 480 μεμέληκεν
548 394 648 483 αύτῷ.

188 499 326 559 ΠΡΟΜ.
347 490 428 578 Ἐγῶ
444 492 505 577 μὲν
523 491 584 560 οὐκ
597 489 641 561 ἀν
653 493 747 584 ῶμην
757 497 899 580 καὶπερὶ
910 503 967 582 τῆς
978 503 1103 583 κλοπῆς
1123 523 1174 578 190

108 586 164 655 τόν
180 586 303 674 Ἑρμῆν
330 591 486 675 ἐθελῆσαι
515 585 559 657 ἀν
584 597 690 659 εἰπεῖν
713 589 792 659 οὐδὲ
813 588 969 660 ὀνειδιεῖν
989 620 1046 679 μοι
1066 593 1104 661 τό

108 692 260 753 τοιοῦτον
279 683 445 777 ὁμοτέχνῳ
470 685 550 754 ὄντι.
590 685 678 773 πλὴν
704 685 778 756 ἀλλ’
803 695 833 757 εί
854 691 1044 777 καὶτοῦτο,
1078 683 1105 758 ῶ

109 789 219 862 Μαίας
229 798 307 871 παῖ,
323 782 521 870 ὑφίστασαι,
543 784 734 873 καιρόςῆδη
749 795 920 873 περαίνειν
930 788 992 875 τῆν
1003 815 1106 875 κατη-

7 914 8 973 5
107 888 232 967 γορίαν.

189 986 218 1045 6.
251 987 354 1049 EPM.
382 979 483 1048 Πάνυ
502 988 606 1067 γοῦν,
630 976 878 1070 ῶΠρομηθεῶ,
902 993 1041 1071 μακρῶν
1055 988 1108 1052 δελ

7 1120 8 1129 1
107 1077 217 1163 λόγων
239 1082 294 1147 καὶ
315 1084 431 1165 ίκανῆς
445 1106 535 1159 τινος
553 1088 766 1168 παρασκευῆς
783 1084 835 1149 ε’πὶ
850 1081 890 1149 τά
908 1087 959 1152 σοὶ
976 1108 1105 1167 πεπρα-

107 1178 227 1262 γμένα,
250 1174 322 1263 οὐχὶ
345 1180 381 1245 δὲ
400 1176 528 1265 ἀπόχρη
548 1176 588 1246 τά
605 1180 772 1265 κεφάλαια
787 1187 892 1250 εἰπεῖν
906 1190 973 1249 τῶν
986 1180 1104 1268 ἀδικη-

106 1274 237 1361 μάτων,
259 1274 311 1344 ότι
333 1280 511 1360 ἐπιτραπέν
526 1298 579 1345 σοι
594 1286 752 1363 μοιρᾶσαι
766 1277 806 1345 τά
822 1280 902 1364 κρέα
917 1288 1029 1370 σαυτῷ
1042 1282 1105 1366 μέν

106 1371 145 1439 τά
159 1375 318 1442 κάλλιστα
333 1375 524 1461 ἐφύλαττες,
544 1375 747 1462 ἐξηπάτησας
761 1377 797 1443 δέ
811 1373 871 1443 τόν
886 1380 1032 1464 βασιλέα,
1050 1379 1105 1445 καὶ

107 1470 184 1550 τούς
205 1470 409 1558 ἀνθρώπους
430 1471 633 1558 ἀνέπλασας,
655 1471 755 1540 οὐδὲν
780 1476 874 1561 δέον,
902 1477 958 1544 καὶ
977 1473 1013 1542 τό
1034 1484 1104 1560 πῦρ

106 1574 228 1653 κλέψας
251 1569 324 1656 παρ’
343 1570 439 1659 ῆμῶυ
460 1573 614 1658 ἐκόμισας
634 1575 668 1651 ἐς
687 1571 826 1651 αύτούς·
845 1581 904 1641 καί
914 1600 971 1660 μοι
986 1578 1103 1659 δοκεῖς,

107 1664 134 1738 ῶ
147 1675 310 1757 βέλτιστε,
333 1670 377 1757 μῆ
399 1686 550 1739 συνεῖναι
567 1675 620 1739 ἐπὶ
634 1685 703 1749 τοῖς
716 1672 924 1757 τηλικούτοις
938 1672 1030 1739 πάνυ
1045 1699 1105 1758 φι-

105 1769 313 1857 λανθρῶποο
327 1777 389 1838 τοῦ
403 1769 489 1847 Διός
506 1774 755 1856 πεπειραμένος.
778 1775 808 1837 εί
821 1769 882 1855 μὲν
893 1764 958 1837 ούν
968 1775 1105 1855 ἔξαρνος

105 1866 135 1938 εἶ
154 1864 199 1955 μῆ
222 1869 398 1956 εἰργάσθαι
420 1866 522 1955 αύτά,
546 1869 657 1955 δεῆσει
679 1869 734 1936 καὶ
749 1871 926 1954 διελέγχειν
939 1870 995 1937 καὶ
1007 1871 1104 1956 ῥῆσίν

105 1993 180 2034 τινα
200 1965 334 2053 μακρὰν
356 1963 543 2034 ἀποτείνειν
564 1970 620 2034 καὶ
641 1973 823 2049 πειρᾶσθαι
839 1963 883 2045 ῶς
898 1971 949 2034 ἐνι
963 1967 1105 2051 μάλιστα

104 2067 297 2151 ἐμφανίζειν
309 2062 371 2150 τῆν
384 2062 567 2150 ἀλήθειαν·
590 2071 619 2132 εί
626 2063 1104 2150 δὲφῆςτοιαύτηνπεποιῆσθαι

104 2160 167 2249 τῆν
180 2159 289 2248 νομῆν
303 2169 371 2230 τῶν
386 2169 495 2246 κρεῶν
510 2159 619 2229 καὶτὰ
635 2162 710 2246 περὶ
725 2156 804 2238 τούς
815 2156 1019 2243 ἀνθρώπους
1028 2187 1104 2227 και-

105 2268 290 2347 νουργῆσαι
307 2263 361 2328 καὶ
376 2258 413 2328 τό
429 2267 498 2347 πῶρ
514 2262 731 2345 κεκλοφέναι,
749 2263 872 2336 ίκανῶς
884 2259 1105 2345 κατηγόρηταί

104 2385 180 2445 μοι,
205 2363 259 2426 καὶ
280 2357 468 2446 μακρότερα
489 2355 552 2425 ούκ
571 2353 615 2425 ἀν
637 2366 779 2441 είποιμι·
801 2362 902 2440 λῆρος
917 2353 981 2440 γὰρ
998 2353 1103 2433 άλλως

104 2452 141 2522 τό
157 2463 319 2524 τοιοῦτον.

190 2557 220 2622 7.
248 2561 387 2621 ΠΡΟΜ.
419 2559 461 2622 El
472 2553 535 2639 μὲν
549 2553 603 2619 καὶ
618 2557 721 2619 ταῦτα
735 2550 836 2637 λῆρός
850 2552 957 2636 ἐστιν,
977 2546 999 2617 δι’
1013 2558 1105 2637 είρη-
1123 2573 1169 2628 191

102 2678 182 2736 κας,
205 2652 365 2738 εἰσόμεθα
386 2649 507 2738 μικρόν
521 2648 681 2736 ὕστερον·
703 2646 769 2735 ἐγῶ
786 2652 838 2735 δέ,
857 2651 989 2736 ἐπείπερ
1004 2647 1104 2717 ίκανά

102 2750 173 2839 φῆς
196 2750 280 2820 εἶναι
298 2750 339 2819 τά
360 2753 629 2838 κατηγορημένα,
653 2751 853 2838 πειράσομαι
867 2749 911 2829 ῶς
925 2748 969 2819 άυ
986 2747 1056 2830 οἷός
1069 2777 1104 2819 τε

102 2846 148 2937 ῶ,
172 2853 398 2921 διαλύσασθαι
412 2851 452 2920 τά
470 2851 667 2939 ἐγκλήματα.
690 2854 744 2920 καὶ
758 2852 892 2938 πρῶτόν
903 2851 1054 2938 γεάκουε
1065 2849 1103 2919 τό

102 2953 181 3038 περὶ
191 2958 260 3019 τῶν
270 2957 389 3034 κρεῶν.
409 2959 526 3036 καίτοι,
544 2948 586 3037 νῆ
598 2948 659 3018 τόν
668 2949 838 3040 Οὐρανόν,
856 2952 986 3019 καινῶν
997 2953 1105 3035 λέγων

102 3048 191 3118 αύτά
213 3051 411 3136 αἰσχύνομαι
432 3049 517 3136 ὑπὲρ
545 3056 607 3116 τοῦ
621 3050 723 3136 Διός,
746 3056 776 3118 εί
793 3048 883 3117 οὕτω
905 3045 1105 3134 μικρολόγος

101 3153 159 3218 καὶ
181 3149 402 3237 μεμψίμοιρός
425 3153 532 3233 ἐστιν,
555 3145 599 3226 ῶς
623 3147 707 3214 διότι
729 3144 851 3233 μικρόν
872 3144 995 3213 ὀστοῦν
1014 3148 1051 3213 ἐν
1065 3151 1105 3234 τῆ

101 3253 214 3334 μερίδι
226 3240 321 3335 εὗρε,
353 3250 564 3334 καταπέμψαι
594 3243 1016 3332 ἀνασκολοπισθησόμενον
1039 3270 1105 3312 πα-

103 3345 202 3416 λαιόν
227 3345 435 3498 ούτωΙθεόν,
457 3349 538 3436 μῆτε
552 3354 610 3434 τῆς
623 3355 808 3435 συμμαχίας
827 3346 1104 3434 μνημονεύσαντα

189 3459 294 3501 wem.
330 3482 338 3497 .
