2550 3825
172 165 236 228 28⁰
530 170 834 229 AOTKIANOT

257 335 363 400 ΜΕΓ.
391 332 457 398 Καὶ
476 326 555 406 τούς
577 328 640 395 δύο
661 335 826 413 κρατῆρας
847 330 962 416 βούλει
984 327 1181 414 προσθήσω,

174 425 233 503 οὓς
254 431 374 513 ἔλαβον
393 423 589 503 ἀποκτείνας
604 425 826 509 Κλεόκριτον,
850 428 1006 505 ἕλκοντας
1022 426 1182 508 ἑκάτερον

173 529 301 608 χρυσοῦ
317 519 476 608 ἀπέφθου
490 522 636 590 τάλαντα
652 523 787 601 ἕκατόν;

103 637 154 694 631
258 627 394 690 ΚΛΩΘ.
406 617 668 688 Ἕλκετεαότόν·
687 626 774 688 ἔοικε
784 618 848 706 γάρ
859 617 922 688 οὐκ
933 621 1179 708 ἐπεμβήσεσθαι

175 715 255 805 ἡμῖν
274 718 367 787 έκάν.

257 824 363 886 ΜΕΓ.
393 814 660 902 Μαρτόρομαι’
642 825 746 903 υμᾶς,
773 814 885 896 άτελές
903 820 994 902 μένει
1013 815 1050 884 τό
1073 832 1178 903 τεῖχος
1274 835 1275 838 ’

172 916 228 982 καὶ
250 912 291 981 τά
311 913 450 999 νεω’ρια·
480 916 645 994 ἐξετέλεσα
664 912 729 1001 γάρ
745 911 789 982 άν
804 912 887 982 αὐτά
909 912 1059 1025 ἐπιβιοὺς
1079 918 1177 983 πέντε

175 1011 281 1099 μόνας
294 1009 426 1100 ἡμέρας.

258 1117 394 1179 mo.
412 1107 604 1196 Ἀμέλησον·
628 1108 727 1188 ἄλλος
741 1123 861 1195 τειχιεῖ.

258 1215 365 1276 ΜΕΓ.
386 1204 510 1276 Καὶ
468 1235 536 1294 μην
550 1209 650 1276 τοῦτό
664 1234 703 1294 γε
716 1209 849 1286 πάντως
865 1207 1040 1294 εὔγνωμον
1055 1215 1134 1277 αέτῶ

258 1312 393 1375 ΚΛΩΘ.
419 1302 464 1372 Τό
479 1318 595 1386 πολὺν,

259 1410 362 1471 ΜΕΓ.
382 1408 441 1481 Εἰς
457 1410 617 1470 τοσοῦτον
629 1406 819 1489 ἐπιβιῶναι,
838 1407 931 1490 μέχρι
942 1399 986 1472 άν
996 1402 1174 1492 ὑπαγάγω-

173 1529 231 1588 μαι
245 1503 376 1586 Πέρσας
396 1502 450 1568 καὶ
471 1505 594 1578 Λυδοῖς
614 1504 722 1568 ἐπιθῶ
743 1497 822 1578 τοὺς
843 1500 970 1586 φόρους
989 1505 1043 1571 καὶ
1063 1510 1176 1590 μνῆμα

175 1603 280 1690 ἑαυτῷ
301 1602 510 1685 παμμέγεθες
532 1595 720 1684 ἀναστήσας
740 1599 912 1683 ἐπιγράψω
929 1596 1036 1668 ὁπόσα
1051 1606 1175 1684 ἔπραξα

174 1696 300 1785 μεγάλα
314 1698 369 1764 καὶ
382 1694 582 1782 στρατηγικά
599 1694 689 1782 παρά
704 1693 764 1764 τόν
778 1702 863 1783 βίον.

257 1801 392 1862 ΚΛΩΘ.
423 1786 546 1879 Οὗτος,
571 1790 682 1861 οὐκέτι
697 1801 800 1860 ταῦτα
819 1801 900 1879 μίαν
918 1792 1044 1881 ἡμέραν
1065 1801 1174 1881 αἰτεῖς,

175 1888 259 1960 άλλά
274 1888 392 1976 σχεδόν
409 1899 535 1958 εἴκοσιν
549 1892 632 1957 ἐτῶν
647 1892 830 1979 διατριβήν.

259 1994 308 2055 10.
324 1995 430 2057 ΜΕΓ.
447 1990 513 2056 Καὶ
522 1985 590 2074 μὴν
601 1987 764 2075 ἐγγυητάς
776 1988 857 2076 ὑμῖν
868 1993 997 2079 ἕτοιμος
1010 1997 1175 2079 παρασχέ

174 2096 256 2155 σθαι
271 2093 332 2154 τοῦ
346 2087 465 2173 τάχους
479 2089 534 2155 καὶ
550 2094 607 2172 τῆς
622 2088 800 2155 ἐπανόδου.
822 2096 852 2157 εἰ
864 2089 1030 2177 βούλεσθε
1046 2093 1099 2176 δέ,
1120 2093 1177 2159 καὶ

174 2182 363 2269 ἄντανδρον
376 2183 455 2273 ὑμῖν
468 2183 543 2253 ἀντ’
558 2189 705 2271 ἐμαυτοῦ
719 2188 904 2270 παραδώσω
918 2185 978 2255 τόν
993 2186 1173 2275 ἀγαπητόν,

258 2292 391 2355 ΚΛΩΘ.
410 2278 449 2353 Ὦ
466 2287 579 2371 μιαρέ,
595 2281 635 2351 ὃν
646 2282 751 2370 ηὔχου
765 2285 923 2364 πολλάκις
938 2283 1022 2369 ὑπὲρ
1039 2293 1099 2372 γῆς
1113 2313 1176 2353 και·

173 2394 339 2465 ταλιπεῑνς

256 2488 363 2551 ΜΕΓ.
395 2482 505 2550 Πάλαι
537 2490 641 2549 ταῦτα
670 2479 837 2568 ηὐχόμην·
869 2482 946 2550 νυνὶ
971 2483 1007 2548 δὲ
1038 2479 1107 2565 ὁρῶ
1136 2479 1174 2548 τό

174 2584 313 2668 βέλτιον.

104 2699 157 2754 632
260 2686 393 2747 ΚΛΩΘ.
410 2676 501 2759 Ἥξει
510 2678 663 2758 κακεῖνος
673 2699 726 2746 σοι
737 2706 796 2766 μετ
799 2676 959 2764 ολιγον
942 2702 1007 2746 υπο
1019 2704 1080 2747 του
1091 2704 1177 2746 νεω·

173 2781 224 2846 στὶ
241 2774 509 2864 βασιλεύοντος’
490 2782 706 2865 ανηρημένος.

259 2883 309 2946 ll
330 2886 435 2947 ΜΕΓ.
466 2877 604 2948 Οὐκοῦν
623 2878 707 2949 ἀλλὰ
725 2882 825 2949 τοῦτό
847 2907 885 3017 γε
902 2878 946 2967 μὴ
969 2873 1176 2969 άντείπης
1148 2906 1175 2946 ω

173 2975 289 3062 Μοῖρά
304 3001 369 3061 μοι.

256 3079 391 3143 ΚΛΩΘ.
418 3074 462 3143 Τό
479 3091 592 3160 notum

257 3178 362 3242 ΜΕΓ.
383 3176 519 3243 Είδέναι
530 3130 694 3263 βοάλομαι
707 3176 747 3246 τά
760 3176 830 3264 μετ’
843 3180 899 3265 ἐμὲ
910 3177 1026 3246 ὅντινα
1040 3178 1105 3258 ἕξει
1115 3174 1176 3244 τόν

170 3294 307 3340 τοοπον.

255 3374 390 3437 ΚΛΩΘ.
412 3367 550 3437 Ἄκουε·
577 3380 706 3457 μάλλον
725 3374 790 3461 γὰρ
809 3371 931 3462 άνιάση
952 3375 1082 3463 μαθῶν.
1113 3369 1176 3459 την
