2550 3825
154 160 217 223 298
527 164 830 222 AOYKIANOY

59 373 61 378 .
154 323 212 388 ἵνα
229 320 311 406 μηδὲ
329 328 399 388 τῶν
412 320 585 408 ἀχρήστων
604 347 637 388 τι
658 322 926 408 κατασφάττωσι,
951 324 1157 408 προσάγουσι

154 426 200 509 τῶ
215 426 315 508 βωμῷ
329 422 385 489 καί
397 422 603 506 φονεύουσιν
618 422 655 488 έν
666 417 854 505 ὀφθαλμοῖς
867 427 928 488 τοῦ
938 426 1024 488 θεοῦ
1036 418 1158 506 γοερόν

154 543 185 583 τι
200 516 400 602 μυκώμενον
419 522 474 585 καί
496 516 540 595 ῶς
553 516 591 584 τό
608 514 696 594 εἰκός
717 514 893 603 εύφημοῦν
912 520 967 585 καί
983 515 1158 604 ἡμίφωνον

154 612 218 700 ἤδη
232 622 272 701 τῇ
288 623 392 704 θυσίη
412 618 592 683 ἐπαυλοῦν.
618 621 667 692 τίς
689 612 751 681 οῦκ
769 610 814 681 ἀν
834 615 996 683 εἰκάσειεν
1015 614 1158 701 ἥδεσθαι

154 718 257 778 ταῦτα
279 709 427 795 ὁρῶντας
442 710 521 791 τοῦς
533 713 655 792 θεούς;
686 719 734 780 13.
758 714 813 781 καί
825 712 862 780 τό
879 714 941 799 μὲν
957 710 1158 799 πρόγραμμά

156 831 237 895 φησι
251 807 296 895 μὴ
311 814 464 894 παριέναι
480 813 513 889 ές
527 809 563 877 τό
579 820 657 877 εἰσω
667 816 734 875 τῶν
750 818 1052 897 περιρραντηρίων,
1068 807 1159 885 ὅστις

156 906 200 994 μη
217 910 369 993 καθαρός
387 912 455 977 έστι
469 906 528 986 τάς
543 921 669 993 χεῖρας·
698 905 768 975 ὅδὲ
782 905 891 990 ίερεῦς
907 906 1007 987 αύτὸς
1023 912 1159 993 ἕστηκεν

155 1003 343 1094 ᾑμαγμένος
356 1009 412 1074 καὶ
428 1004 539 1088 ῶσπερ
553 1002 571 1071 ὁ
586 1005 736 1085 Κύκλωψ
752 1007 877 1084 ἐκεῖνος
890 1004 1084 1092 ἀνατέμνων
1103 1005 1160 1071 καὶ

155 1103 196 1172 τά
210 1111 329 1190 ἔγκατα
344 1109 482 1189 ἐξαίρων
498 1107 553 1172 καί
567 1109 798 1189 καρδιουλκῶν
814 1105 869 1172 καὶ
883 1102 921 1170 τδ
938 1098 1018 1190 αἷμα
1033 1110 1078 1192 τῶ
1088 1109 1158 1188 βω-

156 1209 208 1289 μῷ
222 1208 383 1287 περιχέων
397 1206 452 1271 καί
465 1211 500 1271 τί
513 1199 578 1290 γάρ
591 1200 653 1269 ούκ
670 1200 802 1287 εὐσεβὲς
819 1205 992 1283 έπιτελῶν;
1014 1202 1065 1268 ἐπὶ
1077 1206 1160 1265 πᾶσι

156 1301 194 1366 δὲ
210 1307 278 1382 πῦρ
301 1298 493 1380 ἀνακαύσας
508 1301 651 1385 ἐπέθηκε
671 1303 784 1384 φέρων
799 1296 883 1387 αὐτῇ
902 1304 985 1387 δορᾷ
1005 1295 1066 1383 τὴν
1083 1294 1160 1381 αἶγα

87 1410 138 1465 537
156 1399 212 1464 καὶ
227 1395 338 1476 αὐτοῖς
349 1404 448 1483 ἐρίοις
461 1398 497 1467 τό
514 1400 698 1485 πρόβατον·
720 1396 740 1484 ἡ
754 1398 790 1465 δὲ
803 1413 901 1465 κνῖσα
915 1402 1091 1474 θεσπέσιος
1105 1398 1161 1463 καὶ

157 1493 354 1582 ίεροπρεπὴς
370 1512 472 1581 χωρεῖ
488 1495 559 1564 άνω
574 1497 629 1563 καὶ
645 1499 678 1575 ἐς
692 1494 797 1564 αύτόν
816 1494 876 1564 τόν
892 1493 1041 1583 ούρανὸν
1055 1492 1160 1582 ἠρέμα

157 1597 391 1661 διασκίδναται.
415 1592 432 1661 ὁ
449 1598 510 1681 μέν
523 1621 562 1681 γε
578 1594 720 1679 Σκύθης
735 1596 843 1674 πάσας
856 1592 916 1673 τάς
928 1602 1051 1672 θυσίας
1065 1591 1161 1678 ἀφείς

156 1692 212 1757 καὶ
234 1687 443 1775 ἡγησάμενος
465 1691 622 1771 ταπεινάς
648 1690 770 1771 αὐτούς
794 1691 873 1771 τοῦς
895 1691 1098 1777 ἀνθρώπους
1120 1696 1160 1777 τῇ

154 1784 316 1872 Ἀρτέμιδι
332 1795 507 1875 παρίστησι
524 1792 578 1856 καὶ
601 1788 707 1868 οῦτως
722 1798 829 1857 ποιῶν
843 1788 973 1875 ἀρέσκει
989 1787 1051 1875 τὴν
1067 1784 1160 1855 θεόν,

160 1889 209 1952 14.
225 1891 328 1952 ταῦτα
345 1886 407 1970 μὲν
429 1884 469 1972 δὴ
488 1896 566 1965 ἴσως
580 1891 695 1973 μέτρια
715 1891 770 1956 καὶ
785 1887 824 1955 τά
840 1886 899 1956 ὑπ’
916 1886 1095 1972 Ἀσσυρίων
1108 1914 1156 1972 γι-

157 1980 306 2068 γνόμενα
320 1986 376 2050 καί
391 1982 457 2052 ῦπδ
474 1993 620 2070 Φρυγῶν
636 1988 691 2052 καὶ
706 1991 847 2071 Λυδῶν,
865 1982 910 2072 ἢν
925 1984 958 2052 δ’
974 1988 1006 2064 ές
1021 1982 1082 2070 τὴν
1097 1992 1161 2050 Αἰ-

158 2107 287 2170 γνπτον
307 2089 425 2171 έλθης,
453 2083 528 2152 τότε
551 2084 590 2172 δη
613 2087 687 2153 τότε
704 2085 780 2169 ῦψει
802 2084 907 2156 πολλά
922 2083 962 2153 τά
983 2083 1086 2171 σεμνά
1106 2085 1163 2150 καὶ

159 2180 203 2260 ῶς
221 2178 355 2268 ἀληθῶς
378 2181 453 2262 ἀξια
471 2191 530 2250 τοῦ
550 2182 713 2269 ούρανοῦ,
739 2185 997 2271 κριοπρόσωπον
1016 2186 1078 2270 μὲν
1102 2181 1163 2249 τόν

158 2288 243 2368 Δία,
268 2281 537 2365 κυνοπρόσωπον
559 2284 595 2348 δὲ
610 2280 671 2348 τόν
693 2287 865 2371 βέλτιστον
885 2281 1006 2369 Ἑρμῆν
1025 2286 1081 2350 καὶ
1101 2279 1160 2349 τόν

158 2389 257 2449 Πάνα
271 2379 353 2450 ὅλον
363 2382 488 2465 τράγον
503 2383 558 2449 καί
571 2379 639 2467 ἶβίν
654 2409 729 2448 τινα
744 2384 798 2449 καί
816 2384 1032 2465 κροκόδειλον
1049 2385 1164 2465 ἕτερον

158 2483 214 2547 καὶ
230 2486 386 2567 πίθηκον.
541 2550 544 2556 4

223 2585 253 2646 εἰ
266 2576 297 2645 δ’
315 2581 441 2658 ἐθέλεις
456 2582 627 2648 καὶταῦτα
644 2578 822 2664 δαήμεναι,
837 2576 917 2663 ὄφρ’
937 2571 975 2644 εύ
990 2582 1088 2665 εἰδῇς,

160 2674 289 2762 ἀκούση
300 2685 432 2744 πολλῶν
443 2686 612 2763 σοφιστῶν
620 2681 674 2744 καὶ
686 2679 905 2763 γραμματέων
915 2679 970 2744 καί
981 2682 1162 2762 προφητῶν

161 2776 371 2858 ἐξυρημένων
382 2778 673 2861 διηγουμένων,-
682 2775 848 2862 πρότερον
859 2780 897 2844 δέ
906 2795 1011 2862 φησιν
1022 2774 1040 2842 ὁ
1054 2775 1163 2860 λόγος,

159 2872 293 2957 ,,θύρας
308 2872 340 2938 δ’
359 2876 518 2942 ἐπίθεσθε
533 2879 691 2963 βέβηλοι“
705 2916 748 2928 -
764 2871 807 2954 ὡς
820 2875 885 2959 ἀρα
900 2872 967 2942 ῦπδ
982 2881 1050 2940 τῶν
1064 2882 1164 2941 πολε-

91 2989 144 3045 538
162 2976 247 3056 μίων
262 2973 317 3037 καί
336 2979 402 3039 τῶν
415 2974 583 3059 γιγάντων
603 2972 666 3061 τὴν
683 2974 905 3041 ἐπανάστασιν
919 2977 954 3040 οί
966 2975 1042 3040 θεοὶ
1056 2977 1165 3056 φοβη-

159 3072 275 3147 θέντες
289 3061 374 3155 ἦκον
394 3073 426 3148 ἐς
440 3069 502 3157 τὴν
516 3081 690 3159 Αἰγύπτου
712 3070 755 3150 ῶς
769 3071 809 3158 δὴ
827 3075 974 3140 ἐνταῦθα
988 3070 1167 3156 λησόμενοι

159 3167 239 3248 τοὺς
252 3175 445 3255 πολεμίους·
470 3168 536 3238 εἶθ’
555 3170 573 3239 ὁ
590 3175 653 3257 μὲν
669 3173 780 3241 αύτῶν
797 3171 904 3241 ύπέδν
920 3173 1064 3259 τράγον,
1088 3168 1104 3236 ὁ
1129 3169 1166 3236 δὲ

159 3270 256 3351 κριὸν
270 3263 335 3335 ῦπό
349 3274 409 3335 τοῦ
421 3271 533 3352 δέους,
549 3266 567 3335 ὁ
582 3270 618 3337 δὲ
628 3268 783 3357 θηρίονῆ
797 3270 933 3358 ὄρνεον,
951 3272 1002 3338 διὸ
1016 3269 1056 3356 δὴ
1068 3269 1166 3336 εἰσέτι

159 3367 215 3433 καί
230 3371 296 3431 νῦν
308 3364 537 3450 φνλάττεσθαι
551 3365 610 3446 τάς
620 3370 695 3438 τότε
706 3369 838 3457 μορφάς
852 3385 921 3450 τοϊς
930 3381 1039 3448 θεοίς·
1062 3375 1165 3435 ταῦτα
