2550 3825
486 175 671 242 ΖΕΥΞΊΣ.
1017 170 1078 237 397

81 337 235 426 νόμενος,
252 335 324 409 ἀλλ’
337 342 369 418 ές
380 339 482 425 μέσον
492 334 551 406 τὸν
564 339 683 429 ἵππον,
699 341 831 415 λέοντος
842 338 992 423 σκάμνον
1003 333 1077 403 αἰνέ-

80 462 147 522 χιον
159 444 200 526 τῆ
215 442 304 525 δεξιᾷ
319 439 374 505 καὶ
387 433 471 520 ὑπὲρ
486 432 605 502 ἑαυτὸν
620 441 768 520 αἰωρῶν,
785 432 828 513 ὡς
845 439 1004 515 δεδίξαιτο
1015 431 1080 501 σδν

80 537 195 624 παιδιᾷ
216 534 255 602 τδ
270 536 387 621 βρέφη.
420 539 448 600 5.
466 531 505 600 τά
523 531 583 618 μὲν
602 524 664 598 οὖν
684 529 767 600 ἅλλα
783 541 841 620 τῆς
854 540 1001 619 γραφῆς,
1024 529 1077 617 ἐφ’

81 633 142 703 ὅσα
156 651 223 715 τοῖς
239 636 384 714 ἰδιώταις
397 631 476 722 ῆμῖυ
497 634 538 701 οὐ
552 633 661 718 πάντη
678 636 807 719 ἐμφανῆ
822 631 903 700 ὅντα
919 630 982 718 τῆν
998 630 1080 716 ὅλην

81 733 169 819 ὅμως
190 739 254 820 ἔχει
276 734 421 819 δύναμιν
439 739 497 819 τῆς
520 734 650 817 τέχνης,
678 727 751 799 οἷον
771 728 807 798 τὸ
831 729 1000 799 ἀποτεῖναι
1023 727 1080 807 τάς

80 828 232 917 γραμμάς
249 833 281 910 ές
294 828 331 898 τὸ
348 829 534 899 εὐθύτατον
545 832 678 898 καὶτῶν
691 830 873 916 χρωμάτων
887 827 1008 916 ἀκριβῆ
1018 825 1080 914 τῆν

79 936 200 1018 κρᾶσιν
216 931 271 998 καὶ
286 929 443 1017 εὔκαιρον
454 927 515 1016 τῆν
530 929 689 1017 έπιβολῆν
701 930 905 1015 ποιήσασθαι
919 932 974 997 καὶ
984 927 1080 996 σκιά-

79 1047 136 1093 σαι
152 1028 183 1104 ές
199 1029 276 1094 δέον
290 1029 417 1095 καὶτοῦ
431 1031 594 1114 μεγέθους
607 1025 667 1095 τὸν
681 1028 783 1112 λόγον
794 1030 849 1095 καὶ
862 1025 922 1113 τῆν
939 1033 1007 1093 τῶν
1022 1050 1081 1111 με-

79 1129 151 1204 ρῶν
162 1119 244 1207 πρὸς
254 1121 291 1190 τδ
305 1122 386 1192 ὅλου
400 1125 532 1210 ίσότητα
549 1128 603 1192 καὶ
619 1120 783 1211 ἁρμονίαν
799 1127 956 1210 γραφέων
969 1126 1081 1201 παῖδες

79 1219 326 1306 ἐπαινούντοιν,
342 1217 390 1302 οἷς
404 1228 503 1310 ἔργον
521 1227 642 1292 είδέναι
657 1220 696 1289 τά
713 1229 865 1290 τοιαῦτα·
887 1221 951 1308 ἐμοὶ
969 1225 1004 1289 δὲ
1020 1226 1079 1288 τοῦ
1097 1226 1148 1282 843

79 1317 237 1397 Ζεύξιδος
251 1321 356 1387 έκεῖνο
366 1320 506 1406 μάλιστα
517 1322 677 1409 ἐπῄνεσα,
694 1319 745 1388 ὅτι
757 1323 793 1388 έν
804 1328 863 1410 μιᾷ
879 1324 934 1388 καὶ
946 1328 986 1407 τῆ
998 1316 1081 1406 αὐτῆ

78 1413 241 1483 ὑποθέσει
261 1425 416 1496 ποικίλως
437 1417 473 1485 τδ
496 1415 651 1502 περιττδυ
671 1421 855 1498 ἐπεδείξατο
878 1425 934 1502 τῆς
955 1421 1079 1502 τέχνης,

79 1510 141 1580 τὸν
149 1515 211 1597 μὲν
219 1511 326 1598 ἄνδρα
336 1514 474 1602 ποιήσας
484 1517 590 1601 πάντη
602 1514 750 1602 φοβερὸν
759 1519 814 1584 καὶ
822 1520 941 1604 κομιδῆ
951 1514 1079 1600 ἄγριον,

78 1610 228 1697 σοβαρὸν
241 1620 281 1700 τῆ
297 1620 405 1702 χαίτη,
427 1615 544 1682 λάσιον
563 1612 604 1681 τδι
620 1611 726 1682 πολλὰ
741 1611 783 1681 οὐ
797 1611 881 1682 κατὰ
900 1611 960 1681 τδν
975 1617 1079 1680 ἵππον

79 1705 187 1777 αὐτοῦ
201 1709 323 1798 μόνον,
340 1709 423 1780 ιἰλλά
439 1713 494 1781 καλ
508 1710 591 1780 καθ’
605 1713 720 1797 ἕτερον
734 1719 795 1780 τοῦ
806 1711 1009 1797 ἀνθρώπου,
1025 1712 1080 1777 καὶ

78 1806 199 1892 έξάρας
215 1805 304 1896 αὐτῷ
318 1807 396 1888 τοδς
411 1807 521 1896 ὤμους
534 1813 587 1878 ἐπὶ
601 1804 770 1896 πλεῖστον,
792 1809 828 1877 τὸ
842 1813 985 1898 βλέμμα,
1006 1814 1080 1876 καί·
1163 1867 1165 1869 .

78 1930 132 1974 τοι
143 1911 321 1991 γελῶντος,
337 1911 502 1993 θηριῶδες
512 1905 593 1977 ὅλον
606 1910 661 1977 καὶ
672 1907 784 1994 ὄρειόν
794 1936 826 1977 τι
836 1911 890 1977 καὶ
902 1905 1079 1995 ιἰνῆμερον.
1183 1927 1186 1932 ·

77 2011 110 2072 6.
130 2010 283 2069 τοιοῦτον
303 2006 364 2089 μὲν
380 2008 523 2071 ἐκείνου·
557 2004 617 2091 τῆν
630 2007 773 2091 θήλειαν
793 2006 829 2073 δὲ
847 2010 951 2074 ἵππου
971 2032 1008 2090 με
1023 2011 1080 2089 τῆς

76 2104 271 2185 καλλίστης,
292 2096 358 2167 οἷαι
373 2102 513 2187 μάλιστα
534 2108 569 2169 αλ
583 2110 744 2169 Θετταλαί
755 2109 856 2188 εἰσιν,
878 2102 1018 2187 ἀδμῆτες
1033 2107 1079 2167 ἔτι

78 2200 137 2267 καὶ
153 2194 286 2283 άβατοι,
301 2195 337 2266 τδ
354 2198 385 2265 δ’
404 2198 473 2267 ἄνω
487 2196 648 2285 ἡμίτομον
662 2197 820 2283 γυναικὸς
834 2199 1005 2285 πάγκαλον
1020 2202 1081 2276 ἔξω

77 2304 150 2365 τῶν
166 2293 274 2363 ὤτοιν·
298 2299 407 2365 ἐκείνα
421 2300 457 2365 δὲ
473 2298 560 2383 μόνα
576 2298 750 2384 σατυρώδη
767 2300 855 2366 ἐστὶν
869 2295 967 2385 αὐτῆ·
990 2297 1043 2363 καὶ
1060 2291 1081 2379 ῆ

78 2400 168 2482 μῖξις
183 2395 219 2463 δὲ
232 2393 320 2481 καὶῆ
338 2394 465 2482 ἁρμογὴ
482 2403 549 2462 τῶν
560 2398 739 2484 σωμάτων,
754 2396 835 2466 καθ’
848 2395 868 2463 δ
882 2396 1081 2463 συνάπτεται

79 2495 138 2561 καλ
149 2498 322 2561 ’συνδεῖται
341 2501 386 2583 τῷ
400 2500 579 2583 γυναικείῳ
593 2491 630 2561 τδ
651 2496 803 2579 ἱππικόν,
828 2492 933 2581 ῆρέμα
949 2495 1003 2561 καὶ
1019 2488 1080 2558 οὐκ

78 2592 217 2675 ἀθρόοις
225 2600 468 2679 μεταβαίνουσα
478 2595 532 2660 καὶ
541 2595 576 2660 έκ
586 2601 802 2679 προσαγωγῆς
810 2594 993 2678 τρεπομένη
1002 2600 1078 2657 λαυ-
1096 2602 1147 2656 844

78 2689 184 2759 θάνει
197 2687 257 2775 τῆν
273 2688 352 2771 ὄψιν
368 2693 404 2757 ἐκ
419 2694 564 2777 θατέρου
582 2698 627 2769 είς
641 2689 677 2759 τδ
690 2694 803 2777 ἕτερον
818 2688 1020 2777 ὑπαγομένη.
1042 2685 1078 2755 τὸ

78 2784 226 2873 νεογνὸν
238 2788 274 2855 δὲ
288 2784 325 2854 τδ
342 2790 379 2855 έν
388 2794 434 2877 τῷ
445 2795 551 2876 νηπίῳ
564 2787 652 2875 ὅμως
662 2786 780 2874 άμριου
793 2790 896 2856 καδέυ
909 2796 955 2878 τῷ
965 2786 1081 2876 ἁπαλῷ

77 2888 147 2973 ἤδη
164 2885 328 2973 φοβερόν,
345 2890 399 2953 καὶ
413 2894 511 2956 τοῦτο
524 2883 721 2972 θαυμαστὸν
740 2882 813 2953 οἷον
826 2890 919 2965 ἔδοξέ
929 2912 1002 2973 μοι,
1025 2888 1080 2952 καὶ

78 2984 134 3052 ὅτι
148 2989 308 3062 παιδικῶς
322 2985 409 3069 μάλα
430 2982 512 3070 πρὸς
533 2983 592 3052 τὸν
611 2985 762 3070 σκύμνον
776 2992 836 3052 τοῦ
850 2987 982 3062 λέοντος
997 2982 1079 3049 άνα-

79 3087 260 3171 βλέπουσι,
280 3080 402 3171 μεταξὺ
420 3089 477 3168 τῆς
497 3089 604 3169 θηλῆς
620 3082 773 3168 ἑκάτερος
793 3084 1021 3167 ἐπειλημμένοι
1033 3083 1079 3147 ’έν

78 3188 151 3271 χρῷ
166 3188 204 3268 τῆ
218 3182 314 3266 μητρὶ
332 3181 596 3266 προσιστάμενοι.
627 3186 655 3249 7.
673 3188 775 3248 ταῦτα
792 3180 822 3248 δ’
840 3174 902 3248 οὖν
918 3176 1081 3257 ἐπιδειξά-

77 3305 184 3366 μενος
198 3277 215 3346 ὁ
231 3282 345 3357 Ζεῦξις
358 3274 459 3356 αὐτὸς
473 3277 534 3363 μὲν
550 3277 630 3365 ᾤετο
652 3279 824 3364 ἐκπλήξειν
839 3274 918 3356 τοδς
934 3275 1080 3362 ὁρῶντας

78 3380 137 3446 ἐπὶ
148 3382 188 3464 τῆ
199 3379 305 3465 τέχνη,
318 3380 352 3445 οί
358 3377 394 3443 δὲ
405 3374 522 3443 αὐτίκα
532 3378 593 3463 μὲν
605 3378 721 3464 ἐβόων.
743 3372 765 3463 ῆ
776 3382 810 3444 τί
817 3372 880 3463 γάρ
892 3371 934 3443 άν
945 3378 1079 3442 έποίουν
