2550 3825
422 120 743 181 ΠΡΟΜΗΘΕΤΣ.
1041 119 1082 180 63

88 280 122 349 τῦ
134 278 256 366 άκρον,
274 321 310 331 -—
327 276 460 365 ἀφανής
473 276 538 365 γάρ
549 274 593 346 όν
603 288 654 365 είη
664 293 733 358 τοις
743 279 832 346 κάτω
842 319 886 331 --
896 277 969 348 ἄλλ’
983 285 1014 348 εί
1024 284 1083 347 δο-

87 393 136 447 κεῖ
147 376 230 447 κατά
252 380 355 465 μέσον
375 377 524 449 ἐνταῦθα’
545 400 612 444 πον
628 375 713 460 ὑπὲρ
734 384 791 463 τῆς
811 375 982 462 φάραγγος
1003 374 1081 443 άνε-
1102 408 1150 465 185

87 475 291 562 στανράσθω
308 476 520 553 ἐκπετασθεὶς
533 474 579 541 τό
594 488 683 562 χεῖρε
697 471 763 543 άπό
778 476 912 541 τουτονί
926 481 986 542 τοῦ
999 499 1083 557 κρη-

87 580 171 650 μνοῦ
185 572 269 656 πρός
282 570 343 641 τὸν
357 576 517 641 ἐναντίον.

116 734 118 743 .
166 678 270 739 ΕΡΜ.
292 661 346 739 Εὖ
364 671 487 755 λέγεις·
515 665 680 751 όπόξνροί
698 692 735 735 τε
753 666 818 753 γὰρ
839 672 876 735 αλ
894 672 1010 755 πέτραι
1029 672 1083 737 καὶ

87 766 287 854 ἀπρόσβατοι
308 768 536 853 πανταχόθεν,
558 763 664 853 ἠρέμα
682 768 944 852 ἐπινενευκυῖαι,
966 768 1082 856 καὶτῷ

88 867 160 933 ποῦλ
178 862 298 952 στενήν
321 864 447 952 ταῦτην
467 861 485 932 ὁ
508 862 656 952 κρημνός
676 868 740 949 ἔχει
761 860 823 951 τήν
845 866 1016 952 ἐπίβασιν,
1039 862 1083 943 ὥς

89 961 286 1048 όκροποῦητὶ
298 963 394 1047 μόγις
409 962 560 1047 ἑστάναι,
577 963 632 1029 καὶ
647 958 732 1038 ὅλως
746 962 994 1046 ἐπικαιρότατος
1008 957 1081 1031 άνὸ

87 1058 226 1150 σταυρὸς
236 1062 375 1146 γένοιτο.
397 1058 442 1147 μή
453 1062 550 1145 με’λλε
561 1052 640 1144 οῦν,
657 1051 684 1129 ω’
693 1065 896 1145 Προμηθεῦ,
911 1056 984 1127 ἄλλ’
998 1056 1083 1127 όνά-

85 1165 179 1245 βαινε
189 1160 245 1227 καλ
253 1158 373 1245 πάρεχε
381 1157 524 1227 σεαυτὸν
533 1156 850 1243 καταπαγησόμενον
857 1156 942 1240 πρός
949 1156 987 1225 τὸ
997 1157 1082 1243 ὅρος.

168 1262 197 1325 2.
232 1264 370 1325 HPOM.
404 1254 502 1324 Ἀλλά
528 1252 594 1323 κάν
615 1252 710 1341 ῦμείς
728 1282 781 1341 με,
807 1249 834 1323 ά
846 1252 1007 1342 Ἥφαιστε
1028 1259 1082 1324 καὶ

82 1352 198 1441 Ἑρμῆ,
224 1355 441 1441 κατελεησατέ
456 1378 497 1439 με
516 1350 605 1438 παρά
623 1350 685 1438 τήν
700 1350 795 1434 άξίαν
812 1357 1040 1440 δυστυχοῦντα

167 1459 271 1521 ΕΡΜ.
306 1459 413 1521 Τοῦτο
434 1452 517 1539 φής,
540 1445 786 1540 όΠρομηθεῦ,
807 1451 845 1520 τό
867 1454 1081 1541 κατελεήσατε

87 1548 160 1619 άντὶ
179 1557 242 1619 σοῦ
258 1548 586 1637 ἀνασκολοπισθῆναι
607 1548 725 1617 αὐτίκα
740 1553 829 1637 μάλα
843 1552 1081 1635 παρακούσαν-

86 1674 142 1726 τας
167 1655 228 1716 τοῦ
251 1648 485 1735 ἐπιτάγματος;
508 1644 530 1736 ή
554 1647 615 1735 οόχ
637 1647 752 1728 ίκανῦς
770 1648 858 1719 εἶναί
875 1671 929 1719 σοι
950 1656 1043 1719 δοκεῖ
1061 1643 1078 1719 ὁ

85 1746 262 1824 Καύκασος
283 1748 338 1815 καὶ
358 1743 478 1827 άλλονς
499 1744 542 1815 άν
562 1757 710 1835 χωρῆσαι
731 1750 794 1820 ῦῦο
809 1761 1080 1837 προσπατταλευ-

85 1849 221 1928 θέντας;
242 1843 310 1918 ἀλλ’
328 1844 425 1936 ὅρεηε
439 1846 501 1936 τήν
518 1848 646 1932 δεξιόν·
670 1848 713 1920 σῦ
730 1856 778 1940 λε’,
795 1846 822 1920 ό
828 1851 1000 1941 Ἥφαιστε,
1020 1880 1080 1923 κα-

85 1947 215 2016 τάκλειε
229 1949 283 2016 καί
300 1949 472 2038 προσήλου
486 1950 543 2017 καὶ
556 1947 618 2037 τήν
629 1957 765 2039 σφῦραν
775 1954 970 2038 ἐρρωμένως
979 1951 1081 2020 κατά·
1101 1970 1148 2026 18⁷

13 2137 19 2146 .
85 2071 176 2132 φερε.
192 2043 249 2125 δός
262 2049 317 2114 καί
330 2044 391 2132 τήν
402 2047 531 2132 ἑτέραν·
548 2049 762 2137 κατειλήφθω
773 2041 812 2117 εὖ
823 2052 911 2135 μάλα
920 2053 975 2119 καί
985 2048 1079 2136 αῦτη.

3 2229 4 2236 χ
85 2137 126 2212 εῦ
140 2150 215 2231 ἔχει.
246 2145 488 2232 καταπτήσεται
509 2150 545 2216 δὲ
558 2147 621 2236 ἤδη
640 2152 696 2218 καὶ
710 2148 728 2217 ὁ
744 2148 839 2227 άετός
856 2149 1032 2236 άποκεροῑν
1042 2150 1079 2219 τό

83 2233 192 2327 ἧπαρ,
226 2239 270 2320 ὡς
290 2242 398 2312 πάντα
419 2249 504 2333 ἔχοις
526 2244 599 2314 ἀντὶ
620 2256 678 2334 τῆς
698 2255 800 2333 καλῆς
816 2250 871 2314 καὶ
892 2244 1081 2332 εὐμηχάνου

85 2347 274 2426 πλαστικῆς.
767 2345 770 2352 ’

171 2445 201 2507 3.
231 2447 369 2508 ΠΡΟΜ.
397 2435 437 2510 Ὦ
454 2441 566 2529 Κρόνε
585 2446 641 2511 καί
652 2441 773 2510 Ἰαπετὲ
793 2444 848 2509 καὶ
869 2438 913 2508 σῦ
928 2433 955 2509 ό
969 2451 1080 2528 μῆτερ,

84 2532 139 2605 οἷα
161 2539 317 2606 πέπονθα
331 2536 350 2606 ὁ
365 2545 578 2627 κακοδαίμων
598 2538 699 2609 οῦδὲν
713 2537 826 2608 δεινόν
841 2539 1079 2626 ἐργασάμενος,

169 2645 274 2706 ΕΡΜ.
311 2636 439 2718 Οῦῦίν,
463 2634 708 2727 οἶΠρομηθεῦ,
730 2637 844 2708 δεινόν
865 2639 1024 2726 είργάσω,
1046 2635 1082 2717 ὃς

82 2743 200 2822 πρῶτα
212 2736 275 2822 μὲν
285 2735 461 2825 τήννομήν
472 2746 540 2806 τόν
550 2747 659 2825 κρεῦν
670 2739 883 2825 ἐγχειρισθεὶς
889 2737 995 2816 οῦτως
1008 2735 1080 2804 άόι-

82 2861 146 2904 κον
162 2833 308 2920 ἐποιήσω
325 2838 380 2904 καὶ
400 2834 581 2923 ἀπατηλήν,
604 2834 649 2916 ὡς
664 2843 775 2926 σαυτῷ
791 2838 852 2922 μὲν
868 2834 909 2903 τά
925 2836 1082 2904 κάλλιστα

82 2932 316 3019 ὑπεξελέσθαι,
326 2931 386 3001 τόν
396 2941 463 3002 Δία
475 2933 511 3002 δὲ
522 2941 810 3020 παραλογίσασθαι
821 2931 901 3001 ὀστᾶ
912 2935 1083 3018 ,καλύψας

81 3028 200 3117 ἄργετι
222 3035 355 3120 ῦημηῦ“;
386 3035 552 3118 μέμνημαι
572 3029 638 3118 γάρ
652 3029 811 3098 Ἡσιόδου
831 3027 873 3116 νή
893 3028 957 3097 Δί’
977 3028 1082 3105 οὕτως

81 3127 253 3207 εἰπόντος·
289 3135 400 3197 ἔπειτα
419 3132 454 3197 δὲ
469 3128 547 3208 τοῦς
569 3127 774 3213 όνθρόπονς
795 3126 996 3206 ἀνέπλασας,
1017 3149 1081 3192 ποι-

81 3225 295 3312 νονργότατα
310 3233 390 3318 ζῷα,
409 3229 463 3296 καὶ
474 3227 615 3314 μάλιστά
629 3255 668 3315 γε
679 3226 923 3314 τὰςγνναίκας·
940 3228 991 3293 ἐπὶ
1002 3231 1082 3290 πᾶσι

81 3326 120 3390 δὲ
142 3321 181 3392 τό
203 3326 403 3412 τιμιώτατον
420 3331 526 3410 κτῆμα
546 3333 614 3394 τῶν
635 3332 729 3394 θεῶν
748 3322 785 3392 τό
805 3331 874 3410 πῦρ
896 3325 1017 3405 κλέψας
1030 3325 1083 3387 καλ
