<?xml version="1.0" encoding="UTF-8"?>
<!DOCTYPE html PUBLIC "-//W3C//DTD XHTML 1.0 Transitional//EN"
    "http://www.w3.org/TR/xhtml1/DTD/xhtml1-transitional.dtd">
<html xmlns="http://www.w3.org/1999/xhtml" xml:lang="en" lang="en">
 <head>
  <title>
</title>
<meta http-equiv="Content-Type" content="text/html;charset=utf-8" />
  <meta name='ocr-system' content='tesseract 3.04.00' />
  <meta name='ocr-capabilities' content='ocr_page ocr_carea ocr_par ocr_line ocrx_word'/>
</head>
<body>
  <div class='ocr_page' id='page_1' title='image "./lucianisamosate03jacogoog/lucianisamosate03jacogoog_0198.png"; bbox 0 0 2550 3825; ppageno 0'>
   <div class='ocr_carea' id='block_1_1' title="bbox 312 183 1073 245">
    <p class='ocr_par' dir='ltr' id='par_1_1' title="bbox 312 183 1073 245">
     <span class='ocr_line' id='line_1_1' title="bbox 312 183 1073 245; baseline 0.005 -6"><span class='ocrx_word' id='word_1_1' title='bbox 312 183 555 240; x_wconf 82' lang='lat' dir='ltr'><em>NEKPIKOI</em></span> <span class='ocrx_word' id='word_1_2' title='bbox 578 184 834 243; x_wconf 84' lang='grc' dir='ltr'><em>ΔΙΑΛΟΓΟΙ.</em></span> <span class='ocrx_word' id='word_1_3' title='bbox 1012 183 1073 245; x_wconf 77' lang='grc'><strong><em>179</em></strong></span> 
     </span>
    </p>
   </div>
   <div class='ocr_carea' id='block_1_2' title="bbox 221 412 920 594">
    <p class='ocr_par' dir='ltr' id='par_1_2' title="bbox 221 412 920 594">
     <span class='ocr_line' id='line_1_2' title="bbox 545 412 595 475; baseline -0.08 1"><span class='ocrx_word' id='word_1_4' title='bbox 545 412 595 475; x_wconf 74' lang='lat'><strong><em>24.</em></strong></span> 
     </span>
     <span class='ocr_line' id='line_1_3' title="bbox 221 536 920 594; baseline 0.007 -5"><span class='ocrx_word' id='word_1_5' title='bbox 221 536 515 589; x_wconf 76' lang='grc' dir='ltr'><em>ΔΙΟΓΕΝΟΤΣ</em></span> <span class='ocrx_word' id='word_1_6' title='bbox 536 539 620 590; x_wconf 78' lang='grc' dir='ltr'><strong><em>ΚΑΙ</em></strong></span> <span class='ocrx_word' id='word_1_7' title='bbox 646 540 920 594; x_wconf 72' lang='grc' dir='ltr'><em>ΜΑΤΣΩΛΟῬ.</em></span> 
     </span>
    </p>
   </div>
   <div class='ocr_carea' id='block_1_3' title="bbox 8 679 1172 1957">
    <p class='ocr_par' dir='ltr' id='par_1_3' title="bbox 76 679 1172 984">
     <span class='ocr_line' id='line_1_4' title="bbox 158 679 1072 771; baseline 0.004 -18"><span class='ocrx_word' id='word_1_8' title='bbox 158 691 185 753; x_wconf 93' lang='grc'><strong><em>1.</em></strong></span> <span class='ocrx_word' id='word_1_9' title='bbox 201 692 322 753; x_wconf 89' lang='grc' dir='ltr'><em>ΔΙΟΓ.</em></span> <span class='ocrx_word' id='word_1_10' title='bbox 340 679 378 752; x_wconf 75' lang='grc' dir='ltr'><em>Ὦ</em></span> <span class='ocrx_word' id='word_1_11' title='bbox 390 686 482 769; x_wconf 87' lang='grc' dir='ltr'><strong><em>Κάρ,</em></strong></span> <span class='ocrx_word' id='word_1_12' title='bbox 495 688 546 753; x_wconf 78' lang='grc' dir='ltr'><strong><em>ε’πί</em></strong></span> <span class='ocrx_word' id='word_1_13' title='bbox 557 692 621 752; x_wconf 88' lang='grc' dir='ltr'><strong><em>τίνι</em></strong></span> <span class='ocrx_word' id='word_1_14' title='bbox 632 689 714 771; x_wconf 88' lang='grc' dir='ltr'><strong><em>μέγα</em></strong></span> <span class='ocrx_word' id='word_1_15' title='bbox 726 700 860 771; x_wconf 77' lang='grc' dir='ltr'><strong><em>φρονεῖς</em></strong></span> <span class='ocrx_word' id='word_1_16' title='bbox 871 691 925 756; x_wconf 81' lang='grc' dir='ltr'><strong><em>καὶ</em></strong></span> <span class='ocrx_word' id='word_1_17' title='bbox 936 690 1072 757; x_wconf 80' lang='grc' dir='ltr'><strong><em>πάντων</em></strong></span> 
     </span>
     <span class='ocr_line' id='line_1_5' title="bbox 76 780 1172 868; baseline 0.005 -19"><span class='ocrx_word' id='word_1_18' title='bbox 76 781 167 868; x_wconf 75' lang='grc' dir='ltr'><strong><em>ἡμῶν</em></strong></span> <span class='ocrx_word' id='word_1_19' title='bbox 182 790 408 868; x_wconf 79' lang='grc' dir='ltr'><strong><em>προτιμᾶσθαι</em></strong></span> <span class='ocrx_word' id='word_1_20' title='bbox 422 780 538 865; x_wconf 82' lang='grc' dir='ltr'><strong><em>ἀξιοῖς;</em></strong></span> <span class='ocrx_word' id='word_1_21' title='bbox 1170 860 1172 864; x_wconf 66' lang='lat'>,</span> 
     </span>
     <span class='ocr_line' id='line_1_6' title="bbox 156 890 1071 984; baseline 0.004 -21"><span class='ocrx_word' id='word_1_22' title='bbox 156 903 296 965; x_wconf 77' lang='grc' dir='ltr'><em>ΜΑῬΣ.</em></span> <span class='ocrx_word' id='word_1_23' title='bbox 319 899 385 964; x_wconf 79' lang='grc' dir='ltr'><strong><em>Καὶ</em></strong></span> <span class='ocrx_word' id='word_1_24' title='bbox 405 898 458 963; x_wconf 77' lang='grc' dir='ltr'><strong><em>ἐπὶ</em></strong></span> <span class='ocrx_word' id='word_1_25' title='bbox 473 903 514 982; x_wconf 80' lang='grc' dir='ltr'><strong><em>τῇ</em></strong></span> <span class='ocrx_word' id='word_1_26' title='bbox 530 904 680 984; x_wconf 80' lang='grc' dir='ltr'><strong><em>βασιλείᾳ</em></strong></span> <span class='ocrx_word' id='word_1_27' title='bbox 700 903 777 983; x_wconf 87' lang='grc' dir='ltr'><strong><em>μέν,</em></strong></span> <span class='ocrx_word' id='word_1_28' title='bbox 800 890 1013 981; x_wconf 79' lang='grc' dir='ltr'><strong><em>όΣινωπεῦ,</em></strong></span> <span class='ocrx_word' id='word_1_29' title='bbox 1035 899 1071 980; x_wconf 86' lang='grc' dir='ltr'><strong><em>ὃς</em></strong></span> 
     </span>
    </p>

    <p class='ocr_par' dir='ltr' id='par_1_4' title="bbox 26 988 1137 1477">
     <span class='ocr_line' id='line_1_7' title="bbox 26 988 1071 1081; baseline 0.004 -20"><span class='ocrx_word' id='word_1_30' title='bbox 26 1047 29 1051; x_wconf 37' lang='lat'><em>1</em></span> <span class='ocrx_word' id='word_1_31' title='bbox 73 997 268 1080; x_wconf 78' lang='grc' dir='ltr'><strong><em>ἐβασίλευσα</em></strong></span> <span class='ocrx_word' id='word_1_32' title='bbox 276 1000 402 1077; x_wconf 82' lang='grc' dir='ltr'><strong><em>Καρίας</em></strong></span> <span class='ocrx_word' id='word_1_33' title='bbox 413 992 475 1079; x_wconf 78' lang='grc' dir='ltr'><strong><em>μὲν</em></strong></span> <span class='ocrx_word' id='word_1_34' title='bbox 485 992 622 1079; x_wconf 78' lang='grc' dir='ltr'><strong><em>ἀπάσης,</em></strong></span> <span class='ocrx_word' id='word_1_35' title='bbox 634 988 718 1081; x_wconf 84' lang='grc' dir='ltr'><strong><em>ἦρξα</em></strong></span> <span class='ocrx_word' id='word_1_36' title='bbox 729 1000 764 1063; x_wconf 78' lang='grc' dir='ltr'><strong><em>δὲ</em></strong></span> <span class='ocrx_word' id='word_1_37' title='bbox 775 999 830 1064; x_wconf 79' lang='grc' dir='ltr'><strong><em>καὶ</em></strong></span> <span class='ocrx_word' id='word_1_38' title='bbox 839 1002 960 1065; x_wconf 78' lang='grc' dir='ltr'><strong><em>Λυδῶν</em></strong></span> <span class='ocrx_word' id='word_1_39' title='bbox 972 1002 1071 1068; x_wconf 84' lang='grc' dir='ltr'><strong><em>ίνίων</em></strong></span> 
     </span>
     <span class='ocr_line' id='line_1_8' title="bbox 73 1087 1070 1182; baseline 0.006 -24"><span class='ocrx_word' id='word_1_40' title='bbox 73 1093 127 1158; x_wconf 83' lang='grc' dir='ltr'><strong><em>καὶ</em></strong></span> <span class='ocrx_word' id='word_1_41' title='bbox 142 1091 266 1175; x_wconf 84' lang='grc' dir='ltr'><strong><em>νήσους</em></strong></span> <span class='ocrx_word' id='word_1_42' title='bbox 281 1093 321 1157; x_wconf 80' lang='grc' dir='ltr'><strong><em>δέ</em></strong></span> <span class='ocrx_word' id='word_1_43' title='bbox 332 1117 424 1167; x_wconf 91' lang='grc' dir='ltr'><strong><em>τινας</em></strong></span> <span class='ocrx_word' id='word_1_44' title='bbox 439 1087 660 1177; x_wconf 78' lang='grc' dir='ltr'><strong><em>ὑπηγαγόμην</em></strong></span> <span class='ocrx_word' id='word_1_45' title='bbox 674 1096 729 1161; x_wconf 79' lang='grc' dir='ltr'><strong><em>καὶ</em></strong></span> <span class='ocrx_word' id='word_1_46' title='bbox 744 1092 818 1179; x_wconf 81' lang='grc' dir='ltr'><strong><em>ἀχρι</em></strong></span> <span class='ocrx_word' id='word_1_47' title='bbox 829 1096 981 1182; x_wconf 79' lang='grc' dir='ltr'><strong><em>Μιλήτου</em></strong></span> <span class='ocrx_word' id='word_1_48' title='bbox 996 1099 1070 1164; x_wconf 84' lang='grc' dir='ltr'><strong><em>ἐπέ-</em></strong></span> 
     </span>
     <span class='ocr_line' id='line_1_9' title="bbox 73 1184 1072 1277; baseline 0.011 -24"><span class='ocrx_word' id='word_1_49' title='bbox 73 1196 137 1275; x_wconf 88' lang='grc' dir='ltr'><strong><em>βην</em></strong></span> <span class='ocrx_word' id='word_1_50' title='bbox 154 1184 194 1254; x_wconf 84' lang='grc' dir='ltr'><strong><em>τά</em></strong></span> <span class='ocrx_word' id='word_1_51' title='bbox 210 1186 315 1255; x_wconf 73' lang='grc' dir='ltr'><strong><em>πολλοὶ</em></strong></span> <span class='ocrx_word' id='word_1_52' title='bbox 335 1196 392 1274; x_wconf 81' lang='grc' dir='ltr'><strong><em>τῆς</em></strong></span> <span class='ocrx_word' id='word_1_53' title='bbox 410 1186 533 1266; x_wconf 81' lang='grc' dir='ltr'><strong><em>Ἰωνίας</em></strong></span> <span class='ocrx_word' id='word_1_54' title='bbox 549 1192 870 1277; x_wconf 89' lang='grc' dir='ltr'><strong><em>καταστρεφόμενος·</em></strong></span> <span class='ocrx_word' id='word_1_55' title='bbox 899 1199 954 1263; x_wconf 78' lang='grc' dir='ltr'><strong><em>καὶ</em></strong></span> <span class='ocrx_word' id='word_1_56' title='bbox 972 1193 1072 1274; x_wconf 84' lang='grc' dir='ltr'><strong><em>καλὸς</em></strong></span> 
     </span>
     <span class='ocr_line' id='line_1_10' title="bbox 73 1280 1137 1378; baseline 0.007 -26"><span class='ocrx_word' id='word_1_57' title='bbox 73 1280 115 1371; x_wconf 81' lang='grc' dir='ltr'><strong><em>ἦν</em></strong></span> <span class='ocrx_word' id='word_1_58' title='bbox 131 1284 186 1353; x_wconf 81' lang='grc' dir='ltr'><strong><em>καὶ</em></strong></span> <span class='ocrx_word' id='word_1_59' title='bbox 200 1287 301 1371; x_wconf 82' lang='grc' dir='ltr'><strong><em>μέγας</em></strong></span> <span class='ocrx_word' id='word_1_60' title='bbox 316 1288 369 1353; x_wconf 81' lang='grc' dir='ltr'><strong><em>καὶ</em></strong></span> <span class='ocrx_word' id='word_1_61' title='bbox 385 1288 422 1353; x_wconf 84' lang='grc' dir='ltr'><strong><em>έν</em></strong></span> <span class='ocrx_word' id='word_1_62' title='bbox 436 1285 590 1370; x_wconf 78' lang='grc' dir='ltr'><strong><em>πολέμοις</em></strong></span> <span class='ocrx_word' id='word_1_63' title='bbox 605 1288 778 1371; x_wconf 87' lang='grc' dir='ltr'><strong><em>καρτερός·</em></strong></span> <span class='ocrx_word' id='word_1_64' title='bbox 799 1289 835 1356; x_wconf 86' lang='grc' dir='ltr'><strong><em>τὸ</em></strong></span> <span class='ocrx_word' id='word_1_65' title='bbox 853 1294 888 1357; x_wconf 75' lang='grc' dir='ltr'><strong><em>δὲ</em></strong></span> <span class='ocrx_word' id='word_1_66' title='bbox 903 1295 1067 1378; x_wconf 88' lang='grc' dir='ltr'><strong><em>μέγιστον,</em></strong></span> <span class='ocrx_word' id='word_1_67' title='bbox 1087 1300 1137 1353; x_wconf 76' lang='lat'><strong><em>⁴3⁰</em></strong></span> 
     </span>
     <span class='ocr_line' id='line_1_11' title="bbox 73 1381 1068 1477; baseline 0.005 -24"><span class='ocrx_word' id='word_1_68' title='bbox 73 1384 123 1453; x_wconf 87' lang='grc' dir='ltr'><strong><em>ὅτι</em></strong></span> <span class='ocrx_word' id='word_1_69' title='bbox 134 1386 171 1452; x_wconf 80' lang='grc' dir='ltr'><strong><em>ἐν</em></strong></span> <span class='ocrx_word' id='word_1_70' title='bbox 180 1381 427 1476; x_wconf 74' lang='grc' dir='ltr'><strong><em>Ἁλικαρνασσῷ</em></strong></span> <span class='ocrx_word' id='word_1_71' title='bbox 437 1392 549 1471; x_wconf 80' lang='grc' dir='ltr'><strong><em>μνῆμα</em></strong></span> <span class='ocrx_word' id='word_1_72' title='bbox 560 1390 769 1473; x_wconf 88' lang='grc' dir='ltr'><strong><em>παμμέγεθες</em></strong></span> <span class='ocrx_word' id='word_1_73' title='bbox 780 1395 841 1475; x_wconf 82' lang='grc' dir='ltr'><strong><em>ἔχω</em></strong></span> <span class='ocrx_word' id='word_1_74' title='bbox 852 1394 1068 1477; x_wconf 80' lang='grc' dir='ltr'><strong><em>ἐπικείμενον,</em></strong></span> 
     </span>
    </p>

    <p class='ocr_par' dir='ltr' id='par_1_5' title="bbox 8 1480 1070 1957">
     <span class='ocr_line' id='line_1_12' title="bbox 8 1480 1070 1568; baseline 0.007 -20"><span class='ocrx_word' id='word_1_75' title='bbox 8 1551 11 1556; x_wconf 77' lang='grc'><strong><em>,</em></strong></span> <span class='ocrx_word' id='word_1_76' title='bbox 72 1481 187 1568; x_wconf 81' lang='grc' dir='ltr'><strong><em>ἡλίκον</em></strong></span> <span class='ocrx_word' id='word_1_77' title='bbox 206 1480 270 1550; x_wconf 89' lang='grc' dir='ltr'><strong><em>ούκ</em></strong></span> <span class='ocrx_word' id='word_1_78' title='bbox 291 1480 391 1561; x_wconf 82' lang='grc' dir='ltr'><strong><em>ἀλλος</em></strong></span> <span class='ocrx_word' id='word_1_79' title='bbox 410 1483 541 1568; x_wconf 91' lang='grc' dir='ltr'><strong><em>νεκρός,</em></strong></span> <span class='ocrx_word' id='word_1_80' title='bbox 569 1481 643 1551; x_wconf 85' lang='grc' dir='ltr'><strong><em>ἀλλ’</em></strong></span> <span class='ocrx_word' id='word_1_81' title='bbox 666 1483 743 1553; x_wconf 76' lang='grc' dir='ltr'><strong><em>οὐδὲ</em></strong></span> <span class='ocrx_word' id='word_1_82' title='bbox 766 1486 871 1566; x_wconf 77' lang='grc' dir='ltr'><strong><em>οὕτως</em></strong></span> <span class='ocrx_word' id='word_1_83' title='bbox 895 1491 927 1566; x_wconf 83' lang='grc' dir='ltr'><strong><em>ἐς</em></strong></span> <span class='ocrx_word' id='word_1_84' title='bbox 951 1489 1070 1566; x_wconf 89' lang='grc' dir='ltr'><strong><em>κάλλος</em></strong></span> 
     </span>
     <span class='ocr_line' id='line_1_13' title="bbox 73 1579 1070 1671; baseline 0.006 -24"><span class='ocrx_word' id='word_1_85' title='bbox 73 1582 310 1666; x_wconf 83' lang='grc' dir='ltr'><strong><em>ἐξησκημένον,</em></strong></span> <span class='ocrx_word' id='word_1_86' title='bbox 326 1584 438 1648; x_wconf 81' lang='grc' dir='ltr'><strong><em>ἵππων</em></strong></span> <span class='ocrx_word' id='word_1_87' title='bbox 451 1583 506 1649; x_wconf 83' lang='grc' dir='ltr'><strong><em>καὶ</em></strong></span> <span class='ocrx_word' id='word_1_88' title='bbox 521 1579 656 1666; x_wconf 76' lang='grc' dir='ltr'><strong><em>ἀνδρῶν</em></strong></span> <span class='ocrx_word' id='word_1_89' title='bbox 670 1585 702 1660; x_wconf 82' lang='grc' dir='ltr'><strong><em>ἐς</em></strong></span> <span class='ocrx_word' id='word_1_90' title='bbox 716 1580 752 1649; x_wconf 83' lang='grc' dir='ltr'><strong><em>τό</em></strong></span> <span class='ocrx_word' id='word_1_91' title='bbox 769 1582 1005 1671; x_wconf 79' lang='grc' dir='ltr'><strong><em>ἀκριβέστατον</em></strong></span> <span class='ocrx_word' id='word_1_92' title='bbox 1022 1592 1070 1653; x_wconf 88' lang='grc' dir='ltr'><strong><em>εί-</em></strong></span> 
     </span>
     <span class='ocr_line' id='line_1_14' title="bbox 73 1674 1068 1767; baseline 0.005 -22"><span class='ocrx_word' id='word_1_93' title='bbox 73 1682 247 1764; x_wconf 88' lang='grc' dir='ltr'><strong><em>κασμένων</em></strong></span> <span class='ocrx_word' id='word_1_94' title='bbox 263 1688 363 1747; x_wconf 90' lang='grc' dir='ltr'><strong><em>λίθου</em></strong></span> <span class='ocrx_word' id='word_1_95' title='bbox 383 1686 443 1747; x_wconf 86' lang='grc' dir='ltr'><strong><em>τοῦ</em></strong></span> <span class='ocrx_word' id='word_1_96' title='bbox 464 1687 655 1763; x_wconf 88' lang='grc' dir='ltr'><strong><em>καλλίστου,</em></strong></span> <span class='ocrx_word' id='word_1_97' title='bbox 676 1674 748 1747; x_wconf 82' lang='grc' dir='ltr'><strong><em>οἷον</em></strong></span> <span class='ocrx_word' id='word_1_98' title='bbox 769 1679 847 1750; x_wconf 76' lang='grc' dir='ltr'><strong><em>οὐδὲ</em></strong></span> <span class='ocrx_word' id='word_1_99' title='bbox 867 1680 954 1749; x_wconf 76' lang='grc' dir='ltr'><strong><em>νεών</em></strong></span> <span class='ocrx_word' id='word_1_100' title='bbox 975 1682 1068 1767; x_wconf 88' lang='grc' dir='ltr'><strong><em>εύροι</em></strong></span> 
     </span>
     <span class='ocr_line' id='line_1_15' title="bbox 73 1772 1067 1866; baseline 0.005 -23"><span class='ocrx_word' id='word_1_101' title='bbox 73 1803 119 1854; x_wconf 86' lang='grc' dir='ltr'><strong><em>τις</em></strong></span> <span class='ocrx_word' id='word_1_102' title='bbox 140 1772 183 1842; x_wconf 89' lang='grc' dir='ltr'><strong><em>ἀν</em></strong></span> <span class='ocrx_word' id='word_1_103' title='bbox 202 1779 331 1865; x_wconf 68' lang='grc' dir='ltr'><strong><em>ῥηιδίως.</em></strong></span> <span class='ocrx_word' id='word_1_104' title='bbox 363 1775 404 1845; x_wconf 89' lang='grc' dir='ltr'><strong><em>ού</em></strong></span> <span class='ocrx_word' id='word_1_105' title='bbox 421 1782 510 1845; x_wconf 75' lang='grc' dir='ltr'><strong><em>δοκεῖ</em></strong></span> <span class='ocrx_word' id='word_1_106' title='bbox 529 1798 582 1845; x_wconf 92' lang='grc' dir='ltr'><strong><em>σοι</em></strong></span> <span class='ocrx_word' id='word_1_107' title='bbox 607 1781 739 1857; x_wconf 78' lang='grc' dir='ltr'><strong><em>δικαίως</em></strong></span> <span class='ocrx_word' id='word_1_108' title='bbox 763 1782 815 1847; x_wconf 80' lang='grc' dir='ltr'><strong><em>ἐπὶ</em></strong></span> <span class='ocrx_word' id='word_1_109' title='bbox 834 1781 962 1859; x_wconf 85' lang='grc' dir='ltr'><strong><em>τούτοις</em></strong></span> <span class='ocrx_word' id='word_1_110' title='bbox 985 1784 1067 1866; x_wconf 93' lang='grc' dir='ltr'><strong><em>μέγα</em></strong></span> 
     </span>
     <span class='ocr_line' id='line_1_16' title="bbox 73 1886 227 1957; baseline -0.013 -17"><span class='ocrx_word' id='word_1_111' title='bbox 73 1886 227 1957; x_wconf 84' lang='grc' dir='ltr'><strong><em>φρονεῖυ;</em></strong></span> 
     </span>
    </p>
   </div>
   <div class='ocr_carea' id='block_1_4' title="bbox 1 1986 1068 3366">
    <p class='ocr_par' dir='ltr' id='par_1_6' title="bbox 1 1986 1068 3366">
     <span class='ocr_line' id='line_1_17' title="bbox 154 1986 1068 2081; baseline 0.003 -25"><span class='ocrx_word' id='word_1_112' title='bbox 154 1995 184 2055; x_wconf 81' lang='lat'><strong><em>2.</em></strong></span> <span class='ocrx_word' id='word_1_113' title='bbox 206 1995 326 2056; x_wconf 85' lang='grc' dir='ltr'><em>ΔΙΟΓ.</em></span> <span class='ocrx_word' id='word_1_114' title='bbox 345 1986 413 2055; x_wconf 62' lang='lat' dir='ltr'><strong><em>&#39;Exi</em></strong></span> <span class='ocrx_word' id='word_1_115' title='bbox 424 1996 463 2076; x_wconf 79' lang='grc' dir='ltr'><strong><em>τῇ</em></strong></span> <span class='ocrx_word' id='word_1_116' title='bbox 473 1997 622 2078; x_wconf 81' lang='grc' dir='ltr'><strong><em>βασιλεία</em></strong></span> <span class='ocrx_word' id='word_1_117' title='bbox 633 1990 699 2077; x_wconf 78' lang='grc' dir='ltr'><strong><em>φὴς</em></strong></span> <span class='ocrx_word' id='word_1_118' title='bbox 710 1993 764 2060; x_wconf 81' lang='grc' dir='ltr'><strong><em>καὶ</em></strong></span> <span class='ocrx_word' id='word_1_119' title='bbox 776 1999 820 2081; x_wconf 77' lang='grc' dir='ltr'><strong><em>τῷ</em></strong></span> <span class='ocrx_word' id='word_1_120' title='bbox 831 1993 944 2060; x_wconf 82' lang='grc' dir='ltr'><strong><em>κάλλει</em></strong></span> <span class='ocrx_word' id='word_1_121' title='bbox 959 1995 1013 2060; x_wconf 81' lang='grc' dir='ltr'><strong><em>καὶ</em></strong></span> <span class='ocrx_word' id='word_1_122' title='bbox 1023 1998 1068 2080; x_wconf 74' lang='grc' dir='ltr'><strong><em>τῷ</em></strong></span> 
     </span>
     <span class='ocr_line' id='line_1_18' title="bbox 71 2088 382 2174; baseline -0.003 -20"><span class='ocrx_word' id='word_1_123' title='bbox 71 2088 166 2174; x_wconf 86' lang='grc' dir='ltr'><strong><em>βάρει</em></strong></span> <span class='ocrx_word' id='word_1_124' title='bbox 180 2096 240 2155; x_wconf 84' lang='grc' dir='ltr'><strong><em>τοῦ</em></strong></span> <span class='ocrx_word' id='word_1_125' title='bbox 254 2088 382 2174; x_wconf 68' lang='grc' dir='ltr'><strong><em>τάφους</em></strong></span> 
     </span>
     <span class='ocr_line' id='line_1_19' title="bbox 153 2199 663 2288; baseline 0.002 -21"><span class='ocrx_word' id='word_1_126' title='bbox 153 2208 293 2270; x_wconf 77' lang='grc' dir='ltr'><em>ΜΑΤΣ.</em></span> <span class='ocrx_word' id='word_1_127' title='bbox 313 2199 368 2288; x_wconf 76' lang='grc' dir='ltr'><strong><em>Νὴ</em></strong></span> <span class='ocrx_word' id='word_1_128' title='bbox 384 2199 440 2270; x_wconf 87' lang='grc' dir='ltr'><strong><em>Δί’</em></strong></span> <span class='ocrx_word' id='word_1_129' title='bbox 459 2205 509 2269; x_wconf 77' lang='grc' dir='ltr'><strong><em>ἐπὶ</em></strong></span> <span class='ocrx_word' id='word_1_130' title='bbox 525 2203 663 2281; x_wconf 90' lang='grc' dir='ltr'><strong><em>τούτοις.</em></strong></span> 
     </span>
     <span class='ocr_line' id='line_1_20' title="bbox 1 2292 1067 2384; baseline -0.008 -13"><span class='ocrx_word' id='word_1_131' title='bbox 1 2358 2 2363; x_wconf 49' lang='grc'><strong><em>,</em></strong></span> <span class='ocrx_word' id='word_1_132' title='bbox 153 2307 273 2370; x_wconf 90' lang='grc' dir='ltr'><em>ΔΙΟΓ.</em></span> <span class='ocrx_word' id='word_1_133' title='bbox 293 2296 390 2378; x_wconf 75' lang='grc' dir='ltr'><strong><em>Ἀλλ’,</em></strong></span> <span class='ocrx_word' id='word_1_134' title='bbox 408 2292 434 2365; x_wconf 77' lang='grc' dir='ltr'><em>ὦ</em></span> <span class='ocrx_word' id='word_1_135' title='bbox 451 2303 528 2367; x_wconf 79' lang='grc' dir='ltr'><strong><em>καλὲ</em></strong></span> <span class='ocrx_word' id='word_1_136' title='bbox 540 2301 721 2384; x_wconf 81' lang='grc' dir='ltr'><strong><em>Μαύσωλε,</em></strong></span> <span class='ocrx_word' id='word_1_137' title='bbox 738 2295 948 2383; x_wconf 81' lang='grc' dir='ltr'><strong><em>ούτεὴίσχύς</em></strong></span> <span class='ocrx_word' id='word_1_138' title='bbox 959 2300 1067 2383; x_wconf 79' lang='grc' dir='ltr'><strong><em>ἐκείνη</em></strong></span> 
     </span>
     <span class='ocr_line' id='line_1_21' title="bbox 26 2395 1067 2485; baseline -0.006 -19.141"><span class='ocrx_word' id='word_1_139' title='bbox 26 2463 33 2474; x_wconf 93' lang='grc'><strong><em>,</em></strong></span> <span class='ocrx_word' id='word_1_140' title='bbox 70 2405 117 2467; x_wconf 79' lang='grc' dir='ltr'><strong><em>ἔτι</em></strong></span> <span class='ocrx_word' id='word_1_141' title='bbox 134 2419 188 2465; x_wconf 91' lang='grc' dir='ltr'><strong><em>σοι</em></strong></span> <span class='ocrx_word' id='word_1_142' title='bbox 204 2396 280 2465; x_wconf 86' lang='grc' dir='ltr'><strong><em>ούτε</em></strong></span> <span class='ocrx_word' id='word_1_143' title='bbox 299 2395 320 2484; x_wconf 82' lang='grc' dir='ltr'><em>ἡ</em></span> <span class='ocrx_word' id='word_1_144' title='bbox 337 2397 448 2485; x_wconf 74' lang='grc' dir='ltr'><strong><em>μορφὴ</em></strong></span> <span class='ocrx_word' id='word_1_145' title='bbox 467 2397 641 2481; x_wconf 79' lang='grc' dir='ltr'><strong><em>πάρεστιν·</em></strong></span> <span class='ocrx_word' id='word_1_146' title='bbox 672 2403 701 2466; x_wconf 88' lang='grc' dir='ltr'><strong><em>εί</em></strong></span> <span class='ocrx_word' id='word_1_147' title='bbox 720 2404 806 2483; x_wconf 81' lang='grc' dir='ltr'><strong><em>γοῦν</em></strong></span> <span class='ocrx_word' id='word_1_148' title='bbox 819 2423 893 2463; x_wconf 89' lang='grc' dir='ltr'><strong><em>τινα</em></strong></span> <span class='ocrx_word' id='word_1_149' title='bbox 911 2397 1067 2480; x_wconf 79' lang='grc' dir='ltr'><strong><em>ἑλοίμεθα</em></strong></span> 
     </span>
     <span class='ocr_line' id='line_1_22' title="bbox 70 2490 1066 2583; baseline -0.007 -19"><span class='ocrx_word' id='word_1_150' title='bbox 70 2493 229 2583; x_wconf 76' lang='grc' dir='ltr'><strong><em>δικαστὴν</em></strong></span> <span class='ocrx_word' id='word_1_151' title='bbox 242 2493 425 2583; x_wconf 85' lang='grc' dir='ltr'><strong><em>εὐμορφίας</em></strong></span> <span class='ocrx_word' id='word_1_152' title='bbox 435 2500 526 2581; x_wconf 91' lang='grc' dir='ltr'><strong><em>πέρι,</em></strong></span> <span class='ocrx_word' id='word_1_153' title='bbox 541 2494 603 2562; x_wconf 90' lang='grc' dir='ltr'><strong><em>ούκ</em></strong></span> <span class='ocrx_word' id='word_1_154' title='bbox 615 2501 677 2580; x_wconf 81' lang='grc' dir='ltr'><strong><em>ἔχω</em></strong></span> <span class='ocrx_word' id='word_1_155' title='bbox 689 2500 802 2578; x_wconf 83' lang='grc' dir='ltr'><strong><em>είτιεῑν,</em></strong></span> <span class='ocrx_word' id='word_1_156' title='bbox 819 2499 908 2571; x_wconf 87' lang='grc' dir='ltr'><strong><em>τίνος</em></strong></span> <span class='ocrx_word' id='word_1_157' title='bbox 922 2495 1019 2558; x_wconf 79' lang='grc' dir='ltr'><strong><em>ἕνεκα</em></strong></span> <span class='ocrx_word' id='word_1_158' title='bbox 1030 2490 1066 2558; x_wconf 81' lang='grc' dir='ltr'><strong><em>τό</em></strong></span> 
     </span>
     <span class='ocr_line' id='line_1_23' title="bbox 70 2585 1068 2679; baseline -0.007 -18"><span class='ocrx_word' id='word_1_159' title='bbox 70 2592 133 2661; x_wconf 90' lang='grc' dir='ltr'><strong><em>σόν</em></strong></span> <span class='ocrx_word' id='word_1_160' title='bbox 146 2599 286 2678; x_wconf 92' lang='grc' dir='ltr'><strong><em>κρανίον</em></strong></span> <span class='ocrx_word' id='word_1_161' title='bbox 297 2599 514 2679; x_wconf 79' lang='grc' dir='ltr'><strong><em>προτιμηθείη</em></strong></span> <span class='ocrx_word' id='word_1_162' title='bbox 525 2587 568 2659; x_wconf 87' lang='grc' dir='ltr'><strong><em>ἀν</em></strong></span> <span class='ocrx_word' id='word_1_163' title='bbox 578 2600 639 2658; x_wconf 82' lang='grc' dir='ltr'><strong><em>τοῦ</em></strong></span> <span class='ocrx_word' id='word_1_164' title='bbox 651 2596 746 2677; x_wconf 51' lang='lat'><strong><em>§⁹013-</em></strong></span> <span class='ocrx_word' id='word_1_165' title='bbox 761 2587 914 2676; x_wconf 72' lang='grc' dir='ltr'><strong><em>φαλακροὶ</em></strong></span> <span class='ocrx_word' id='word_1_166' title='bbox 927 2585 991 2674; x_wconf 86' lang='grc' dir='ltr'><strong><em>γάρ</em></strong></span> <span class='ocrx_word' id='word_1_167' title='bbox 1003 2586 1068 2675; x_wconf 85' lang='grc' dir='ltr'><strong><em>ἀμ-</em></strong></span> 
     </span>
     <span class='ocr_line' id='line_1_24' title="bbox 69 2687 1068 2778; baseline -0.002 -20"><span class='ocrx_word' id='word_1_168' title='bbox 69 2718 123 2777; x_wconf 89' lang='grc' dir='ltr'><strong><em>φω</em></strong></span> <span class='ocrx_word' id='word_1_169' title='bbox 134 2693 189 2759; x_wconf 82' lang='grc' dir='ltr'><strong><em>καὶ</em></strong></span> <span class='ocrx_word' id='word_1_170' title='bbox 199 2692 322 2778; x_wconf 89' lang='grc' dir='ltr'><strong><em>γυμνά,</em></strong></span> <span class='ocrx_word' id='word_1_171' title='bbox 336 2694 390 2759; x_wconf 79' lang='grc' dir='ltr'><strong><em>καὶ</em></strong></span> <span class='ocrx_word' id='word_1_172' title='bbox 401 2688 479 2768; x_wconf 81' lang='grc' dir='ltr'><strong><em>τούς</em></strong></span> <span class='ocrx_word' id='word_1_173' title='bbox 488 2688 627 2767; x_wconf 77' lang='grc' dir='ltr'><strong><em>ὀδόντας</em></strong></span> <span class='ocrx_word' id='word_1_174' title='bbox 639 2687 759 2775; x_wconf 88' lang='grc' dir='ltr'><strong><em>ὁμοίως</em></strong></span> <span class='ocrx_word' id='word_1_175' title='bbox 773 2695 1003 2775; x_wconf 91' lang='grc' dir='ltr'><strong><em>προφαίνομεν</em></strong></span> <span class='ocrx_word' id='word_1_176' title='bbox 1013 2690 1068 2756; x_wconf 80' lang='grc' dir='ltr'><strong><em>καὶ</em></strong></span> 
     </span>
     <span class='ocr_line' id='line_1_25' title="bbox 12 2779 1067 2876; baseline -0.004 -21"><span class='ocrx_word' id='word_1_177' title='bbox 12 2779 16 2786; x_wconf 54' lang='grc'><strong>’</strong></span> <span class='ocrx_word' id='word_1_178' title='bbox 67 2786 147 2867; x_wconf 85' lang='grc' dir='ltr'><strong><em>τούς</em></strong></span> <span class='ocrx_word' id='word_1_179' title='bbox 168 2785 365 2875; x_wconf 80' lang='grc' dir='ltr'><strong><em>ὀφθαλμούς</em></strong></span> <span class='ocrx_word' id='word_1_180' title='bbox 381 2785 585 2876; x_wconf 76' lang='grc' dir='ltr'><strong><em>ἀφῃρήμεθα</em></strong></span> <span class='ocrx_word' id='word_1_181' title='bbox 602 2788 656 2855; x_wconf 80' lang='grc' dir='ltr'><strong><em>καὶ</em></strong></span> <span class='ocrx_word' id='word_1_182' title='bbox 677 2784 734 2865; x_wconf 76' lang='grc' dir='ltr'><strong><em>τὰς</em></strong></span> <span class='ocrx_word' id='word_1_183' title='bbox 750 2789 844 2874; x_wconf 78' lang='grc' dir='ltr'><strong><em>ῥῖνας</em></strong></span> <span class='ocrx_word' id='word_1_184' title='bbox 857 2783 1067 2870; x_wconf 77' lang='grc' dir='ltr'><strong><em>ἀποσεσιμώ-</em></strong></span> 
     </span>
     <span class='ocr_line' id='line_1_26' title="bbox 3 2881 1067 2971; baseline 0 -19"><span class='ocrx_word' id='word_1_185' title='bbox 3 2920 4 2923; x_wconf 43' lang='grc'><strong>“</strong></span> <span class='ocrx_word' id='word_1_186' title='bbox 66 2896 166 2971; x_wconf 90' lang='grc' dir='ltr'><strong><em>μεθα.</em></strong></span> <span class='ocrx_word' id='word_1_187' title='bbox 200 2882 217 2952; x_wconf 84' lang='grc' dir='ltr'>ὁ</span> <span class='ocrx_word' id='word_1_188' title='bbox 240 2886 276 2953; x_wconf 78' lang='grc' dir='ltr'><strong><em>δὲ</em></strong></span> <span class='ocrx_word' id='word_1_189' title='bbox 289 2887 394 2971; x_wconf 90' lang='grc' dir='ltr'><strong><em>τάφος</em></strong></span> <span class='ocrx_word' id='word_1_190' title='bbox 417 2888 519 2954; x_wconf 79' lang='grc' dir='ltr'><strong><em>καλοί</em></strong></span> <span class='ocrx_word' id='word_1_191' title='bbox 536 2893 725 2963; x_wconf 80' lang='grc' dir='ltr'><strong><em>πολυτελεῖς</em></strong></span> <span class='ocrx_word' id='word_1_192' title='bbox 738 2889 858 2951; x_wconf 79' lang='grc' dir='ltr'><strong><em>ἐκείνοι</em></strong></span> <span class='ocrx_word' id='word_1_193' title='bbox 876 2892 967 2952; x_wconf 91' lang='grc' dir='ltr'><strong><em>λίθοι</em></strong></span> <span class='ocrx_word' id='word_1_194' title='bbox 976 2881 1067 2952; x_wconf 78' lang='grc' dir='ltr'><strong><em>Ἀλι-</em></strong></span> 
     </span>
     <span class='ocr_line' id='line_1_27' title="bbox 65 2983 1066 3070; baseline -0.002 -19"><span class='ocrx_word' id='word_1_195' title='bbox 65 2990 290 3069; x_wconf 85' lang='grc' dir='ltr'><strong><em>καρνασσεῦσι</em></strong></span> <span class='ocrx_word' id='word_1_196' title='bbox 306 2987 367 3070; x_wconf 80' lang='grc' dir='ltr'><strong><em>μὲν</em></strong></span> <span class='ocrx_word' id='word_1_197' title='bbox 382 2993 460 3062; x_wconf 87' lang='grc' dir='ltr'><strong><em>ίσως</em></strong></span> <span class='ocrx_word' id='word_1_198' title='bbox 474 2983 540 3051; x_wconf 86' lang='grc' dir='ltr'><strong><em>εἷεν</em></strong></span> <span class='ocrx_word' id='word_1_199' title='bbox 551 2987 803 3052; x_wconf 78' lang='grc' dir='ltr'><strong><em>ἐπιδείκνυσθαι</em></strong></span> <span class='ocrx_word' id='word_1_200' title='bbox 817 2984 871 3051; x_wconf 81' lang='grc' dir='ltr'><strong><em>καὶ</em></strong></span> <span class='ocrx_word' id='word_1_201' title='bbox 884 2992 1066 3068; x_wconf 82' lang='grc' dir='ltr'><strong><em>φιλοτιμεῖ-</em></strong></span> 
     </span>
     <span class='ocr_line' id='line_1_28' title="bbox 65 3078 1066 3168; baseline -0.003 -19"><span class='ocrx_word' id='word_1_202' title='bbox 65 3078 250 3167; x_wconf 84' lang='grc' dir='ltr'><strong><em>σθαιπρός</em></strong></span> <span class='ocrx_word' id='word_1_203' title='bbox 268 3079 347 3159; x_wconf 84' lang='grc' dir='ltr'><strong><em>τούς</em></strong></span> <span class='ocrx_word' id='word_1_204' title='bbox 361 3086 492 3162; x_wconf 87' lang='grc' dir='ltr'><strong><em>ξένους,</em></strong></span> <span class='ocrx_word' id='word_1_205' title='bbox 517 3080 560 3160; x_wconf 83' lang='grc' dir='ltr'><strong><em>ὡς</em></strong></span> <span class='ocrx_word' id='word_1_206' title='bbox 575 3081 616 3168; x_wconf 76' lang='grc' dir='ltr'><strong><em>δή</em></strong></span> <span class='ocrx_word' id='word_1_207' title='bbox 629 3108 661 3147; x_wconf 89' lang='grc' dir='ltr'><strong><em>τι</em></strong></span> <span class='ocrx_word' id='word_1_208' title='bbox 684 3084 766 3166; x_wconf 88' lang='grc' dir='ltr'><strong><em>μέγα</em></strong></span> <span class='ocrx_word' id='word_1_209' title='bbox 783 3080 986 3165; x_wconf 79' lang='grc' dir='ltr'><strong><em>οίκοδόμημα</em></strong></span> <span class='ocrx_word' id='word_1_210' title='bbox 1004 3078 1066 3147; x_wconf 89' lang='grc' dir='ltr'><strong><em>αύ-</em></strong></span> 
     </span>
     <span class='ocr_line' id='line_1_29' title="bbox 64 3173 1067 3268; baseline -0.003 -21"><span class='ocrx_word' id='word_1_211' title='bbox 64 3194 134 3258; x_wconf 83' lang='grc' dir='ltr'><strong><em>τοῑς</em></strong></span> <span class='ocrx_word' id='word_1_212' title='bbox 150 3181 234 3247; x_wconf 89' lang='grc' dir='ltr'><strong><em>ε’στι·</em></strong></span> <span class='ocrx_word' id='word_1_213' title='bbox 265 3178 309 3247; x_wconf 85' lang='grc' dir='ltr'><strong><em>σύ</em></strong></span> <span class='ocrx_word' id='word_1_214' title='bbox 324 3183 375 3264; x_wconf 79' lang='grc' dir='ltr'><strong><em>δέ,</em></strong></span> <span class='ocrx_word' id='word_1_215' title='bbox 403 3173 605 3268; x_wconf 78' lang='grc' dir='ltr'><strong><em>ἀβέλτιστε,</em></strong></span> <span class='ocrx_word' id='word_1_216' title='bbox 632 3176 693 3265; x_wconf 87' lang='grc' dir='ltr'><strong><em>ούχ</em></strong></span> <span class='ocrx_word' id='word_1_217' title='bbox 714 3176 780 3260; x_wconf 79' lang='grc' dir='ltr'><strong><em>ὁρῶ</em></strong></span> <span class='ocrx_word' id='word_1_218' title='bbox 801 3174 820 3244; x_wconf 85' lang='grc' dir='ltr'>ὅ</span> <span class='ocrx_word' id='word_1_219' title='bbox 840 3204 871 3244; x_wconf 92' lang='grc' dir='ltr'><strong><em>τι</em></strong></span> <span class='ocrx_word' id='word_1_220' title='bbox 888 3175 1067 3254; x_wconf 80' lang='grc' dir='ltr'><strong><em>ἀπολαύεις</em></strong></span> 
     </span>
     <span class='ocr_line' id='line_1_30' title="bbox 63 3271 1066 3366; baseline -0.004 -22"><span class='ocrx_word' id='word_1_221' title='bbox 63 3273 186 3363; x_wconf 81' lang='grc' dir='ltr'><strong><em>αὐτοῦ,</em></strong></span> <span class='ocrx_word' id='word_1_222' title='bbox 204 3275 290 3364; x_wconf 78' lang='grc' dir='ltr'><strong><em>πλὴν</em></strong></span> <span class='ocrx_word' id='word_1_223' title='bbox 302 3284 332 3346; x_wconf 88' lang='grc' dir='ltr'><strong><em>εί</em></strong></span> <span class='ocrx_word' id='word_1_224' title='bbox 340 3276 386 3366; x_wconf 80' lang='grc' dir='ltr'><strong><em>μὴ</em></strong></span> <span class='ocrx_word' id='word_1_225' title='bbox 397 3286 494 3346; x_wconf 88' lang='grc' dir='ltr'><strong><em>τοῦτο</em></strong></span> <span class='ocrx_word' id='word_1_226' title='bbox 509 3304 591 3364; x_wconf 89' lang='grc' dir='ltr'><strong><em>φης,</em></strong></span> <span class='ocrx_word' id='word_1_227' title='bbox 608 3275 658 3344; x_wconf 85' lang='grc' dir='ltr'><strong><em>ὅτι</em></strong></span> <span class='ocrx_word' id='word_1_228' title='bbox 673 3283 800 3363; x_wconf 84' lang='grc' dir='ltr'><strong><em>μᾶλλον</em></strong></span> <span class='ocrx_word' id='word_1_229' title='bbox 809 3271 903 3362; x_wconf 79' lang='grc' dir='ltr'><strong><em>ἡμῶν</em></strong></span> <span class='ocrx_word' id='word_1_230' title='bbox 915 3272 1066 3360; x_wconf 87' lang='grc' dir='ltr'><strong><em>ἀχθοφο-</em></strong></span> 
     </span>
    </p>
   </div>
   <div class='ocr_carea' id='block_1_5' title="bbox 62 3371 930 3524">
    <p class='ocr_par' dir='ltr' id='par_1_7' title="bbox 62 3371 930 3524">
     <span class='ocr_line' id='line_1_31' title="bbox 62 3371 930 3524; baseline 0.001 -82"><span class='ocrx_word' id='word_1_231' title='bbox 62 3389 133 3456; x_wconf 82' lang='grc' dir='ltr'><strong><em>ρεῖς</em></strong></span> <span class='ocrx_word' id='word_1_232' title='bbox 148 3371 214 3441; x_wconf 84' lang='grc' dir='ltr'><strong><em>ὑπὸ</em></strong></span> <span class='ocrx_word' id='word_1_233' title='bbox 230 3376 437 3461; x_wconf 86' lang='grc' dir='ltr'><strong><em>τηλικούτοις</em></strong></span> <span class='ocrx_word' id='word_1_234' title='bbox 452 3384 559 3456; x_wconf 86' lang='grc' dir='ltr'><strong><em>λίθοις</em></strong></span> <span class='ocrx_word' id='word_1_235' title='bbox 574 3375 776 3462; x_wconf 80' lang='grc' dir='ltr'><strong><em>πιεζόμενος.</em></strong></span> <span class='ocrx_word' id='word_1_236' title='bbox 863 3461 930 3524; x_wconf 55' lang='lat'><strong><em>12*</em></strong></span> 
     </span>
    </p>
   </div>
   <div class='ocr_carea' id='block_1_6' title="bbox 0 0 1280 3825">
    <p class='ocr_par' dir='ltr' id='par_1_8' title="bbox 0 0 1280 3825">
     <span class='ocr_line' id='line_1_32' title="bbox 0 0 1280 3825; baseline 0 3"><span class='ocrx_word' id='word_1_237' title='bbox 0 0 1280 3825; x_wconf 95' lang='lat' dir='ltr'><strong><em> </em></strong></span> 
     </span>
    </p>
   </div>
  </div>
 </body>
</html>
