2550 3825
432 177 558 235 ΒΙΩΝ
577 178 770 239 ΠΡΑΣΙΣ.
928 208 929 211 “
1040 171 1102 236 237

101 359 183 402 πινα
199 335 373 422 πρήγματα
384 332 498 421 ἀιζυρά
510 338 565 402 καὶ
577 338 774 419 δακρυώδεα
791 341 845 405 καὶ
858 335 959 404 οὐδὲν
975 331 1103 402 αὐτέων

102 432 122 501 ὅ
136 461 166 501 τι
183 430 227 520 μὴ
243 436 429 521 ἐπικήριον·
450 441 496 524 τῷ
514 431 553 519 δὴ
570 439 721 519 οἰκτείρω
737 460 772 503 τε
788 440 892 523 σφέας
907 439 961 503 καὶ
979 432 1103 516 ὀδύρο-

101 560 176 619 μαι,
192 536 247 601 καὶ
259 531 300 601 τά
312 534 373 620 μὲν
388 533 554 617 παρεόντα
572 531 613 599 ού
626 535 733 599 δοκέω
748 533 891 620 μεγάλα,
906 532 946 601 τά
958 534 994 601 δὲ
1004 530 1102 598 ὑστέ-
1120 550 1170 603 554

103 658 151 722 ρςο
165 636 277 724 χρόνῳ
298 634 438 720 ἐσόμενα
453 633 590 719 πάμπαν
609 630 750 717 ἀνιηρά,
771 635 857 718 λέγω
874 634 910 701 δὲ
926 629 984 709 τὰς
1001 633 1104 697 ἐκπν-

105 732 226 813 ρύσιας
240 736 295 801 καὶ
309 731 369 819 τὴν
379 740 440 800 τοῦ
451 730 533 801 ὅλον
543 732 738 817 συμφορήν·
761 738 864 799 ταῦτα
876 729 1038 816 ὀδύρομαι
1049 730 1104 794 καὶ

103 830 153 898 ὅτι
171 835 315 916 ἔμπεδον
332 829 449 915 οὐδέν,
466 830 549 900 ἀλλά
566 856 632 909 κως
649 832 682 907 ές
700 837 852 898 κυκεῶνα
866 830 975 897 πάντα
989 850 1104 895 συνει-

103 932 234 998 λέονται
248 937 307 997 καί
319 933 388 998 ἐστι
401 927 506 996 τάυτὸ
518 932 630 1013 τέρψις
644 926 797 1014 ἀτερψίη,
812 936 937 1013 γνῶσις
946 925 1103 1012 ἀγνωσίη,

104 1032 188 1113 μέγα
199 1029 337 1114 μικρόν,
351 1026 422 1094 ἀνω
436 1027 525 1094 κάτω
536 1029 779 1113 περιχωρέοντα
789 1030 844 1096 καὶ
855 1025 1056 1115 ἀμειβόμενα
1067 1027 1104 1091 ἐν

103 1133 143 1213 τῇ
156 1133 217 1193 τοῦ
232 1132 353 1205 αἰῶνος
367 1130 490 1215 παιδιῇ.

189 1328 320 1390 ΗΡΑΚ.
342 1329 426 1399 Παῖς
441 1328 578 1407 παίζων,
595 1321 766 1388 πεσσεύων
775 1321 1050 1407 ,διαφερόμενος

189 1427 288 1488 Am.
314 1426 356 1488 Τί
367 1423 421 1488 δαὶ
435 1446 467 1487 οι
459 1419 673 1506 ἀνθρωποι;

189 1525 323 1589 ΗΡΑΚ.
346 1521 423 1588 Θεοὶ
436 1526 565 1605 θνητοί.

190 1623 289 1687 ΑΓΘ.
314 1624 356 1684 Τι
366 1619 420 1684 δαὶ
436 1622 471 1685 οί
480 1623 573 1697 δεοί;

191 1723 324 1787 ΗΡΑΚ.
337 1714 529 1801 Ἄνθρωποι
544 1713 717 1783 ἀδύνατοι.

192 1822 291 1886 ΑΓΘ.
315 1821 499 1900 Αἰνίγματα
514 1818 636 1900 λέγεις,
655 1806 806 1901 ύούτος,
828 1810 850 1902 ἢ
865 1823 1006 1902 γρίφους
1022 1836 1106 1884 συν-

107 1922 219 1999 τίθης;
241 1911 383 1999 ἀτεχνῶς
396 1910 461 1999 γάρ
477 1910 587 1997 ὥσπερ
605 1910 623 1980 ὁ
639 1920 758 1995 Λοξίας
775 1912 873 1984 οὐδὲν
887 1915 1076 2003 ἀποσαφεῖς.

190 2019 324 2081 ΗΡΑΚ.
350 2008 460 2079 Οὐδὲν
477 2011 540 2096 γάρ
558 2038 613 2097 μοι
628 2016 718 2097 μέλει
733 2012 853 2099 ὑμέων.
1173 2051 1191 2084 o

192 2117 292 2177 ΑΓΘ.
319 2116 507 2193 Τοιγαροῦν
517 2108 595 2175 ούδδ
608 2108 772 2196 ωνήσεταί
780 2113 819 2178 σέ
827 2139 875 2188 τις
887 2106 925 2178 εὖ
937 2121 1084 2197 φρονῶν.
1209 2122 1214 2134 ’

192 2214 323 2276 ΗΡΑΚ.
348 2204 428 2292 Ἐγω
453 2207 489 2273 δὲ
515 2210 651 2291 κέλομαι
672 2217 774 2275 πᾶσιν
794 2206 921 2296 ἡβηδὸν
945 2211 1045 2294 οίζμοά
1029 2217 1106 2297 ζειν,

108 2321 213 2374 τοῖσιν
228 2304 441 2391 ωνεομένοισι
456 2307 511 2372 καὶ
526 2319 632 2371 τοῖσιν
648 2304 710 2373 οάκ
726 2302 946 2392 ὠνεομένοισι.

195 2412 291 2474 ΑΓΟ.
308 2408 431 2471 Τοντοι
438 2429 474 2469 το
484 2429 589 2470 κακον
601 2429 642 2470 ου
652 2429 767 2488 πορρω
778 2411 990 2516 μελαγχολίας
1001 2407 1104 2472 ἐστίν
1125 2423 1175 2474 555

109 2503 287 2589 οὐδέτερον
300 2503 336 2570 δε
351 2508 454 2587 ἔγωγε
469 2499 580 2568 αὐτῶν
596 2500 773 2588 ὠνήσομαι.

193 2609 296 2672 EPM.
312 2600 470 2684 Ἆπρατοι
485 2591 598 2667 καὶ
555 2625 648 2666 ουτοι
664 2603 833 2686 μενοῦσιν

192 2708 317 2769 ΖΕΥΣ.
330 2695 488 2767 ’Ἁλλον’
469 2698 683 2784 αποκήρυττε.

194 2803 243 2866 15.
264 2805 367 2866 ΕΡΜ.
391 2797 511 2866 Βούλει
525 2795 586 2864 τὸν
596 2795 777 2883 Ἀθηναῖον
791 2799 935 2884 ἐκεῖνον,
950 2795 1009 2865 τὸν
1023 2819 1108 2866 στω·

109 2898 232 2984 μύλον;

192 3003 318 3062 ΖΕΥΣ.
339 2993 438 3060 Πάνο
455 2995 516 3078 μὲν
533 2986 595 3060 ούν

193 3100 296 3160 ΕΡΜ.
324 3088 430 3175 Δεύρ’
453 3092 531 3158 ἐλθὲ
555 3091 606 3156 σύ.
640 3096 715 3177 βίον
735 3087 867 3176 ἀγαθὸν
888 3099 942 3159 καί
968 3089 1108 3159 σονετδν

110 3187 392 3276 ἀποκηρύττομεν.
413 3196 462 3267 τίς
479 3186 608 3256 ἀνεῖται
619 3185 680 3255 τόν
695 3188 888 3272 ίερύτατον;

194 3295 294 3357 ΑΙῸ.
315 3290 402 3356 Εἰπέ
414 3312 486 3372 μοι,
502 3293 536 3354 τί
548 3288 688 3372 μάλιστα
704 3283 797 3363 εἰδώς
811 3284 1000 3370 τνγχάνεις;

194 3393 349 3455 ΣΩΚΡΑ
353 3394 388 3454 Τ.
403 3385 631 3474 Παιδεραστής
647 3391 712 3471 είμι
723 3386 777 3452 καὶ
791 3380 896 3461 σοφὰς
908 3382 948 3449 τά
960 3382 1108 3470 ἐρωτικοί.
