2550 3825
190 179 235 243 24
543 183 842 243 AOTKIANOY

192 346 291 428 δῆλος
306 343 342 409 δὲ
356 336 399 430 ήν
413 343 469 411 καὶ
484 347 550 409 τω”ν
565 340 729 409 τοιούτων
746 338 964 426 κατεγνωκὼς
979 340 1187 427 φιλοσόφων,
1262 365 1263 390 ¹

193 445 228 508 οἳ
245 440 371 527 ταύτην
394 438 535 526 άσκησιν
565 438 682 524 άρετής
704 435 959 526 ὑπελάμβανον,
981 434 1026 525 ήν
1052 445 1189 517 πολλαῖς
1262 441 1263 456 ’

192 534 354 623 ἀνάγκαις
368 540 423 607 καὶ
444 538 561 616 πόνοις
581 534 662 615 τούς
685 539 783 615 νέους
807 534 956 623 ἀντέχειν
975 538 1188 623 καταγυμνά-

192 654 285 720 σωσι,
300 644 398 705 τοῦτο
415 636 478 723 μὲν
489 641 559 703 δεῖν
577 639 611 701 οί
621 635 738 703 πολλοὶ
749 635 952 719 κελεύοντες,
969 636 1064 703 άλλοι
1079 637 1186 721 δέμα-
1263 635 1264 690 Ϊ

192 740 393 821 στιγοῦντες,
414 739 447 802 οἱ
457 736 493 801 δὲ
503 737 705 820 χαριέστεροι
718 736 773 802 καί
783 734 908 824 σιδήρῳ
922 732 981 813 τάς
998 737 1190 819 ἐπιφανείας

192 831 305 901 αύτοῑν
321 833 548 912 καταξύοντες.
592 838 643 901 28.
666 830 774 917 ἡγεῖτο
789 829 854 918 γάρ
870 839 989 919 χρῆναι
1003 830 1090 901 πολύ
1104 832 1189 915 πρό-

192 956 290 1017 τερον
301 933 338 997 έν
348 944 419 1009 ταῖς
432 942 551 1016 ψυχαῖς
559 928 596 997 τό
609 927 751 1016 στερρόν
764 933 931 998 τοῦτοκαὶ
948 927 1076 1007 ἀπαθὲς
1089 956 1186 996 κατα·
1264 955 1265 964 ·

136 1036 173 1093 68
195 1027 375 1112 σκευάσαι,
397 1031 452 1096 καὶ
471 1025 533 1095 τόν
554 1026 672 1114 άριστα
694 1027 867 1095 παιδεύειν
886 1025 1091 1110 ἀνθρώπους
1106 1052 1189 1112 προ-

192 1124 396 1212 αιρούμενον
410 1132 509 1193 τοῦτο
532 1128 594 1210 μὲν
608 1133 725 1213 φυχῆς,
740 1132 838 1193 τοῦτο
854 1126 889 1192 δὲ
909 1124 1070 1211 σώματος,
1091 1132 1191 1193 τοῦτο

193 1225 229 1292 δὲ
243 1219 371 1310 ἡλικίας
389 1249 424 1295 τε
438 1227 493 1291 καί
506 1231 565 1310 τής
580 1225 744 1311 πρότερον
759 1222 890 1310 ἀγωγῆς
906 1225 1115 1310 ἐστοχάσθαι,
1134 1227 1192 1291 ἵνα

192 1319 237 1409 μὴ
260 1320 300 1389 τά
330 1322 419 1408 παραὶ
437 1322 592 1408 Ιδύναμιν
619 1323 802 1389 ἐπιτάττων
829 1324 1013 1407 ἐλέγχηται·
1045 1317 1194 1398 πολλούς

193 1429 278 1507 γοῦν
292 1423 348 1488 καὶ
363 1428 524 1488 τελευτᾶν
540 1426 686 1506 ἔφασκεν
703 1418 809 1498 οὕτως
819 1416 949 1504 ἀλόγως
959 1420 1192 1496 ἐπιταθέντας·

194 1521 254 1585 ἕνα
269 1522 304 1585 δέ
315 1520 369 1585 καὶ
381 1514 481 1595 αύτός
496 1516 596 1602 εἶδον,
609 1514 645 1595 ὃς
655 1519 710 1585 καὶ
720 1516 925 1603 γευσάμενος
937 1523 1005 1583 τόν
1019 1514 1094 1603 παρ’
1106 1520 1176 1585 έκει

194 1641 266 1695 νοις
282 1622 406 1700 κακῶν,
423 1612 534 1696 ἐπειδή
549 1613 684 1699 τάχιστα
707 1613 819 1698 λόγων
840 1610 979 1698 ἀληθῶν
993 1615 1196 1700 ἐπήκουσεν,

194 1713 431 1799 ἀμεταστρεπτί
453 1714 591 1798 φεύγων
613 1708 658 1788 ὡς
679 1708 783 1777 αὐτὸν
803 1708 941 1796 ἀφίκετο
962 1713 1017 1779 καὶ
1036 1715 1136 1797 δῆλος
1149 1703 1196 1796 ήν

194 1814 278 1901 ῥᾷον
294 1816 506 1896 διακείμενος.
551 1816 601 1878 29.
623 1808 687 1895 ήδη
701 1810 737 1875 δὲ
747 1808 877 1876 τούτων
892 1805 1037 1886 ἀποστάς
1050 1814 1118 1875 τῶν
1133 1806 1197 1875 άλ-

139 1936 176 1992 ςρ
197 1918 266 1978 λων
279 1903 381 1990 αὖθις
395 1907 589 1994 ἀνθρώπων
604 1910 764 1995 ἐμέμνητο
776 1910 832 1976 καί
845 1905 904 1987 τάς
918 1911 955 1977 ἐν
968 1917 1009 1996 τῇ
1022 1907 1118 1976 πόλει
1133 1935 1176 1975 τα
1189 1948 1198 1958 ·

196 2005 297 2095 ραχάς
320 2009 438 2096 διεξῄει
460 2010 515 2075 καί
537 2004 597 2074 τόν
622 2003 775 2090 ὠθισμόν
797 2004 910 2072 αὐτῶν
929 2007 984 2074 καὶ
1003 2002 1043 2073 τά
1065 2010 1195 2088 θέατρα

194 2108 250 2174 καὶ
264 2104 325 2174 τόν
338 2105 549 2192 ἱππόδρομον
563 2109 618 2172 καί
627 2103 686 2183 τάς
700 2112 768 2171 τῶν
781 2101 926 2191 ἡνιόχων
942 2105 1073 2184 εἰκόνας
1084 2106 1140 2174 καί
1152 2104 1197 2172 τά

195 2210 263 2271 τῶν
285 2208 398 2271 ἳππων
425 2201 572 2290 ὀνόματα
598 2205 654 2270 καὶ
675 2200 754 2282 τούς
771 2206 808 2270 ἐν
829 2218 897 2282 τοῖς
917 2218 1097 2282 στενωποῖς
1117 2205 1199 2288 περὶ

195 2302 325 2370 τούτων
341 2302 534 2388 διαλόγους·
556 2300 662 2388 πολλή
678 2301 743 2387 γάρ
765 2301 808 2382 ὡς
824 2300 992 2391 ἀληθωςὴ
1008 2309 1198 2389 ἱππομανία

195 2404 250 2471 καὶ
266 2408 400 2470 πολλῶν
413 2401 476 2489 ήδη
488 2406 682 2469 σπουδαίων
693 2400 777 2470 εἶναι
789 2403 981 2470 δοκούντων
992 2405 1197 2488 ἐπείληπται.

195 2505 246 2569 30.
268 2500 349 2588 μετά
370 2502 528 2569 δὲταῦτα
553 2503 668 2585 ἑτέρου
688 2502 853 2587 δράματος
877 2501 996 2588 ἥπτετο
1021 2508 1089 2568 των
1109 2500 1201 2588 ἀμφὶ

194 2595 257 2683 τήν
272 2606 411 2666 νεκυίαν
431 2600 536 2666 τεκαὶ
551 2599 716 2684 διαθήκας
738 2604 1029 2687 καλινδουμένων,
1056 2621 1201 2685 προστι·

196 2698 270 2775 θεὶς
294 2696 346 2765 ότι
368 2704 448 2782 μίαν
465 2696 588 2785 φωνήν
608 2705 641 2766 οί
656 2698 821 2787 Ῥωμαίων
842 2707 957 2780 παῖδες
983 2699 1094 2788 ἀληθῆ
1117 2701 1199 2790 παρ’

140 2771 176 2912 Ῐῗ
197 2793 277 2862 ὅλον
292 2792 352 2862 τόν
366 2800 442 2881 βίον
463 2802 644 2882 προΐενται,
664 2796 726 2885 τήν
742 2801 778 2866 έν
797 2814 867 2878 ταῖς
885 2800 1060 2886 διαθήκαις
1075 2804 1202 2887 λέγων,

140 2942 175 3000 72
196 2897 252 2961 ἵνα
263 2891 307 2980 μή
323 2891 537 2961 ἀπολαύσωσι
546 2902 604 2980 της
618 2902 779 2983 σφετέρας
790 2895 956 2986 ἀληθείας.
979 2896 1001 2971 ά
1016 2901 1051 2966 δὲ
1067 2901 1123 2967 καί
1134 2925 1206 2984 με-

195 2990 277 3072 ταξύ
288 2995 441 3078 λέγοντος
453 2990 557 3061 αύτοῦ
571 3001 675 3079 γελᾶν
688 2996 875 3082 προήχθην,
893 2995 944 3064 ότι
960 3000 1015 3064 καὶ
1029 3017 1206 3082 συγκατο-

196 3092 330 3176 ρύττειν
343 3094 471 3170 ἑαυτοῖς
482 3089 612 3171 ἀξιοῦσι
622 3090 682 3171 τάς
692 3092 838 3179 ἀμαθίας
848 3096 903 3162 καὶ
915 3091 977 3181 τήν
988 3092 1207 3180 ἀναλγησίαν

196 3193 367 3278 ἔγγραφον
384 3187 625 3276 ὁμολογοῦσιν,
649 3195 683 3258 οί
698 3193 759 3276 μὲν
777 3194 920 3278 έσθήτας
935 3195 1062 3270 ἑαυτοῖς
1076 3195 1208 3260 κελεύ-

196 3313 290 3367 οντες
304 3292 657 3375 συγκαταφλέγεσθαι,
683 3293 717 3356 οί
738 3288 773 3356 δ’
796 3289 877 3359 ἀλλο
897 3298 1013 3358 τιτῶν
1026 3286 1115 3376 παρὰ
1133 3290 1209 3361 τόν

199 3393 272 3457 δίον
285 3394 413 3460 τιιιίων.
430 3389 464 3455 oc
477 3388 513 3456 δὲ
524 3388 577 3455 καλ
591 3390 796 3470 παραμένειν
809 3386 902 3458 τινάς
918 3393 1044 3464 οίκέτας
1057 3402 1124 3466 τοῖς
1135 3393 1196 3458 τά·
