2550 3825
436 162 710 222 ΕΝΤΠΝΙΟΝ.
1053 158 1074 224 7

86 321 227 406 καθάπερ
240 318 257 388 ὁ
270 320 492 408 Τριπτόλεμος
502 318 715 405 ἀποσπείρων
725 348 756 388 τι
767 325 800 399 ἐς
810 348 872 408 την
882 329 956 408 γῆν.
976 319 1075 389 οόκέψ

85 446 112 486 τι
134 421 242 505 μέντοι
263 420 446 505 μέμνημαι,
472 416 492 483 ὅ
514 416 603 485 τιτὸ
629 419 850 504 σπειρόμενον
872 422 1002 505 [έκεῖνο]
1017 412 1072 506 ῆν,

85 515 163 604 πλήν
177 524 275 584 τοῦτο
295 515 420 602 μόνον,
442 515 492 583 ότι
513 516 669 585 κάτωθεν
683 515 876 603 ἀφορῶντες
898 517 1075 602 ἅνθρωποι

85 616 222 704 ἐπῄνουν
236 615 290 683 καί
303 612 369 700 μετ’
381 612 545 701 εὐφημίας
561 612 641 682 καθ’
655 613 714 693 οῦς
725 623 884 702 γενοίμην
898 624 938 705 τῆ
948 616 1074 703 πτήσει,

84 718 299 800 παρέπεμπον.
344 719 392 782 16.
416 717 546 793 δείξασα
569 719 607 782 δέ
624 741 681 800 μοι
695 712 735 781 τοὶ
749 722 893 782 τοσαῦτα
907 711 990 800 κάμὲ
1006 729 1074 793 τοῖς

83 819 271 881 ἐπαινοῦσιν
285 814 423 891 ἐκείνοις
434 814 642 900 ἐπανήγαγεν
653 806 753 893 αὖθις
765 812 874 881 οὐκέτι
890 811 952 899 τήν
968 815 1072 898 ἐσθῆ-
1092 820 1126 873 ²1

84 938 119 978 τα
134 913 263 995 ἐκείνην
274 911 485 996 ἐνδεδυκότα,
502 910 544 998 ῆν
556 911 645 997 εἶχον
655 909 893 998 ἀφιπτάμενος,
910 910 984 980 ἀλλ’
1001 913 1074 997 ἐμοὶ

83 1009 218 1078 ἐδόκουν
242 1006 437 1094 εὐπάρυφός
465 1036 513 1089 τις
540 1012 727 1097 ἐπανήκειν.
756 1019 988 1098 καταλαβοῦσα
1009 1003 1075 1078 οὖν

14 1188 15 1193 ¹
82 1105 204 1175 καὶτὸν
220 1108 344 1194 πατέρα
359 1108 480 1176 ἑστῶτα
497 1111 551 1176 καὶ
568 1112 787 1195 περιμένοντα
798 1112 969 1179 ἐδείκνυεν
983 1104 1074 1198 αὐτῷ
1167 1181 1170 1186 ,

82 1211 208 1291 ἐκείνην
226 1202 288 1290 τὴν
308 1208 432 1291 ε’σθῆτα
453 1203 552 1293 κάμέ,
575 1202 644 1285 οἷος
657 1205 789 1294 ήκοιμι,
805 1215 864 1276 καί
874 1235 906 1275 τι
922 1209 977 1276 καὶ
991 1206 1075 1276 ὑπέ-

83 1323 214 1391 μνησεν,
233 1300 285 1370 οἷα
302 1313 423 1390 μικροῦ
435 1310 506 1373 δεῖν
517 1306 592 1391 περὶ
604 1307 687 1389 ἐμοῦ
702 1305 953 1391 ἐβουλεύσαντο.
971 1312 1075 1373 ταῦτα

82 1407 244 1490 μέμνημαι
261 1401 344 1471 ίδων
358 1401 509 1483 ἀντίπαις
526 1412 573 1473 ἔτι
588 1401 646 1489 div,
664 1406 735 1489 ἐμοὶ
746 1409 845 1488 δοκεῖ,
863 1406 1076 1491 ἐκταραχθεὶς

83 1500 162 1586 πρὸς
178 1499 239 1569 τόν
254 1510 321 1569 τῦν
335 1510 472 1588 πληγῶν
487 1504 604 1590 φόβον.
651 1506 700 1571 17.
723 1500 844 1588 μεταξὺ
859 1503 1075 1587 δέλέγοντος,
1166 1539 1170 1545 ·

78 1601 255 1723 Ἡράκλεις,
273 1608 336 1687 ἔφη
352 1628 411 1686 τις,
428 1599 471 1679 ὡς
488 1599 618 1688 μακρόν
640 1627 676 1667 το
665 1598 854 1669 ένῦπνιον
875 1628 930 1669 και
918 1605 1077 1669 δικανι-

82 1703 152 1770 κόν.
175 1697 228 1768 εἶτ’
246 1698 345 1779 ἄλλος
363 1698 562 1785 ὑπέκρουσε,
576 1698 808 1785 Χειμερινός”
788 1727 927 1788 ονειρος,
944 1700 999 1769 ὅτε
1013 1700 1079 1787 μῆ-

82 1805 192 1868 κισταί
207 1804 291 1867 είσιν
308 1802 344 1865 αί
358 1798 485 1885 νύκτες,
501 1796 523 1886 ή
537 1800 619 1884 τόχα
636 1824 702 1866 που
716 1805 917 1886 τριέσπερος,
936 1794 1077 1885 ὥσπερο

14 1896 15 1926 ἐ
77 1896 249 1983 Ἡρακλῆς,
272 1899 326 1965 καὶ
349 1895 448 1977 αὐτός
464 1901 541 1967 ἐστι.
565 1894 645 1967 τίδ’
665 1890 728 1964 οῦν
750 1895 951 1984 ἐπῆλθεν’
910 1925 1000 1986 αυτφ
989 1906 1076 1985 λη-

81 2005 179 2084 ρῆσαι
193 2002 296 2063 ταῦτα
310 1993 394 2078 πρός
410 1993 563 2084 ἡμᾶςκαὶ
579 2004 770 2084 μνησθῆναι
786 2005 939 2084 παιδικῆς
955 1996 1077 2076 νυκτός
1097 2008 1134 2060 22

80 2099 134 2164 καὶ
150 2092 292 2178 ὀνείρων
309 2104 460 2164 παλαιῶν
469 2099 525 2165 καὶ
537 2094 622 2182 [ἤδη]
637 2097 886 2182 γεγηρακότων;
903 2100 1004 2176 ἕωλος
1015 2093 1079 2181 γαρ

79 2193 98 2281 ή
110 2199 334 2279 ψυχρολογία·
349 2194 393 2279 μῆ
401 2191 541 2279 ὀνείρων
552 2193 734 2279 ῦποκριτός
746 2223 837 2274 τινας
847 2194 932 2283 ἡμᾶς
942 2194 1081 2280 ὑπείλη-

78 2319 164 2380 φεν;
187 2289 270 2375 Οὔκ,
288 2285 417 2378 ιόγαθέ
439 2290 517 2361 οὐδὲ
541 2293 604 2379 γὰρ
627 2293 822 2380 ὁΞενοφῶν
842 2320 921 2362 ποτε
942 2293 1081 2381 διηγοῦ·

78 2418 181 2479 μενος
198 2389 234 2458 τό
251 2391 430 2476 ένόπνιον,
454 2389 498 2470 ὡς
515 2393 622 2460 ἐδόκει
636 2391 726 2482 αὐτῷ
741 2399 895 2460 καίεσθαι
909 2390 929 2478 ῆ
944 2392 1082 2481 πατρῴα

76 2498 169 2560 οἰκία
196 2492 252 2558 καὶ
274 2488 315 2557 τό
340 2488 433 2577 ἄλλα,
450 2533 492 2542 -
508 2501 577 2559 ίστε
600 2493 665 2577 γάρ
678 2532 722 2541 -
737 2489 797 2576 οὐχ
820 2488 1000 2575 ὑπόκρισιν
1019 2487 1081 2575 τῆν

77 2591 162 2672 ὅφιν
178 2587 253 2658 οὐδ’
271 2587 314 2669 ὡς
331 2599 495 2676 φλυαρεῖν
508 2587 662 2676 ε’γνωκοδς
677 2587 761 2656 αὐτοὶ
778 2590 908 2679 διεξῄει,
922 2591 978 2657 καὶ
994 2595 1078 2656 ταῦ-
1099 2603 1134 2657 2³

75 2716 114 2757 τα
131 2692 174 2758 ἐν
191 2693 323 2779 πολέμφ
339 2692 393 2758 καὶ
408 2687 596 2774 ἀπογνώσει
613 2689 832 2775 πραγμάτων,
853 2689 1082 2776 περιεστώτων

76 2794 267 2872 πολεμίων,
294 2783 378 2855 όλλό
403 2815 435 2854 τι
451 2791 506 2855 καί
522 2788 685 2874 χρήσιμον
702 2787 786 2872 εἶχεν
802 2785 821 2874 ῆ
835 2789 993 2874 διήγησις.
1030 2793 1080 2857 18.

74 2891 131 2955 καὶ
149 2892 271 2953 τοίνυν
286 2883 376 2971 κάγοδ
400 2892 521 2952 τοῦτον
541 2884 600 2953 τόν
616 2884 750 2969 όνειρον
770 2883 851 2972 ὑμίν
873 2887 1083 2973 διηγησάμην

74 2989 214 3053 ἐκείνου
231 2987 344 3064 ἕνεκα,
367 2983 457 3062 ὅπως
474 2990 507 3053 οί
519 2990 589 3052 νέοι
605 2982 687 3068 πρὸς
709 2982 748 3051 τό
765 2992 881 3071 βελτίω
898 2986 1083 3069 τρέπωνται

73 3087 129 3153 καὶ
148 3087 305 3162 παιδείας
320 3089 467 3170 ἔχωνται,
485 3086 539 3151 καὶ
553 3085 704 3170 μάλιστα,
723 3094 757 3152 εί
762 3111 811 3163 τις
821 3082 933 3152 αὐτῶν
944 3081 1009 3152 ῦπό
1022 3108 1082 3151 πε-

72 3189 150 3263 νίας
170 3185 369 3252 ἐθελοκακεῖ
383 3186 438 3250 καὶ
449 3181 532 3268 πρὸς
543 3180 605 3268 τήν
618 3182 704 3270 ῆττω
716 3180 887 3252 όποκλίνει
903 3182 1008 3265 φῦσιν
1020 3179 1083 3249 οὐκ
1165 3211 1167 3217 ·

71 3280 205 3370 ἀγεννῆ
221 3287 446 3368 διαφθείρων·
468 3281 753 3367 ἐπιρρωσθήσεται
770 3275 809 3349 εὖ
823 3280 887 3349 οἶδ’
905 3281 955 3349 ὅτι
971 3277 1079 3349 κόκεῖι

71 3404 128 3459 νος
148 3377 305 3456 ἆκοόσας
316 3385 377 3446 τοῦ
393 3379 520 3464 μόθου,
541 3376 662 3446 ίκανδν
679 3381 785 3468 ἐαυτῷ
800 3378 1010 3464 παράδειγμα
1027 3375 1084 3463 ἐμὲ
