2550 3825
186 169 250 233 360
543 177 844 234 AOYKIANOY

188 353 289 419 σομεν
304 339 432 419 ἔχοντες
446 332 578 402 όπάλαι
593 337 777 420 ἐζητοῦμεν.
808 329 829 418 ἢ
843 338 932 412 τίνος
949 332 1013 419 γάρ
1031 330 1075 398 ἀν
1093 333 1186 398 ἕνεκα
1247 382 1248 433 ,

187 438 233 501 ἔτι
248 431 448 519 κάμνοιμεν;
1247 436 1248 449 ’

199 562 204 570 ·
270 537 320 602 38.
333 540 431 601 ΛΤΚ.
447 530 606 617 Οὐδενός,
623 542 657 601 εί
662 559 700 618 γε
712 529 842 614 εὕροιτε
854 533 908 599 καὶ
919 529 1074 616 εῦρόγτες
1086 536 1186 617 ἔχοιτε

187 632 309 698 εἰδέναι
322 628 364 709 ὡς
376 633 482 701 ἐκεῖνο
493 624 536 717 ἦν
547 629 583 698 τῦ
596 629 785 715 ἀπολωλός,
800 627 822 716 ἧ
833 630 917 710 ὅλως
928 632 1099 716 γνώριμον
1109 629 1187 718 ύμῖν

187 736 237 813 είη
254 724 290 795 τό
308 725 475 814 ἀνάθημα.
499 736 566 796 νῦν
579 733 637 815 δέ,
661 723 825 816 ἀέταῑρε,
846 738 980 812 πρῶτον
994 731 1055 814 μὲν
1069 726 1111 795 οῦ
1127 730 1186 795 δύο

188 825 271 892 είσὶν
281 829 315 893 οί
323 825 549 910 παρελθόντες
560 830 592 906 ἐς
602 827 663 895 τὸν
674 828 771 909 νεύν,
784 824 829 906 ὡς
839 825 1022 912 ἀναγκαίου
1034 824 1187 894 εἶναινῦν

186 923 302 1003 ἕτερον
317 919 433 991 αῦτοτν
447 921 487 991 τό
503 924 614 1011 φάρια
628 932 733 1012 ἔχειν,
753 921 837 993 ἀλλά
850 925 939 1010 μάλα
961 932 1080 993 πολλοί
1091 950 1187 1006 τινες,

187 1017 254 1086 εἶτα
269 1021 324 1087 καὶ
338 1019 374 1087 τό
387 1018 598 1108 ἀπολόμενον
612 1021 693 1090 αῦτό
709 1022 835 1110 ἀθηλον
846 1021 906 1089 ότι
920 1025 1001 1090 ποτέ
1009 1027 1109 1106 ἐστιν,
1125 1031 1187 1090 είτε

188 1117 290 1202 φιάλη
305 1114 387 1204 τιςῆ
403 1115 564 1207 σκύφοςῆ
573 1124 754 1206 στέφανος·
775 1119 849 1187 ὅσοι
864 1128 949 1205 γοῦν
962 1126 1077 1205 ἱερεῖς,
1092 1119 1188 1197 ἄλλος

118 1220 168 1278 781
188 1213 267 1283 ἀλλο
283 1213 367 1283 εἶναι
381 1219 517 1303 λέγουσι
534 1221 589 1287 καὶ
605 1218 684 1287 οὐδὲ
699 1221 774 1303 περὶ
787 1226 844 1305 τῆς
858 1217 940 1306 ῦλης
950 1217 1051 1305 αὐτῆς
1067 1217 1184 1305 ὁμολο
1248 1264 1253 1277 «

185 1320 323 1400 γοῦσιν,
343 1312 418 1384 ἀλλ’
435 1321 469 1384 οί
482 1319 545 1402 μὲν
558 1325 697 1402 χαλκοῦ,
716 1321 750 1384 οί
763 1317 799 1383 δὲ
814 1314 983 1402 ἀργύρου,
1008 1321 1042 1384 οί
1055 1320 1092 1383 δὲ
1106 1341 1186 1401 χρυ-

186 1418 265 1495 σοῦ,
277 1415 311 1478 οί
319 1411 355 1478 δέ
365 1417 561 1497 κασσιτέρου
573 1412 657 1481 εἶναι
669 1410 749 1482 αῦτό
761 1414 959 1499 φάσκουσιν.
982 1411 1111 1498 ἀνάγκη
1120 1419 1191 1478 τοί·
1252 1476 1253 1499 ,

185 1532 252 1572 νυν
266 1503 413 1587 ἅπαντας
428 1506 593 1578 ἀποδῦσαι
608 1509 687 1590 τοῦς
704 1510 930 1595 εἰσελθόντας,
953 1515 983 1577 εί
1001 1510 1116 1596 βούλει
1133 1507 1192 1574 εῦ-

187 1618 258 1690 ρείν
272 1602 308 1672 τό
331 1604 518 1688 ἀπολωλός·
549 1611 603 1676 καὶ
625 1607 690 1694 γάρ
707 1605 751 1676 ἀν
770 1605 859 1694 παρά
879 1615 925 1696 τῷ
946 1607 1066 1695 πράτφ
1084 1602 1193 1682 εύθῦς

188 1699 287 1788 εῦρης
297 1703 422 1789 φιάλην
433 1715 570 1792 χρυσῆν,
588 1712 634 1775 έτι
647 1708 700 1773 καί
710 1702 788 1784 τοῦς
798 1704 920 1784 ἀλλους
931 1725 983 1771 σοι
993 1702 1191 1771 ἀποδυτέον.

272 1806 374 1866 ΕΡΜ.
398 1801 465 1868 Διά
482 1810 527 1888 τί,
545 1797 571 1870 ά
587 1813 728 1884 Λυκῖνος

271 1903 370 1965 AYK.
387 1897 457 1967 ‘Du
473 1898 598 1986 ἀῦηλον
609 1907 640 1970 εί
651 1901 754 1988 φιάλη
769 1897 805 1968 τό
818 1897 1028 1983 ἀπολόμενον
1037 1889 1089 1983 ἦν.
1113 1901 1147 1963 εί
1157 1895 1194 1961 ῦὲ
1254 1921 1255 1954 ι

189 1996 354 2062 καὶτοῦτο
369 1992 436 2063 ὑπό
452 1998 589 2066 πάντων
608 1998 850 2086 ὁμολογηθείη,
872 1993 946 2065 ἀλλ’
962 1995 1034 2063 οῦτι
1053 1997 1092 2078 γε
1106 2019 1193 2080 χρυ-

187 2100 250 2179 σῆν
264 2090 406 2173 ἅπαντές
421 2119 524 2183 φασιν
541 2098 624 2169 εἶναι
642 2097 703 2186 τὴν
719 2099 861 2186 φιάλην·
886 2103 916 2165 εί
929 2096 964 2163 δὲ
979 2098 1033 2163 καὶ
1047 2096 1210 2181 μάλιστα
1254 2167 1255 2172 1

187 2193 357 2279 γνώριμον
365 2196 495 2280 γένοιτο
508 2195 552 2277 ὡς
563 2199 666 2285 φιάλη
680 2196 837 2265 ἀπόλοιτο
847 2201 964 2282 χρυσῆ,
979 2195 1033 2261 καλ
1044 2192 1086 2259 σῦ
1097 2188 1193 2273 παρά
1223 2243 1232 2257 ..

187 2300 233 2381 τῷ
250 2292 369 2384 πρύτφ
381 2292 492 2378 εὕροις
506 2296 631 2383 φιάλην
641 2302 785 2382 χρυσῆν,
803 2292 882 2361 οῦῦέ
893 2291 981 2361 οῦτοι
992 2293 1104 2379 παύση
1119 2295 1194 2358 διε-

177 2390 397 2477 -ρευνάμενος
412 2393 491 2472 τοῦς
505 2392 641 2473 ἀλλους·
669 2391 711 2460 οῦ
723 2391 789 2479 γάρ
806 2394 909 2479 θῆλύν
922 2418 989 2459 που
1004 2397 1034 2459 εί
1045 2388 1128 2476 αῦτη
1146 2384 1209 2476 ἦν,
1251 2441 1256 2462 .

187 2489 207 2576 ἡ
224 2497 284 2558 τοῦ
298 2497 393 2558 θεοῦ.
416 2487 438 2577 ἢ
455 2490 517 2560 οῦκ
533 2502 594 2561 οίει
610 2491 737 2573 πολλάς·
749 2492 870 2579 φιάλας
887 2489 971 2558 εἶναι
987 2496 1126 2576 χρυσάς;

270 2596 375 2657 ΕΡΜ.
388 2588 522 2676 Ἔγωγε.

271 2696 370 2757 AYK.
401 2691 523 2775 Δεήσει
543 2689 583 2775 θη
602 2692 654 2757 ἐπὶ
676 2688 802 2766 πάντας
821 2690 906 2756 ίέναι
923 2689 1110 2768 ἐρευνῶντα
1135 2690 1195 2753 καὶ

187 2783 227 2852 τά
242 2784 322 2869 παρ’
348 2787 473 2877 ἑκάστῳ
495 2785 676 2871 εὑρεθέντα
693 2788 801 2854 πάντα
822 2793 867 2865 είς
883 2787 985 2871 μέσον
1001 2787 1195 2853 καταθέντα

187 2882 327 2962 εἰκάζειν
338 2883 358 2951 ό
368 2910 399 2950 τι
415 2885 494 2952 ποτὲ
509 2884 620 2953 αῦτῶυ
631 2890 750 2970 πρέποι
760 2882 803 2953 ἀν
813 2896 910 2954 θετον
925 2894 1030 2973 κτῆμα
1045 2894 1193 2953 οἴεσθαι.

186 2986 236 3050 39.
256 2983 311 3048 καὶ
324 2979 389 3067 γάρ
399 2976 443 3049 αῦ
453 2980 489 3050 τό
501 2980 562 3068 τὴν
578 2983 703 3071 πολλὴν
714 2983 857 3071 ἀπορίαν
868 2984 1094 3070 παρεχόμενον
1107 2990 1198 3048 τοῦ·

187 3079 225 3148 τό
239 3082 344 3164 ἐστιν,
360 3077 410 3150 ότι
427 3083 562 3159 ἕκαστος
576 3090 643 3149 νῦν
657 3082 967 3169 ἀποδυθησομένων
978 3088 1043 3168 έχει
1057 3109 1088 3149 τι
1099 3083 1197 3148 πάν-

188 3205 266 3265 τως,
282 3176 299 3245 ὁ
316 3179 378 3265 μὲν
396 3181 547 3267 σκύφον,
563 3178 580 3248 ὁ
599 3182 634 3249 δὲ
652 3184 793 3269 φιάλην,
810 3180 827 3249 ὁ
845 3183 882 3250 δέ
897 3183 1079 3267 στέφανον,
1100 3178 1195 3247 καὶὸ

186 3278 247 3363 μέν
263 3279 299 3345 έιι
312 3286 453 3365 χαλκοῦ,
475 3276 493 3347 ὁ
511 3280 546 3346 δὲ
562 3281 597 3347 ἐκ
614 3290 758 3366 χρυσοῦ,
781 3279 799 3349 ὁ
816 3282 853 3349 δέ
870 3280 1042 3366 ἀργύρου·
1070 3284 1101 3346 εί
1116 3276 1197 3346 0έὸ

186 3379 267 3459 ἔχει,
287 3383 385 3443 τοῦτο
397 3374 433 3444 τό
445 3376 538 3461 ἱερόν
552 3380 656 3463 έστιυ,
680 3376 810 3446 ούῦέπυ
825 3383 938 3465 δῆλον.
965 3386 1055 3455 πᾶσα
1070 3383 1197 3445 τοίνυν
