2550 3825
356 190 570 248 ΕΝΑΛΙΟΙ
589 188 849 247 ΔΙΑΛΟΓΟΙ.
1048 184 1108 245 129

109 357 287 435 Τρίτωνες,
316 349 606 433 διαπορθμεύσατε
626 349 689 434 την
714 345 811 434 Λητώ
836 351 869 428 ἐς
895 345 1020 437 αὐτην·
1053 349 1108 418 καὶ

102 444 231 534 γαληνά
248 445 378 514 άπαντα
390 453 481 514 ἔστω.
505 444 565 514 τόν
577 446 744 530 δράκοντα
757 450 809 532 δέ,
828 445 864 526 ὃς
876 455 941 514 νῦν
952 451 1113 530 ἐξοιστρεῖ

104 544 210 631 αὐτὴν
228 552 361 631 φοβῶν,
378 541 418 612 τά
434 541 555 630 νεογνά
572 541 708 612 ἐπειδάν
721 552 838 633 τεχθῇ,
854 543 972 614 αὐτίκα
986 548 1109 631 μέτεισι

104 646 159 712 καὶ
174 643 351 729 τιμωρήσει
367 649 406 730 τῇ
425 649 531 728 μητρί,
554 640 597 709 σύ
613 645 649 710 δὲ
663 639 849 729 ἀπάγγελλε
863 651 908 733 τῷ
924 646 982 712 Διί
999 644 1108 711 πάντα
1124 657 1178 714 316

105 740 190 809 εἶναι
205 739 361 826 εὐτρεπῆ·
384 743 520 826 ἕστηκεν
530 737 550 826 ἡ
562 748 689 826 Δῆλος·
711 738 816 826 ἡκέτω
830 739 850 818 ἡ
865 739 962 826 Λητοδ
977 740 1042 828 ἤδη
1053 742 1107 809 καί

104 865 246 908 τικτετω.

507 984 704 992 ’.ιω-...-

585 1105 633 1167 ll.

306 1218 505 1294 ειν-σου
529 1219 623 1270 ιιιι.
641 1218 909 1272 mmm.

192 1348 219 1409 l.
242 1347 373 1419 ΞΑΝΘ.
395 1343 496 1420 Δέξαι
510 1365 565 1426 με,
584 1331 610 1406 τό
625 1338 793 1424 θάλασσα,
810 1338 904 1407 δεινά
915 1340 1109 1408 πεπονθότα

106 1442 160 1508 καὶ
175 1437 381 1526 κατάσβεσόν
395 1464 461 1524 μου
475 1433 515 1504 τά
530 1436 711 1522 τραύματα.

192 1544 290 1606 ΘΑΛ.
318 1544 359 1605 Τί
370 1543 485 1622 τοῦτο,
501 1527 528 1601 ό
543 1533 676 1615 Ξάνθες
698 1541 746 1612 τίς
761 1555 798 1603 σε
814 1538 1034 1616 κατέκαυσεν;

191 1639 321 1712 ΞΑΝΘ.
345 1631 381 1702 ‘0
395 1633 586 1719 Ἥφαιστος.
617 1628 690 1700 ἄλλ’
707 1631 975 1721 ἀπηνθράκωμαι
996 1632 1072 1712 ὅλος
1091 1632 1109 1700 ὁ

109 1740 322 1821 κακοδαίμων
335 1737 390 1802 καὶ
408 1736 475 1814 ζέω.

194 1837 293 1900 ΘΑΛ.
317 1827 383 1898 Λιά
399 1835 432 1897 τί
445 1834 503 1896 δαί
513 1847 566 1894 σοι
580 1829 636 1895 καὶ
650 1830 785 1915 ἐνέβαλε
800 1825 836 1895 τό
853 1837 938 1912 πῦρ;
1128 1850 1178 1903 317

192 1936 324 2005 ΞΑΝΘ.
349 1925 415 1995 Διά
427 1924 488 1994 τόν
501 1926 621 2012 ταύτης
636 1925 714 1995 υίὸν
723 1934 782 2013 της
795 1930 943 2008 Θέτιδος·
967 1932 1036 1997 ἐπεὶ
1047 1926 1111 2014 γάρ

109 2030 300 2117 φονεύοντα
315 2023 394 2104 τούς
409 2024 545 2112 Φρύγας
563 2025 733 2102 ἱκετεύσας
753 2024 815 2093 οὐκ
837 2032 965 2094 ἔπαυσα
980 2035 1035 2114 τῆς
1053 2025 1112 2111 όρ-

108 2133 184 2213 γῆς,
200 2121 273 2193 ἀλλ’
289 2120 356 2190 ύπό
371 2129 439 2191 τῶν
449 2129 580 2206 νεκρῶν
591 2125 770 2206 ἐνέφραττέ
781 2149 838 2209 μοι
851 2121 910 2191 τόν
924 2127 1025 2210 ῥοῦν,
1041 2126 1112 2192 ἐλε-

108 2224 191 2309 ήσας
210 2219 288 2300 τούς
303 2222 443 2299 ἀθλίους
459 2224 609 2306 ἐπῆλθον
630 2223 804 2290 ἐπικλύσαι
821 2225 965 2309 ἐθέλων,
988 2221 1032 2302 ὡς
1047 2250 1112 2308 φο-

108 2328 224 2413 βηθεὶς
237 2321 413 2408 ἀπόσχοιτο
428 2320 654 2408 πολυάνδρων.
688 2330 717 2390 2.
737 2326 885 2389 ἐνταῦθα
900 2320 917 2390 ὁ
930 2320 1112 2407 Ἥφαιστος

110 2465 148 2475 -
167 2429 259 2507 ἔτυχε
274 2420 339 2507 γάρ
355 2427 496 2506 πλησίον
509 2444 577 2487 που
593 2418 641 2487 οόν
657 2463 699 2473 -
709 2427 777 2487 πᾶν
793 2418 892 2504 όσον,
915 2418 1021 2504 οἶμαι,
1044 2425 1111 2503 πῦρ

110 2520 172 2606 εἶχε
194 2520 249 2587 καὶ
266 2516 347 2585 ὅσον
368 2520 405 2584 ἐν
426 2524 465 2606 τῇ
483 2525 587 2606 Αίτνη
606 2521 661 2586 καί
681 2527 714 2586 εί
731 2527 814 2585 ποθι
834 2516 971 2604 άλλοθι,
999 2521 1112 2604 φέρων

111 2619 236 2705 ἐπῆλθέ
253 2642 326 2702 μοι,
353 2617 408 2683 καὶ
428 2620 548 2683 ἔκαυσε
567 2616 629 2702 μὲν
654 2615 712 2696 τάς
730 2619 866 2694 πτελέας
886 2619 941 2685 καλ
960 2622 1111 2703 μυρίκας,

111 2712 241 2799 ὤπτησε
256 2714 292 2780 δὲ
303 2715 358 2779 καλ
369 2709 447 2791 τούς
458 2718 702 2800 κακοδαίμονας
715 2716 879 2799 ἰχθῦςκαί
889 2712 948 2791 τάς
963 2715 1112 2799 ἐγχέλεις,

109 2808 213 2879 αὐτὸν
236 2812 271 2878 δὲ
292 2810 347 2897 ἐμὲ
367 2807 612 2897 ὑπερκαχλάσαι
634 2812 774 2898 ποιήσας
797 2820 919 2898 μικροῦ
939 2816 1010 2879 δεῖν
1032 2810 1113 2879 ὅλον

110 2907 213 2997 ξηρόν
236 2919 413 2994 εἴργασται.
447 2906 527 2997 ὁρᾷς
548 2918 649 2996 γοῦν,
665 2908 755 2989 ὅπως
776 2911 941 2996 διάκειμαι
958 2907 1025 2977 ὑπὸ
1046 2916 1114 2975 τῶν

2 3078 4 3089 ,
109 3008 336 3094 ἐγκαυμάτων.
1130 3021 1182 3078 318

194 3112 296 3175 ΘΑΛ.
321 3106 482 3189 Θολερός,
499 3098 667 3191 οόΞάνθε,
684 3107 890 3193 καλθερμός,
907 3104 1057 3188 ὡςείκός,
1076 3099 1112 3171 ιδ

2 3214 3 3253 ³
111 3201 190 3292 αἷμα
207 3205 270 3291 μὲν
292 3201 357 3271 άπό
373 3210 441 3269 τῶν
455 3211 602 3289 νεκρῶν,
629 3201 650 3292 ἡ
671 3209 780 3290 θέρμη
801 3208 853 3287 δέ,
883 3201 926 3281 ὡς
944 3203 1024 3288 φης,
1047 3199 1114 3269 άπδ

3 3322 4 3385 j
110 3312 171 3373 τοῦ
182 3304 303 3385 πυρός·
325 3304 380 3369 καὶ
398 3302 547 3386 εἰκότως,
564 3295 591 3369 ὦ
601 3304 731 3388 Ξάνθε,
748 3302 783 3381 ὃς
797 3299 919 3372 ἐπὶτόν
935 3299 1016 3386 ἐμόν
1032 3303 1114 3368 υίω-

111 3402 172 3471 νόν
190 3401 344 3551 άρμησης
362 3399 424 3468 ούκ
439 3405 604 3481 αἰδεσθεὶς
619 3402 669 3470 ότι
685 3407 854 3488 Νηρηίδος
868 3397 940 3478 υίδς
954 3391 1007 3552 ην.

197 3513 301 3553 wem«.
331 3538 337 3550 .
