2550 3825
507 124 728 184 ΑΛΚΤΩΝὲ
1078 127 1119 190 61

119 276 251 366 ἀνδρῶν
263 277 375 367 ἡλικία
391 280 476 365 πρός
489 279 529 349 τά
540 281 644 368 νήπια
660 291 830 362 παντελῶς
842 290 967 373 βρέφη,
984 285 1024 354 τά
1035 312 1120 374 πεμ-

118 392 215 445 πταῖα
230 380 267 445 έκ
283 386 418 466 γενετῆς
430 376 453 467 ἢ
467 384 639 465 δεκαταία,
658 380 862 466 θαυμαστὴν-
874 381 960 468 όσην
976 389 1042 469 έχει
1058 383 1120 471 τὴν

118 472 283 560 διαφορὰν
300 478 476 564 δυνόμειός
488 503 524 544 τε
544 480 600 545 καὶ
613 475 799 564 ἀδυναμίας
812 483 851 546 έν
864 480 986 559 πάσαις
999 480 1119 567 σχεδόν

117 587 185 651 ταῖς
195 570 278 640 κατά
288 571 349 642 τόν
359 581 436 661 βίον
445 575 599 662 πράξεσι,
614 577 671 643 καὶ
684 574 748 643 ὅσα
758 574 813 644 διά
824 584 893 644 τῶν
902 584 1029 663 τεχνῶν
1038 578 1119 647 τού·

117 694 182 737 των
203 668 310 750 οὕτως
326 672 571 758 πολυμηχάυων
592 675 648 739 καὶ
667 670 730 740 ὅσα
747 670 802 740 διὰ
822 680 884 741 τοῦ
898 674 1049 761 σώματος
1064 677 1119 744 καί

11 784 12 787 ’
117 775 172 853 της
185 773 291 853 ψυχῆς
305 770 514 853 ἐργάζονται·
536 776 640 836 ταῦτα
656 768 722 855 γὰρ
737 784 807 849 τοῖς
823 772 927 858 νέοις,
943 770 1053 859 ὥσπερ
1071 771 1118 841 εό-

10 922 12 939 ,
117 890 197 949 πον,
225 870 369 944 παιδίοις
391 864 465 934 οὐδ’
491 872 537 945 είς
557 874 643 933 νοῦν
665 870 780 935 έλθετν
800 867 928 936 δυνατὰ
953 876 1115 956 φαίνεται.

117 972 145 1033 6.
167 966 222 1032 καλ
237 972 295 1050 τῆς
307 964 420 1050 ίσχύος
436 966 472 1035 δὲ
485 974 542 1052 τῆς
558 964 632 1044 ἑνός
647 964 770 1053 ἀνδρός
783 974 912 1037 τελείου
924 967 963 1037 τό
974 973 1116 1057 μέγεθος
1135 988 1185 1043 182

9 1076 12 1103 '
117 1061 301 1150 ἀμέτρητον
313 1061 397 1151 ὅσην
412 1070 478 1150 ἔχει
492 1062 554 1151 τὴν
569 1061 739 1151 ὑπεροχὴν
752 1065 837 1150 πρός
847 1069 974 1135 έκεῖνο·
993 1068 1117 1154 μυριό-

117 1166 175 1240 δας
188 1158 253 1247 γάρ
269 1163 513 1229 τῶντοιούτων
530 1157 576 1240 εἷς
591 1159 677 1248 ἀνὴρ
692 1161 784 1230 πάυυ
797 1162 922 1243 πολλός
932 1164 1114 1251 χειρώσαιτ’

116 1256 159 1327 ἀν
172 1263 309 1350 ῥηιδίως·
337 1258 358 1346 ἡ
374 1258 438 1347 γάρ
453 1258 564 1348 ἡλικία
580 1268 750 1339 παντελῶς
764 1258 890 1344 ἀπορος
906 1262 1016 1349 δήπου
1028 1265 1117 1330 πόν-

115 1385 181 1427 των
195 1363 251 1428 καὶ
264 1358 432 1447 ἀμήχανος
449 1363 482 1440 έξ
500 1358 601 1446 ἀρχῆς
619 1367 875 1444 παρακολουθεῖ
889 1374 957 1438 τοϊς
977 1358 1117 1447 ἀνθρώ·

116 1483 190 1537 ποις
199 1455 283 1525 κατά
294 1457 408 1543 φύσιν.
430 1456 573 1545 ὁπηνίκα
584 1450 649 1524 οὖν
660 1455 852 1539 ἄνθρωπος,
868 1453 911 1535 ὡς
922 1462 1042 1543 ἔοικεν,
1053 1456 1117 1526 ἀν-

115 1556 257 1640 θρώπου
270 1557 418 1648 τοσοότφ
432 1558 600 1642 διαφέρει,
615 1561 650 1621 τί
661 1559 850 1639 νομίσωμεν
862 1552 924 1623 τόν
939 1555 1115 1641 σύμπαντα

116 1650 264 1738 οὐρανόν
284 1651 369 1737 πρός
384 1652 441 1733 τάς
459 1652 618 1740 ἡμετέρας
639 1650 798 1736 δυνάμεις
820 1659 969 1739 φανῆναι
984 1650 1029 1721 ἀν
1047 1669 1117 1733 τοῖς

114 1748 154 1817 τᾶ
173 1757 310 1818 τοιαῦτα
329 1761 475 1836 θεωρεῖν
494 1751 764 1836 ἐφικνουμένοιςς
785 1750 936 1818 πιθανόν
956 1744 1021 1819 οόυ
1037 1761 1116 1831 ἴσως

114 1848 203 1929 δόξει
224 1857 373 1936 πολλοῖς,
400 1848 484 1936 ὅσην
505 1854 569 1935 ἔχει
595 1846 632 1916 τὸ
652 1848 795 1934 μέγεθος
820 1855 883 1916 τοῦ
903 1850 1032 1936 κόσμον
1052 1849 1116 1938 την

113 1944 282 2034 ὑπεροχὴν
290 1946 374 2031 πρὸς
382 1945 419 2016 τό
427 1943 905 2034 ΣωκράτουςῆΧαιρεφῶυτος
916 1947 1012 2034 εἶδος,
1022 1959 1116 2034 τηλι-

113 2053 237 2112 κοῦτον
247 2048 303 2113 καὶ
313 2042 375 2131 την
385 2046 530 2130 δύναμιν
540 2042 647 2112 αὐτοῦ
657 2048 713 2112 καὶ
722 2043 785 2131 τὴν
794 2044 962 2133 φρόνησιν
975 2048 1031 2114 καὶ
1041 2047 1116 2114 διά-

115 2169 210 2212 νοιαν
219 2141 388 2229 ἀνάλογον
396 2147 568 2229 διαφέρειν
575 2149 632 2230 τῆς
641 2145 716 2228 περὶ
723 2139 810 2229 ἡμᾶς
819 2146 1008 2223 διαθέσεως.
1021 2148 1051 2212 7.
1063 2149 1116 2213 σοὶ

113 2243 174 2328 μέν
188 2234 253 2311 οὖν
265 2244 321 2310 καὶ
332 2244 402 2328 ἐμοὶ
413 2245 469 2310 καὶ
483 2240 594 2321 ἀλλοις
607 2250 742 2320 πολλοῖς
754 2242 918 2321 τοιούτοις
928 2236 1004 2310 ούσι
1016 2244 1112 2311 πόλλ’

113 2337 183 2408 ἀπ’
201 2338 350 2408 ἀδύνατα
364 2347 432 2408 τῶν
446 2343 568 2425 ἑτέροις
580 2341 673 2406 πάνυ
688 2341 827 2427 ῥᾳδίου·
849 2341 919 2406 έπελ
935 2342 990 2406 καὶ
1011 2336 1116 2425 αὐλῆ-

113 2461 169 2506 σαι
184 2451 253 2516 vocs
268 2437 427 2516 ἀναύλοις
442 2439 497 2504 καὶ
514 2435 707 2522 ἀναγνῶναι
722 2433 744 2521 ἢ
758 2435 886 2521 γράψαι
903 2449 972 2514 τοῖς
986 2433 1109 2521 ἀγραφ

111 2537 228 2621 μάτοις
236 2531 467 2622 γραμματικόν
475 2534 602 2622 τρόπον
611 2531 866 2615 ἀδυνατώτερόν
876 2535 943 2600 έστι
954 2537 1044 2616 τέως,
1054 2535 1116 2613 ἕως
1134 2557 1184 2613 18³

111 2629 155 2701 ἀν
171 2625 254 2701 οἷσιν
268 2630 544 2718 ἀνεπιστήμονες,
568 2637 628 2698 τοῦ
645 2637 781 2717 ποιῆσαι
799 2645 961 2716 γυναῖκας
974 2634 1007 2712 έξ
1020 2629 1115 2718 όρυί-

110 2725 220 2816 θωνῆ
231 2726 372 2810 ὄρνιθας
382 2731 419 2796 έκ
430 2735 610 2815 γυναικῶν.
632 2725 654 2815 ἡ
667 2728 704 2795 δέ
717 2728 818 2813 φύσις
832 2731 869 2797 έν
879 2736 984 2820 κηρίφ
995 2729 1114 2815 σχεδόν

109 2827 372 2913 παραβάλλουσι
385 2831 468 2917 ζῷον
482 2825 592 2892 ἀπονν
603 2827 659 2893 καὶ
673 2824 818 2913 ἀπτερον
833 2827 938 2905 πόδας
949 2824 1114 2896 ὑποθεῖσα

109 2929 165 2994 καὶ
178 2923 377 3010 πτερύσασα
390 2931 538 3014 ποικιλίᾳ
551 2951 587 2992 τε
603 2923 818 3009 φαιδρύνασα
836 2932 942 3013 πολλῇ
960 2927 1016 2994 καὶ
1029 2933 1114 3016 καλῇ

108 3025 165 3092 καὶ
175 3025 371 3111 παντοδαπῇ
380 3021 563 3108 χρωμάτων
573 3028 727 3108 μέλιτταν
737 3020 886 3103 ἀπέδειξε
896 3021 1007 3110 σοφὴν
1015 3030 1115 3092 θείου

108 3124 240 3205 μέλιτος
255 3118 406 3206 ἐργάτιν,
422 3125 459 3189 ἔκ
473 3145 508 3187 τε
523 3118 599 3211 φῶν
612 3118 763 3207 ἀφόυων
783 3123 839 3189 καὶ
855 3119 995 3208 ἀψύχων
1007 3121 1114 3190 πολλὰ

107 3222 189 3305 γένη
207 3217 343 3285 πλάττει
362 3225 497 3305 πτηνῶν
512 3244 548 3286 τε
568 3221 623 3286 καὶ
643 3224 751 3300 πεζῶν
769 3220 824 3287 καὶ
839 3219 992 3304 ἐνύδρων
1011 3223 1112 3310 ζῴου,

108 3320 256 3401 τέχναις,
271 3311 316 3392 ὥς
330 3316 429 3402 λόγος
441 3323 561 3404 τινῶν,
579 3323 682 3402 ίεραῑς
696 3322 832 3396 amoos
847 3317 995 3403 μεγάλου
1009 3338 1112 3405 προσ-
