2550 3825
195 167 235 229 1⁶
547 169 841 228 AOYKIANOY

277 332 306 396 8.
327 332 446 395 ETAI.
486 335 596 414 Παῦε,
622 321 850 412 ὦθαυμάσιε,
864 323 986 413 μικρόν
1003 323 1191 413 ἀνακρουό-

194 451 293 512 μενος
306 428 361 493 καὶ
370 426 445 511 λέγε
462 428 494 506 ἐξ
509 424 609 513 ἀρχῆς
624 424 804 512 άναλαβόν
821 425 883 512 ἤδη
897 424 937 494 τά
954 429 1126 513 εἰρημένα·
1149 422 1193 503 ὡς

193 521 233 591 οὐ
248 531 386 611 μετρίως
400 551 440 611 με
457 523 649 605 ἀποκναίεις
666 525 845 610 περιάγων.

138 638 171 691 47
277 632 405 692 ΛΟΤΚ.
426 616 479 692 Εὖ
490 627 604 712 λέγεις,
616 626 671 692 καί
681 624 769 691 οὕτω
779 622 840 710 χρή
856 638 973 691 ποιεῖν.
987 620 1062 690 ἄλλ’
1074 624 1190 705 έκεῖνο,

194 716 356 809 όὲταῖρε,
377 722 440 808 ἤδη
460 720 637 809 τραγικοῦς
660 718 752 813 ήκαὶ
773 720 814 810 νή
831 730 898 791 Δία
912 718 1079 807 κωμικοδς
1103 720 1191 806 φαῦ-

193 832 273 901 λους
290 822 436 908 ἑόρακας
450 818 648 903 ὑποκριτάς,
672 828 740 888 τῶν
757 825 1004 907 συριττομένων
1015 824 1101 905 λέγω
1114 818 1195 885 τοάΜ

192 947 261 989 των
275 922 330 988 καὶ
345 918 613 1004 διαφθειρόντων
634 916 675 986 τὰ
693 921 858 1007 ποιήματα
872 922 927 988 καὶ
943 916 980 986 τό
1004 927 1193 987 τελευταῖον

193 1018 456 1105 ἐκβαλλομένων,
473 1022 579 1083 καίτοι
594 1023 662 1083 τῶν
677 1021 855 1104 δραμάτων
871 1019 1029 1096 πολλάκις
1044 1010 1082 1084 εὖ
1099 1015 1195 1102 έχόν·

192 1144 259 1185 των
275 1144 310 1185 τε
324 1121 378 1184 καὶ
392 1114 633 1201 νενικηκότων;

275 1223 395 1283 ΕΤΑΙ.
416 1211 569 1292 Πολλοδς
586 1213 659 1281 οἶδα
674 1216 856 1294 τοιούτους.
880 1213 964 1284 άλλά
980 1220 1014 1282 τί
1025 1220 1143 1295 τοῦτος

276 1320 408 1381 ΛΟῬΚ.
432 1316 577 1380 Δέδοικα
593 1315 639 1401 μή
655 1335 708 1381 σοι
724 1312 846 1401 μεταξῦ
858 1315 944 1394 δόξω
958 1318 1094 1399 γελοίως
1110 1308 1194 1379 αὐτὰ

193 1422 377 1499 μιμεῖσθαι,
392 1409 432 1479 τά
447 1411 509 1497 μὲν
524 1408 673 1491 ἀτάκτως
688 1420 868 1498 συνείρων,
891 1416 994 1480 ἐνίοτε
1009 1412 1046 1479 δὲ
1060 1412 1115 1477 καὶ
1133 1407 1196 1476 αῦ-

193 1511 254 1581 τὸν
265 1509 320 1579 ὑπ’
335 1509 511 1590 άσθενείας
523 1508 583 1579 τόν
593 1519 681 1580 νοῦν
692 1517 912 1600 διαφθείρων,
928 1505 1012 1601 κᾷτα
1024 1515 1197 1596 προαχθῇς

195 1609 301 1697 ήρέμα
314 1613 368 1677 καὶ
383 1606 489 1677 αὐτοῦ
502 1620 713 1697 καταγνῶναι
728 1620 789 1681 τοῦ
813 1614 987 1698 δράματος.
1010 1610 1065 1677 καὶ
1081 1604 1118 1674 τὸ
1135 1608 1196 1692 μέν

196 1711 289 1795 ἐμόν,
308 1707 349 1776 οὐ
366 1711 458 1777 πάνυ
472 1710 629 1797 ἄχθομαι,
650 1711 670 1798 ή
693 1712 729 1779 δὲ
746 1710 911 1788 ὑπόθεσις
933 1706 975 1777 οὐ
994 1713 1134 1794 μετρίως
1157 1732 1199 1790 με

142 1821 175 1873 48
196 1808 359 1894 λυπήσειν
375 1814 461 1877 ἔοικε
475 1818 746 1879 συνεκπίπτουσα
761 1811 815 1876 καὶ
829 1807 866 1875 τό
885 1805 966 1893 έμδν
980 1808 1079 1892 μέρος
1093 1802 1196 1890 άσχη-

195 1915 355 1993 μονοῦσα.
399 1915 428 1977 9.
450 1906 536 1977 τοῦτ’
558 1902 622 1978 οὖν
642 1910 716 1997 παρ’
733 1912 814 1981 όλον
829 1910 976 1998 μέμνησό
991 1936 1047 1995 μοι
1064 1904 1124 1975 τόν
1138 1908 1198 1976 λό-

196 2031 269 2092 γον,
288 2004 333 2086 ὡς
347 2004 364 2074 ὁ
380 2011 441 2094 μέν
451 2007 589 2096 ποιητής
600 2009 680 2098 ἡμῖν
694 2009 935 2078 τῶντοιούτων
948 2006 1197 2093 ἁμαρτημάτων

196 2102 387 2185 ἀνεύθυνος
407 2109 462 2176 καί
483 2116 540 2193 τῆς
562 2118 686 2196 σκηνῆς
708 2111 823 2196 πόρρω
837 2135 904 2177 που
919 2108 1075 2193 κάθηται,
1096 2103 1206 2172 οὐδὲν

196 2202 286 2295 αὐτῷ
301 2207 403 2291 μέλον
422 2214 489 2275 τῶν
513 2211 550 2275 έν
570 2208 702 2296 θεάτρῳ
721 2209 934 2295 πραγμάτων.
961 2204 1025 2292 ἐγω
1043 2203 1074 2272 δ’
1092 2208 1208 2291 ἐμαυ-

194 2310 255 2371 τοῦ
270 2325 323 2370 σοι
333 2317 452 2387 πεῖραν
469 2309 609 2392 παρέχω,
625 2305 739 2387 ὁποῖός
750 2313 798 2385 τίς
813 2317 878 2394 ελμι
893 2306 955 2392 τήν
965 2302 1099 2390 μνήμην
1110 2300 1207 2368 ὑπο-

194 2399 309 2486 κριτής
324 2400 425 2471 οὐδὲν
440 2402 583 2490 άγγέλου
593 2403 633 2472 τά
646 2404 729 2474 άλλα
743 2412 903 2491 τραγικοῦ
915 2404 1093 2488 διαφέρων.
1113 2398 1211 2470 ὥστε

197 2496 262 2567 κάν
278 2501 488 2585 ἐνδεέστερόν
506 2530 537 2569 τι
556 2506 645 2570 δοκεῖ
662 2508 782 2591 λέγειν,
808 2508 913 2573 έκεῖνο
930 2505 991 2590 μὲν
1014 2508 1096 2569 ἔστω
1111 2503 1213 2586 πρό-

195 2625 317 2685 χειρον,
335 2597 378 2677 ὡς
395 2598 534 2684 ἄμεινον
548 2594 591 2686 ήν
603 2603 657 2669 καὶ
669 2600 776 2681 άλλως
790 2600 807 2670 ὁ
820 2599 957 2688 ποιητής
969 2610 1047 2678 ἴσως
1058 2599 1192 2685 διεξῄει
1205 2626 1213 2640 ·

198 2699 254 2783 ἐμὲ
272 2700 308 2764 δέ
324 2693 389 2764 κάν
404 2701 604 2788 ἐκσυρίττῃς,
622 2697 662 2766 οῦ
677 2701 768 2768 πάνυ
784 2729 815 2767 τι
830 2701 1031 2786 λυπήσομαι.

142 2798 175 2852 ⁴⁹
284 2800 333 2862 10.
356 2804 475 2865 ΕΤΑΙ.
494 2795 552 2875 Ὡς
573 2791 613 2866 εὖ
634 2825 673 2884 γε
696 2797 738 2886 νή
753 2799 814 2868 τόν
824 2798 948 2886 Ἑρμῆν
962 2801 1018 2867 καὶ
1034 2792 1118 2864 κατά
1140 2797 1222 2866 τὸν

195 2901 264 2960 τῶν
284 2893 437 2980 ρητόρων
458 2894 564 2981 νόμον
585 2905 863 2985 πεπροοιμίασταί
880 2919 948 2965 σοι·
982 2904 1090 2972 ἔοικας
1111 2902 1223 2980 γοῦν

147 3085 149 3092 Ι
196 2990 333 3060 κάκεῑνα
348 2995 567 3080 προσθήσειν,
591 2992 635 3073 ὡς
656 2993 698 3063 δι’
718 2994 834 3081 ὀλίγου
854 3022 890 3063 τε
904 2993 983 3080 ὑμῖν
997 2990 1018 3080 ή
1034 3004 1226 3065 συνουσία

197 3094 327 3174 ἐγένετο
353 3094 406 3160 καλ
432 3089 475 3172 ὡς
492 3091 567 3161 οὐδ’
585 3093 685 3173 αὐτὸς
698 3092 790 3180 ήκεις
804 3093 887 3179 πρός
900 3090 962 3161 τόν
979 3092 1080 3176 λόγον
1093 3115 1231 3179 παρε-

197 3193 421 3276 σκευασμένος
435 3193 490 3258 καὶ
506 3189 549 3269 ὡς
564 3190 703 3278 άμεινον
716 3190 801 3278 εἶχεν
812 3190 918 3260 αὐτοῦ
928 3199 1032 3260 ταῦτα
1043 3191 1232 3279 λέγοντος

197 3281 350 3356 άκοάεινὲ
374 3311 417 3355 συ
433 3286 499 3375 γάρ
515 3287 609 3377 ὀλίγα
623 3293 678 3359 καὶ
690 3289 752 3358 ὅσα
771 3285 890 3359 οἷόντε
901 3282 956 3378 ήν,
972 3289 1158 3374 τυγχάνεις
1173 3309 1235 3388 τῇ

197 3385 309 3476 μνήμη
322 3393 639 3473 συγκεκομισμένος.
657 3386 697 3456 οὐ
714 3385 803 3456 ταῦτ’
819 3391 907 3473 έρεῑν
927 3394 1076 3474 έμελλεςς
1098 3385 1238 3470 οὐδὲν
