2550 3825
446 161 773 221 ΠΡΟΜΗΘΕΥΣ.
1067 156 1108 222 71

113 349 171 391 νυν
182 317 202 408 ἡ
214 324 334 408 μέμψις
345 319 429 408 αύτη
441 325 485 388 άν
495 323 625 408 γένοιτο
636 329 676 410 τῇ
686 319 827 412 ὑμετέρα
836 326 1004 410 ἐπιθυμίᾳ.
1018 331 1110 389 θαν-

110 421 196 508 μάζω
211 420 246 486 δὲ
261 417 351 499 ὅπως
366 417 440 506 ούχλ
452 421 508 487 καί
523 416 583 488 τόν
602 418 701 506 ἥλιον
714 420 865 489 κελεύετε
878 416 923 506 μὴ
938 421 1108 504 καταλάμ-

110 544 182 586 πειν
199 515 336 596 αύτούς·
359 523 466 585 καίτοι
479 523 547 599 πῦρ
562 519 617 584 καὶ
631 509 730 595 ούτός
745 519 812 585 ἐστι
828 526 914 586 πολυ
931 515 1109 599 θειότερόν

109 645 141 686 τε
155 620 209 684 καὶ
221 618 482 700 πυρωδέστερον.
505 611 526 701 ἢ
538 614 694 682 κάκεῑνον
705 621 856 683 αίτιάσθε
869 612 913 694 ῶς
924 622 1107 682 σπαθῶντα

8 749 9 780 ι
111 714 202 800 ὑμῶν
216 712 252 781 τὸ
271 720 391 800 κτῆμας
409 723 533 799 είρηκα.
557 709 631 798 σφῶ
645 715 685 780 δέ
690 764 700 798 ,
718 706 855 799 ῶἙρμῆ
871 716 924 780 καὶ
934 711 1105 798 Ἥφαιστε,

8 825 10 900 ζ
110 823 141 881 εί
150 839 180 879 τι
194 809 239 900 μὴ
254 819 362 891 καλῶς
376 817 529 897 είρησθαι
540 815 634 878 δοκεῖ
638 861 648 897 ,
665 812 861 880 διευθύνετε
875 813 930 879 καί
944 815 1107 892 διεξελέγ-

8 907 9 910 “
108 936 192 996 ηετε,
209 907 300 995 κάγῶ
316 903 418 988 αὖθις
433 907 691 996 ἀπολογήσομαι.

189 1016 239 1078 20.
256 1017 358 1078 EPM.
379 1006 430 1077 Ού
441 1010 569 1097 ράδιον,
583 1001 609 1074 ά
618 1004 915 1094 Προμηθεῦ,πρός
926 1005 1015 1074 οὕτω
1025 1031 1105 1093 γεν·
1123 1027 1176 1082 203

7 1109 8 1116 '
109 1121 204 1175 ναῖον
214 1104 377 1194 σοφιστὴν
388 1104 608 1193 ἁμιλλᾶσθαι·
631 1102 812 1191 πλὴνάλλά
823 1103 951 1191 ῶνησο,
966 1104 1049 1172 διότι
1060 1129 1105 1189 μη

109 1220 161 1275 καί
175 1203 193 1274 ό
204 1204 289 1285 Ζεύς
300 1214 404 1274 ταῦτα
414 1207 582 1292 ἐπήκουσέ
590 1226 669 1272 σου·
690 1197 731 1272 εὖ
739 1203 804 1292 γάρ
816 1203 905 1291 οἶδα,
917 1207 951 1286 δξ
961 1208 1017 1273 καί
1027 1205 1106 1272 δέκα

108 1311 213 1389 γῦπας
233 1299 277 1370 άν
296 1306 454 1390 ἐπέστησέ
465 1324 518 1371 σοι
538 1300 578 1370 τά
599 1308 720 1388 ἔγκατα
740 1302 989 1389 ἐξαιρήσοντας·
1017 1301 1106 1369 ούτω

109 1406 225 1479 δεινῶς
238 1398 343 1468 αὐτοῦ
360 1402 587 1488 κατηγόρηκας
603 1399 842 1487 ἀπολογεῖσθαι
857 1406 976 1468 δοκῶν.
999 1401 1107 1468 ἐκεῖνο

108 1505 145 1570 δέ
155 1529 193 1588 γε
207 1504 385 1589 θαυμάζω,
406 1501 497 1582 ὅπως
516 1503 633 1590 μάντις
649 1498 698 1569 ῶν
719 1500 760 1568 ού
773 1508 1037 1587 προεγίγνωσκες
1053 1502 1106 1567 ἐπι

107 1602 235 1679 τούτοις
250 1601 549 1688 κολασθησόμενος.

188 1707 326 1766 ΠΡΟΜ.
356 1696 575 1785 Ἠπιστάμην,
599 1691 760 1785 ῶἙρμῆ,
782 1699 953 1766 καὶταῦτα
974 1699 1036 1784 μὲν
1052 1698 1106 1765 καλ

106 1797 191 1865 διότι
202 1798 237 1866 δὲ
249 1795 505 1883 ἀπολυθήσομαι
521 1789 622 1875 αὖθις
636 1795 726 1882 οἶδα,
741 1799 795 1864 καί
806 1795 869 1884 ἤδη
880 1799 920 1883 γέ
931 1822 981 1876 τις
989 1798 1027 1864 ’ἔκ
1037 1805 1108 1882 Θη-

106 1905 176 1985 βῶν
191 1894 341 1984 άφίξεται
357 1893 414 1974 σὸς
428 1892 573 1982 άδελφός
587 1892 650 1963 οὐκ
661 1897 694 1974 ἐς
707 1892 840 1982 μακράν
856 1895 1107 1976 κατατοξεύσων

6 2010 7 2013 ’
105 1994 146 2065 ὃν
161 1993 227 2083 φὴς
242 1995 500 2081 ἐπιπετήσεσθαί
511 2020 568 2079 μοι
582 1992 644 2062 τόν
657 1991 764 2061 άετόν.

188 2100 293 2161 ΕΡΜ.
314 2098 357 2161 Ee
365 2089 429 2178 γάρ
441 2095 586 2178 γένοιτο,
602 2084 841 2178 ύΠρομηθεῦ,
856 2099 959 2159 ταῦτα
970 2092 1024 2158 καί
1034 2091 1107 2156 ἐπί·

105 2198 198 2278 δοιμί
206 2211 243 2259 σε
254 2194 453 2278 λελυμένον,
471 2193 508 2258 ἐν
518 2187 598 2277 ημῖν
610 2187 858 2277 εὐωχούμενον,
873 2188 917 2257 οῦ
925 2194 1037 2275 μέντοι
1051 2195 1107 2254 καί

104 2290 356 2376 κρεανομοῦντά
371 2316 419 2375 γε.

187 2394 238 2456 21.
260 2394 398 2455 11POM.
415 2386 555 2472 Θάρρει·
577 2390 632 2455 καί
643 2384 916 2471 συνευωχήσομαι
926 2382 1007 2469 ύμῖν
1018 2380 1107 2450 καὶὸ

104 2484 191 2565 Ζεύς
205 2486 298 2554 λύσει
313 2511 354 2572 με
369 2482 431 2552 ούκ
446 2480 520 2551 άντί
534 2490 655 2570 μικράς
668 2481 864 2568 εὐεργεσίας.

187 2592 290 2669 ΕΡΜ.
316 2590 414 2661 Τίνος
431 2583 567 2669 ταύτης;
586 2579 631 2668 μὴ
647 2579 711 2667 γάρ
726 2579 871 2669 ὀκνήσης
887 2585 1000 2648 εἰπεῖν.

186 2690 324 2750 Ποοιι.
349 2679 476 2765 οιτον,
500 2673 660 2765 σὀρμῆ,
681 2677 743 2765 τὴν
756 2680 870 2761 σέτω
892 2676 966 2746 ἀλλ’
981 2673 1022 2745 οὐ
1041 2704 1102 2764 χρη
1122 2704 1173 2757 204

98 2784 228 2867 λέγειν·
251 2779 431 2865 φυλάττειν
440 2775 506 2865 γὰρ
517 2777 656 2864 άμεινον
666 2773 703 2843 τό
716 2774 916 2863 ἀπόρρητον,
930 2772 973 2854 ὡς
984 2773 1105 2862 μισθός

99 2888 151 2964 είη
167 2877 224 2945 καὶ
238 2878 343 2960 λύτρα
357 2888 413 2965 μοι
429 2874 503 2944 ἀντὶ
517 2882 574 2962 τῆς
587 2879 772 2961 καταδίκης.

185 2983 290 3044 ΕΡΜ.
314 2973 411 3043 Ἀλλά
426 2975 589 3061 φύλαττε,
611 2966 639 3041 ω’
657 2975 775 3059 Τιτάν,
801 2980 832 3042 εί
849 2973 940 3042 τοῦτ’
957 2973 1105 3061 άμεινον.

97 3071 193 3159 ἡμεῖς
209 3073 245 3140 δὲ
256 3070 421 3159 ἀπίωμεν,
439 3065 467 3139 ῶ
475 3069 652 3156 Ἥφαιστε·
672 3073 728 3138 καὶ
742 3069 807 3158 γάρ
817 3070 881 3158 ἤδη
892 3077 1033 3158 πλησίον
1044 3070 1107 3139 οῦ-

97 3173 172 3239 τοσλ
186 3168 204 3239 ὁ
220 3168 323 3249 άετός.
347 3168 495 3256 ὑπόμενε
511 3162 574 3235 οὖν
588 3172 769 3254 καρτερῶς·
793 3178 843 3255 εἴη
858 3174 894 3237 δὲ
905 3170 970 3256 ἤδη
981 3190 1033 3238 σοι
1044 3167 1106 3237 τόν

98 3276 252 3357 Θηβαῖον
266 3264 307 3335 ὃν
322 3265 389 3355 φὴς
402 3268 539 3354 τοξότην
553 3269 771 3356 ἐπιφανῆναι,
788 3267 832 3348 ῶς
846 3270 1006 3337 παύσειεν
1019 3267 1104 3338 άνα·

96 3377 306 3455 τεμνόμενον
320 3363 388 3434 ὑπὸ
402 3374 462 3434 τοῦ
478 3363 608 3450 ὀρνέου.
