2550 3825
150 197 212 262 134
502 201 806 257 ΛΟΤΚΙΑΝΟΥ

229 365 334 458 me.
350 355 420 426 ’Ότι
436 355 541 436 οὕτως
560 353 603 424 ἂν
616 356 761 442 ἤλγησεν
776 361 826 426 ἐπὶ
841 367 881 447 τῇ
891 365 1035 445 θυγατρὶ
1046 361 1152 446 μητηρ

149 483 185 544 γε
200 459 292 523 οὐσα.

235 561 294 621 ΙΦ.
325 557 455 638 Μηκέτι
477 553 697 640 μεμνώμεθα,
720 547 871 640 ώΔώρί,
897 559 1051 638 ἐκείνων,
1076 564 1109 621 εί
1123 580 1153 620 τι

151 653 320 740 βάρβαρος
339 651 425 739 γυνη
449 651 533 736 ὑπὲρ
554 648 615 736 τὴν
639 649 734 730 οἶξίαν
754 654 930 739 ἐλάλησεν·
954 651 1074 737 ἱκανὴν
1089 651 1154 737 γὰρ

150 750 230 838 ἡμῖν
243 757 405 836 τιμωρίαν
423 756 525 819 ἐθωκε
540 754 727 834 φοβηθεῖσα
744 753 795 817 ἐπὶ
809 759 850 839 τῇ
864 755 966 818 παιδί.
990 759 1154 836 χαίρωμεν

152 842 216 917 οὐν
231 857 275 939 τῷ
289 851 392 940 γάμῳ.

556 1001 752 1009 -ω--η

630 1108 679 1168 15.

391 1218 615 1298 ΖΕΥΦΤΡΟΤ
639 1221 722 1269 ΚΑΙ
745 1219 922 1271 NOTOY.

237 1358 264 1418 l.
288 1358 384 1418 ΖΕΦ.
409 1347 461 1418 Οὐ
475 1351 606 1418 πώποτε
622 1349 758 1437 πομπὴν
772 1350 836 1436 ἐγώ
853 1353 1156 1438 μεγαλοπρεπεστέ-

152 1478 215 1536 ραν
232 1449 357 1519 είδον’
341 1478 378 1518 εν
393 1477 433 1537 τη
452 1451 618 1540 θαλάττη,
640 1450 700 1539 ἀφ’
719 1444 761 1520 οὗ
774 1457 814 1539 γέ
827 1459 891 1539 είμι
912 1455 967 1520 καὶ
981 1455 1079 1518 πνέω
1112 1449 1156 1516 σύ

153 1548 242 1618 ἐ
153 1556 265 1618 ουκ
281 1549 380 1634 εἶδες,
398 1577 423 1617 ω
413 1543 544 1631 Νότε;

236 1657 340 1717 ΝΟΤ.
363 1656 445 1716 Τίνα
455 1675 580 1734 ταυτην
591 1655 713 1734 λεγεις
732 1643 915 1736 ώΖέφυρε,
930 1612 992 1736 την
1003 1650 1156 1734 πομπην;

151 1745 172 1834 ἦ
186 1755 272 1826 τίνες
286 1754 320 1816 οί
333 1749 516 1833 πέμποντες
531 1751 634 1834 vidam

236 1853 332 1914 ΖΕΦ.
351 1845 508 1915 Ηθίστου
521 1847 690 1933 θεάματος
704 1844 924 1968 ἀπελείφθης,
946 1843 1018 1916 οἷον
1035 1843 1098 1914 οὐκ
1113 1842 1153 1911 ἄν

152 1945 261 2015 ἄλλοί
248 1950 332 2023 ίθοις
347 1951 403 2013 ἐτι

237 2051 339 2111 NOT
358 2044 484 2126 Περὶ
451 2071 513 2131 την
526 2043 678 2128 ἐρυθραν
688 2044 752 2132 γὰρ
764 2044 936 2112 θάλατταν
947 2046 1155 2131 εἰργαζόμην,

153 2143 338 2211 ἐπέπνευσα
355 2144 391 2210 δὲ
411 2168 466 2210 και
455 2146 579 2228 μέρος
599 2150 656 2230 τῆς
673 2141 825 2229 Ἰνδικῆς,
853 2140 914 2209 ὅσα
935 2143 1080 2228 παράλια
1100 2151 1157 2229 τῆς

152 2241 275 2325 χώρας·
299 2238 400 2308 οὐθὲν
415 2235 478 2308 οὖν
493 2239 566 2308 οῖδα
583 2232 630 2307 ών
645 2244 757 2327 λέγεις.

236 2347 332 2407 ΖΕΦ.
353 2336 450 2407 Ἀλλά
464 2338 525 2406 τὸν
539 2340 709 2407 Σιδώνιον
721 2337 883 2425 Ἀγήνορα
897 2336 1004 2418 οίθαςς

236 2444 340 2504 ΝΟΤ.
364 2444 435 2505 Ναί
440 2464 447 2477 ·
469 2436 529 2505 τὸν
542 2445 599 2523 τῆς
613 2434 780 2523 Εὐρώπης
794 2440 927 2521 πατέρα.
951 2444 984 2505 τί
999 2438 1081 2524 μηνς

237 2542 333 2602 ΖΕΦ.
355 2539 438 2621 Περὶ
452 2535 552 2622 αὐτῆς
568 2540 695 2623 ἐκείνης
710 2537 910 2622 διηγήσομαί
922 2559 983 2604 σοι.

236 2640 339 2700 ΝΟΤ.
363 2641 451 2699 Μών
467 2633 516 2702 ὅτι
531 2631 548 2703 ὁ
565 2633 649 2712 Ζεύς
663 2631 801 2719 ἐραστὴς
814 2641 871 2719 τῆς
886 2633 1005 2713 παιθός
1021 2638 1055 2702 ἐκ
1073 2643 1137 2701 πολ

152 2737 229 2809 λού;
252 2738 349 2796 τοῦτο
365 2729 430 2816 γὰρ
449 2735 502 2799 καὶ
517 2733 619 2800 πάλαι
634 2730 830 2818 ἠπιστάμην.

237 2834 332 2893 ΖΕΦ.
358 2826 495 2896 Οὐκοῦν
506 2828 566 2896 τὸν
576 2831 637 2916 μέν
654 2836 758 2915 ἔρωτα
772 2828 887 2916 οἶσθα,
903 2830 942 2898 τοὶ
957 2828 1038 2918 μετὰ
1053 2838 1158 2898 ταῦτα

152 2926 189 2992 δὲ
202 2922 265 3011 ἤθη
280 2922 435 2992 ἄκουσον.
470 2934 499 2994 2.
520 2926 541 3015 ἡ
556 2929 617 3014 μὲν
631 2926 779 3014 Εὐρώπη
793 2930 1013 3015 κατεληλύθει
1030 2932 1082 2998 ἐπὶ
1095 2927 1159 3015 τὴν

151 3020 248 3109 ἠϊόνα
260 3028 419 3103 παίζουσα
431 3022 489 3103 τὰς
499 3023 709 3112 ἡλικιώτιδας
720 3034 975 3114 παραλαβοῦσα,
995 3025 1109 3105 ὁΖεύς
1120 3030 1160 3095 δὲ

83 3137 134 3192 ³26
151 3122 263 3210 ταύρῳ
278 3121 410 3200 εἰκάσας
422 3122 543 3191 ἑαυτὸν
557 3128 751 3205 συνέπαιζεν
763 3123 877 3204 αὐταῖς
891 3126 1065 3203 κάλλιστος
1077 3151 1161 3210 φαι-

151 3218 308 3305 νόμενος·
331 3222 449 3301 λευκός
462 3249 497 3291 τε
517 3222 581 3309 γὰρ
602 3216 646 3310 ἦν
661 3222 806 3311 ἀκριβῶς
827 3228 882 3292 καὶ
901 3222 939 3290 τὰ
957 3226 1078 3309 κέρατα
1099 3219 1161 3289 εὐ-

150 3314 281 3403 καμπης
293 3320 346 3386 καί
357 3316 393 3386 τό
407 3323 534 3407 βλέμμα
545 3319 683 3406 ἥμερος·
706 3324 837 3403 ἐσκίρτα
850 3314 915 3388 οὐν
926 3325 981 3389 καὶ
993 3319 1094 3400 αὐτὸς
1105 3325 1158 3390 ἐπὶ

150 3422 207 3496 τῆς
217 3414 329 3501 ἠϊόνος
341 3420 393 3485 καί
407 3420 549 3503 ἐμυκᾶτο
561 3415 717 3525 ἥδιστον,
733 3416 816 3485 ώστε
826 3416 887 3501 τὴν
898 3415 1068 3500 Εὐρώπην
1080 3430 1159 3485 τολ-
