2550 3825
316 215 561 273 ΝΕΚΡΙΚΟΙ
580 171 835 274 ΔΙᾸΛΟΓΟΙ.
1015 209 1076 274 149

77 375 125 440 τοί
143 378 176 440 οί
189 371 317 459 άριστοι
336 373 594 455 θεραπεύουσιν.
626 376 750 452 ἐκεῖνος
765 382 881 441 τοίνυν
896 373 1075 460 έκληρονό·

78 469 161 555 μησέ
178 493 243 553 μου
260 469 315 536 καὶ
333 475 399 534 νῦν
420 469 457 534 έν
477 483 543 547 τοῖς
566 466 777 553 εὐπατρίδαις
798 467 987 556 ἀριθμεῖται
1010 469 1076 538 ὑπ-

78 567 277 651 εξυρημένος
290 566 352 651 μὲν
368 563 405 632 τό
426 568 557 650 γένειον
571 569 625 634 καί
640 573 864 654 βαρβαρίζων,
885 569 1022 652 Κόδρου
1040 568 1076 635 δὲ

78 660 306 747 εὐγενέστερος
325 664 379 730 καὶ
394 665 524 748 Νιρέως
546 670 690 732 καλλίων
709 667 763 730 καί
781 663 961 738 Ὀδυσσέως
975 686 1074 731 συυε-
1091 673 1144 728 ³6³

77 759 216 843 πότερος
231 760 409 845 λεγόμενος
425 758 517 827 εἶναι.

159 864 258 924 ΣΙΜ.
282 856 334 925 Οὔ
348 883 403 942 μοι
420 861 525 943 με’λει·
552 859 605 925 καὶ
621 858 876 944 στρατηγησάτω
889 867 945 944 τής
959 856 1074 927 Ἐλλά-

78 960 153 1041 δος,
171 961 201 1024 εἰ
213 961 318 1040 δοκεῖ,
336 960 455 1025 ἐκείνοι
474 956 509 1024 δὲ
523 956 566 1042 μή
584 963 892 1042 κληρονομείτωσαν
904 957 1018 1043 μόνον.

551 1211 599 1272 10.

129 1322 310 1375 ΧΑΡΩΝΟΣ
327 1324 392 1374 ΚΑΙ
406 1321 540 1372 ΕΡΜΟῬ
560 1323 626 1373 ΚΑΙ
643 1322 804 1374 ΝΕΚΡΩΝ
820 1323 1022 1381 ΔΙΑΦΟΡΩΝ.

163 1461 190 1523 l·
211 1463 307 1525 XAP.
336 1452 510 1522 Ἀκούσατε
527 1451 569 1532 ὡς
583 1459 646 1538 ἔχει
660 1451 738 1540 ήμῖν
753 1453 791 1520 τά
806 1456 990 1542 πράγματα.
1018 1485 1074 1544 μι-

76 1549 161 1638 κρόν
174 1555 235 1639 μὲν
251 1549 347 1640 ἡμῖν,
366 1550 409 1630 ὡς
426 1549 591 1636 ὁρᾶτε,τό
611 1557 788 1637 σκαφίδιον
805 1557 858 1620 καί
875 1551 1075 1642 ὑπόσαθρόν

80 1652 215 1718 ἐστικαὶ
230 1655 360 1733 διαρρεῖ
369 1649 409 1717 τά
422 1649 545 1732 πολλά,
562 1653 616 1717 καί
628 1646 672 1735 ήν
682 1659 790 1738 τραπῇ
804 1653 856 1718 ε’πλ
866 1653 1009 1739 θάτερα,
1025 1660 1075 1721 οί-

76 1752 208 1837 χήσεται
223 1752 439 1835 περιτραπέν,
456 1748 549 1837 ὑμεῖς
563 1750 599 1818 δὲ
614 1748 681 1837 ἅμα
696 1759 846 1820 τοσοῦτοι
860 1751 955 1839 ἥκετε
968 1752 1074 1822 πολλά

77 1849 310 1936 ἐπιφερόμενοι
325 1851 468 1927 ἕκαστος.
491 1845 535 1936 ήν
551 1841 615 1917 οὖν
632 1849 712 1938 μετά
728 1851 857 1920 τούτων
871 1853 1005 1939 ἐμβήτε,
1021 1855 1075 1920 δέ

76 1952 132 2015 δια
149 1946 192 2034 μή
214 1946 356 2033 ὕστερον
371 1947 608 2033 μετανοήσητε,
633 1952 686 2016 καὶ
707 1949 847 2034 μάλιστα
863 1947 981 2018 ὁπόσοι
1003 1964 1074 2017 νεῖν
1090 1964 1141 2017 364

77 2044 139 2115 οὐκ
155 2051 341 2115 ἐπίστασθε.

162 2154 264 2214 ΕΡΜ.
288 2154 365 2223 Πῶς
383 2137 445 2212 οὖν
461 2147 657 2231 ποιήσαντες
672 2144 917 2233 εὐπλοήσομενς

160 2251 254 2311 ΧΑΡ.
279 2242 358 2329 Ἐγά
384 2240 464 2329 ὑμῖν
486 2242 620 2328 φράσω·
648 2242 797 2329 γυμνοὺς
820 2247 999 2330 ἐπιβαίνειν
1013 2244 1074 2332 χρή

76 2338 115 2407 τά
137 2340 269 2426 περιττά
290 2348 393 2408 ταῦτα
414 2340 522 2407 πάντα
542 2343 594 2408 έπλ
612 2348 670 2426 τής
689 2340 801 2428 ήῖόνος
821 2341 1073 2421 καταλιπόντας·

74 2438 170 2523 μόλις
183 2437 248 2525 γάρ
265 2436 308 2505 άν
323 2440 377 2506 καί
393 2436 499 2515 οὕτως
514 2440 640 2517 δέξαιτο
652 2436 738 2524 ὑμᾶς
752 2437 788 2505 τὸ
805 2448 998 2524 πορθμεῖον.
1023 2444 1074 2509 σοί

75 2538 128 2619 δέ,
157 2528 182 2602 ά
197 2534 298 2623 Ἑρμῆ
307 2587 316 2622 ,
337 2537 469 2621 μελήσει
486 2532 522 2603 τό
538 2533 602 2602 άπό
618 2536 740 2603 τοάτου
754 2541 880 2623 μηδένα
893 2539 1074 2624 παραδέχε-

74 2642 156 2701 σθαι
179 2633 304 2719 αάτῶν,
329 2633 365 2712 ὃς
386 2630 429 2700 άν
449 2632 493 2721 μή
515 2632 611 2716 ψιλὸς
631 2628 653 2722 ή
674 2636 727 2703 καὶ
747 2633 786 2702 τά
801 2641 937 2722 ἔπιπλα,
964 2635 1073 2722 ὥσπερ

74 2736 176 2817 ἔφην,
200 2730 387 2820 ἀποβαλων.
421 2731 510 2817 παρά
532 2736 567 2800 δὲ
582 2732 643 2819 τήν
663 2732 864 2822 ἀποβάθραν
882 2735 982 2816 ἑστώς
1003 2742 1075 2805 δια-

72 2836 217 2914 γίνωσκε
245 2828 367 2909 αὐτούς
394 2834 448 2898 καὶ
474 2828 687 2917 άναλάμβανε
717 2832 867 2919 γυμνοὺς
891 2836 1075 2920 ἐπιβαίνειν

72 2923 278 3014 ἀναγκάζων.

157 3032 187 3092 2.
210 3034 314 3093 EPM.
337 3020 389 3093 Εὖ
405 3031 524 3115 λέγεις,
543 3032 597 3097 καί
614 3028 702 3095 οὕτω
716 3032 915 3117 ποιήσωμεν.
932 3071 975 3081 —·
1003 3028 1074 3097 Οὑ-

71 3125 143 3189 τοσί
159 3128 207 3201 τίς
223 3121 240 3190 ὁ
256 3124 386 3208 πρῶτός
401 3128 485 3207 ἐστι;
586 3134 588 3139 ’

155 3226 269 3287 ΜΕΝ.
290 3223 468 3302 Μένιππος
488 3230 601 3311 ἔγωγε.
621 3223 694 3293 ἀλλ’
712 3224 786 3293 ίδού
808 3223 829 3311 ή
848 3225 937 3313 πήρα
950 3252 1022 3313 μοι,
1046 3218 1073 3293 ά

70 3323 183 3403 Ερμή,
205 3320 259 3385 καί
273 3316 311 3387 τό
327 3318 474 3406 βάκτρου
491 3324 523 3399 ε’ς
539 3321 601 3408 τήν
617 3331 740 3409 λίμνην
754 3322 992 3408 άπερρίφθων,
1012 3320 1073 3391 τδυ
1090 3344 1142 3399 365

71 3419 216 3500 τρίβωνα
232 3415 269 3483 δὲ
283 3413 360 3484 οὐδὲ
377 3418 512 3503 ἐκόμισα
529 3412 568 3486 εὖ
585 3414 700 3488 ποιάν.
