<?xml version="1.0" encoding="UTF-8"?>
<!DOCTYPE html PUBLIC "-//W3C//DTD XHTML 1.0 Transitional//EN"
    "http://www.w3.org/TR/xhtml1/DTD/xhtml1-transitional.dtd">
<html xmlns="http://www.w3.org/1999/xhtml" xml:lang="en" lang="en">
 <head>
  <title>
</title>
<meta http-equiv="Content-Type" content="text/html;charset=utf-8" />
  <meta name='ocr-system' content='tesseract 3.04.00' />
  <meta name='ocr-capabilities' content='ocr_page ocr_carea ocr_par ocr_line ocrx_word'/>
</head>
<body>
  <div class='ocr_page' id='page_1' title='image "./lucianisamosate03jacogoog/lucianisamosate03jacogoog_0190.png"; bbox 0 0 2550 3825; ppageno 0'>
   <div class='ocr_carea' id='block_1_1' title="bbox 350 196 1113 263">
    <p class='ocr_par' dir='ltr' id='par_1_1' title="bbox 350 196 1113 263">
     <span class='ocr_line' id='line_1_1' title="bbox 350 196 1113 263; baseline 0.005 -4"><span class='ocrx_word' id='word_1_1' title='bbox 350 198 596 259; x_wconf 82' lang='lat' dir='ltr'><em>NEKPIKOI</em></span> <span class='ocrx_word' id='word_1_2' title='bbox 620 200 877 259; x_wconf 82' lang='lat' dir='ltr'><em>AIAAOFOI.</em></span> <span class='ocrx_word' id='word_1_3' title='bbox 1054 196 1113 263; x_wconf 83' lang='lat'><strong><em>171</em></strong></span> 
     </span>
    </p>
   </div>
   <div class='ocr_carea' id='block_1_2' title="bbox 105 351 1174 3380">
    <p class='ocr_par' dir='ltr' id='par_1_2' title="bbox 113 351 1114 639">
     <span class='ocr_line' id='line_1_2' title="bbox 196 351 1114 445; baseline 0.001 -20"><span class='ocrx_word' id='word_1_4' title='bbox 196 363 329 426; x_wconf 78' lang='grc' dir='ltr'><strong><em>ΠΡΩΤ.</em></strong></span> <span class='ocrx_word' id='word_1_5' title='bbox 344 356 414 425; x_wconf 78' lang='grc' dir='ltr'><strong><em>’Ότι</em></strong></span> <span class='ocrx_word' id='word_1_6' title='bbox 436 355 490 425; x_wconf 83' lang='grc' dir='ltr'><strong><em>διά</em></strong></span> <span class='ocrx_word' id='word_1_7' title='bbox 506 357 647 441; x_wconf 90' lang='grc' dir='ltr'><strong><em>ταύτην,</em></strong></span> <span class='ocrx_word' id='word_1_8' title='bbox 671 351 697 423; x_wconf 82' lang='grc' dir='ltr'><strong><em>ῶ</em></strong></span> <span class='ocrx_word' id='word_1_9' title='bbox 712 360 831 441; x_wconf 79' lang='grc' dir='ltr'><strong><em>Αἰακέ,</em></strong></span> <span class='ocrx_word' id='word_1_10' title='bbox 848 357 1022 427; x_wconf 79' lang='grc' dir='ltr'><strong><em>ἀπέθανον</em></strong></span> <span class='ocrx_word' id='word_1_11' title='bbox 1036 356 1114 445; x_wconf 78' lang='grc' dir='ltr'><strong><em>ἡμι-</em></strong></span> 
     </span>
     <span class='ocr_line' id='line_1_3' title="bbox 113 454 1114 543; baseline 0.001 -21"><span class='ocrx_word' id='word_1_12' title='bbox 113 462 189 541; x_wconf 80' lang='grc' dir='ltr'><strong><em>τελῆ</em></strong></span> <span class='ocrx_word' id='word_1_13' title='bbox 205 455 267 540; x_wconf 72' lang='grc' dir='ltr'><strong><em>μὲν</em></strong></span> <span class='ocrx_word' id='word_1_14' title='bbox 280 454 340 522; x_wconf 84' lang='grc' dir='ltr'><strong><em>τόν</em></strong></span> <span class='ocrx_word' id='word_1_15' title='bbox 356 455 463 540; x_wconf 80' lang='grc' dir='ltr'><strong><em>δόμον</em></strong></span> <span class='ocrx_word' id='word_1_16' title='bbox 477 454 682 540; x_wconf 80' lang='grc' dir='ltr'><strong><em>καταλιπόν,</em></strong></span> <span class='ocrx_word' id='word_1_17' title='bbox 699 455 805 542; x_wconf 80' lang='grc' dir='ltr'><strong><em>χήραν</em></strong></span> <span class='ocrx_word' id='word_1_18' title='bbox 821 482 856 522; x_wconf 86' lang='grc' dir='ltr'><strong><em>τε</em></strong></span> <span class='ocrx_word' id='word_1_19' title='bbox 869 454 931 543; x_wconf 76' lang='grc' dir='ltr'><strong><em>τὴν</em></strong></span> <span class='ocrx_word' id='word_1_20' title='bbox 947 457 1114 542; x_wconf 80' lang='grc' dir='ltr'><strong><em>νεόγαμον</em></strong></span> 
     </span>
     <span class='ocr_line' id='line_1_4' title="bbox 113 568 264 639; baseline -0.007 -18"><span class='ocrx_word' id='word_1_21' title='bbox 113 568 264 639; x_wconf 76' lang='grc' dir='ltr'><strong><em>γυναῖκα.</em></strong></span> 
     </span>
    </p>

    <p class='ocr_par' dir='ltr' id='par_1_3' title="bbox 112 648 1112 834">
     <span class='ocr_line' id='line_1_5' title="bbox 196 648 1112 737; baseline 0 -20"><span class='ocrx_word' id='word_1_22' title='bbox 196 658 318 720; x_wconf 90' lang='grc' dir='ltr'><em>ΑΙΑΚ.</em></span> <span class='ocrx_word' id='word_1_23' title='bbox 330 657 434 720; x_wconf 80' lang='grc' dir='ltr'><strong><em>Αἰτιῶ</em></strong></span> <span class='ocrx_word' id='word_1_24' title='bbox 445 657 561 719; x_wconf 80' lang='grc' dir='ltr'><strong><em>τοίνυν</em></strong></span> <span class='ocrx_word' id='word_1_25' title='bbox 571 648 825 736; x_wconf 85' lang='grc' dir='ltr'><strong><em>τόνΜενέλαον,</em></strong></span> <span class='ocrx_word' id='word_1_26' title='bbox 835 649 925 731; x_wconf 83' lang='grc' dir='ltr'><strong><em>ὅστις</em></strong></span> <span class='ocrx_word' id='word_1_27' title='bbox 935 649 1020 737; x_wconf 82' lang='grc' dir='ltr'><strong><em>ὑμᾶς</em></strong></span> <span class='ocrx_word' id='word_1_28' title='bbox 1028 648 1112 735; x_wconf 75' lang='grc' dir='ltr'><strong><em>ὑπὲρ</em></strong></span> 
     </span>
     <span class='ocr_line' id='line_1_6' title="bbox 112 746 792 834; baseline 0.003 -21"><span class='ocrx_word' id='word_1_29' title='bbox 112 748 267 833; x_wconf 76' lang='grc' dir='ltr'><strong><em>τοιαύτης</em></strong></span> <span class='ocrx_word' id='word_1_30' title='bbox 280 746 438 833; x_wconf 86' lang='grc' dir='ltr'><strong><em>γυναικός</em></strong></span> <span class='ocrx_word' id='word_1_31' title='bbox 452 751 504 815; x_wconf 79' lang='grc' dir='ltr'><strong><em>ἐπὶ</em></strong></span> <span class='ocrx_word' id='word_1_32' title='bbox 522 754 646 833; x_wconf 87' lang='grc' dir='ltr'><strong><em>Τροίαν</em></strong></span> <span class='ocrx_word' id='word_1_33' title='bbox 659 746 792 834; x_wconf 75' lang='grc' dir='ltr'><strong><em>ἤγαγεν.</em></strong></span> 
     </span>
    </p>

    <p class='ocr_par' dir='ltr' id='par_1_4' title="bbox 149 839 949 931">
     <span class='ocr_line' id='line_1_7' title="bbox 149 839 949 931; baseline 0.001 -18"><span class='ocrx_word' id='word_1_34' title='bbox 149 852 152 855; x_wconf 75' lang='grc'><strong>’</strong></span> <span class='ocrx_word' id='word_1_35' title='bbox 196 853 328 914; x_wconf 71' lang='lat' dir='ltr'><strong><em>Hm</em></strong></span> <span class='ocrx_word' id='word_1_36' title='bbox 352 839 404 913; x_wconf 85' lang='grc' dir='ltr'><strong><em>Εύ</em></strong></span> <span class='ocrx_word' id='word_1_37' title='bbox 419 850 540 931; x_wconf 83' lang='grc' dir='ltr'><strong><em>λέγεις·</em></strong></span> <span class='ocrx_word' id='word_1_38' title='bbox 562 846 691 914; x_wconf 73' lang='grc' dir='ltr'><strong><em>ἐκεῖνόν</em></strong></span> <span class='ocrx_word' id='word_1_39' title='bbox 707 872 763 931; x_wconf 88' lang='grc' dir='ltr'><strong><em>μοι</em></strong></span> <span class='ocrx_word' id='word_1_40' title='bbox 778 850 949 915; x_wconf 77' lang='grc' dir='ltr'><strong><em>αἰτιατέον.</em></strong></span> 
     </span>
    </p>

    <p class='ocr_par' dir='ltr' id='par_1_5' title="bbox 110 936 1112 1423">
     <span class='ocr_line' id='line_1_8' title="bbox 197 936 1112 1032; baseline -0.001 -21"><span class='ocrx_word' id='word_1_41' title='bbox 197 950 309 1012; x_wconf 85' lang='grc' dir='ltr'><strong>ΜΕΝ.</strong></span> <span class='ocrx_word' id='word_1_42' title='bbox 334 941 407 1012; x_wconf 88' lang='grc' dir='ltr'><strong><em>Ούκ</em></strong></span> <span class='ocrx_word' id='word_1_43' title='bbox 421 946 493 1031; x_wconf 83' lang='grc' dir='ltr'><strong><em>ἐμέ,</em></strong></span> <span class='ocrx_word' id='word_1_44' title='bbox 509 936 537 1012; x_wconf 87' lang='grc' dir='ltr'><strong><em>ῶ</em></strong></span> <span class='ocrx_word' id='word_1_45' title='bbox 551 948 714 1032; x_wconf 79' lang='grc' dir='ltr'><strong><em>βέλτιστε,</em></strong></span> <span class='ocrx_word' id='word_1_46' title='bbox 730 943 813 1014; x_wconf 82' lang='grc' dir='ltr'><strong><em>άλλά</em></strong></span> <span class='ocrx_word' id='word_1_47' title='bbox 831 946 1039 1032; x_wconf 89' lang='grc' dir='ltr'><strong><em>δικαιότερον</em></strong></span> <span class='ocrx_word' id='word_1_48' title='bbox 1052 941 1112 1011; x_wconf 84' lang='grc' dir='ltr'><strong><em>τὸν</em></strong></span> 
     </span>
     <span class='ocr_line' id='line_1_9' title="bbox 114 1038 1111 1128; baseline -0.001 -20"><span class='ocrx_word' id='word_1_49' title='bbox 114 1040 240 1127; x_wconf 90' lang='grc' dir='ltr'><strong><em>Πάριν,</em></strong></span> <span class='ocrx_word' id='word_1_50' title='bbox 262 1038 298 1119; x_wconf 82' lang='grc' dir='ltr'><strong><em>ὃς</em></strong></span> <span class='ocrx_word' id='word_1_51' title='bbox 319 1045 401 1127; x_wconf 85' lang='grc' dir='ltr'><strong><em>ἐμοῦ</em></strong></span> <span class='ocrx_word' id='word_1_52' title='bbox 416 1049 477 1109; x_wconf 91' lang='grc' dir='ltr'><strong><em>τοῦ</em></strong></span> <span class='ocrx_word' id='word_1_53' title='bbox 492 1046 589 1121; x_wconf 85' lang='grc' dir='ltr'><strong><em>ξένου</em></strong></span> <span class='ocrx_word' id='word_1_54' title='bbox 601 1040 664 1128; x_wconf 81' lang='grc' dir='ltr'><strong><em>τὴν</em></strong></span> <span class='ocrx_word' id='word_1_55' title='bbox 683 1056 824 1127; x_wconf 75' lang='grc' dir='ltr'><strong><em>γυναῖκα</em></strong></span> <span class='ocrx_word' id='word_1_56' title='bbox 844 1044 934 1128; x_wconf 79' lang='grc' dir='ltr'><strong><em>παρὰ</em></strong></span> <span class='ocrx_word' id='word_1_57' title='bbox 948 1042 1056 1109; x_wconf 88' lang='grc' dir='ltr'><strong><em>πάντα</em></strong></span> <span class='ocrx_word' id='word_1_58' title='bbox 1071 1066 1111 1108; x_wconf 93' lang='grc' dir='ltr'><strong><em>τα</em></strong></span> 
     </span>
     <span class='ocr_line' id='line_1_10' title="bbox 111 1131 1111 1229; baseline 0.002 -24"><span class='ocrx_word' id='word_1_59' title='bbox 111 1141 223 1206; x_wconf 85' lang='grc' dir='ltr'><strong><em>δίκαια</em></strong></span> <span class='ocrx_word' id='word_1_60' title='bbox 245 1138 345 1229; x_wconf 78' lang='grc' dir='ltr'><strong><em>ς’όχετο</em></strong></span> <span class='ocrx_word' id='word_1_61' title='bbox 365 1138 531 1224; x_wconf 84' lang='grc' dir='ltr'><strong><em>ἁρπάσας·</em></strong></span> <span class='ocrx_word' id='word_1_62' title='bbox 554 1131 652 1218; x_wconf 83' lang='grc' dir='ltr'><strong><em>οὗτος</em></strong></span> <span class='ocrx_word' id='word_1_63' title='bbox 670 1138 735 1227; x_wconf 82' lang='grc' dir='ltr'><strong><em>γάρ</em></strong></span> <span class='ocrx_word' id='word_1_64' title='bbox 756 1138 816 1227; x_wconf 82' lang='grc' dir='ltr'><strong><em>οῦχ</em></strong></span> <span class='ocrx_word' id='word_1_65' title='bbox 830 1139 895 1209; x_wconf 83' lang='grc' dir='ltr'><strong><em>ὑπὸ</em></strong></span> <span class='ocrx_word' id='word_1_66' title='bbox 917 1148 980 1209; x_wconf 91' lang='grc' dir='ltr'><strong><em>σοῦ</em></strong></span> <span class='ocrx_word' id='word_1_67' title='bbox 994 1141 1111 1227; x_wconf 90' lang='grc' dir='ltr'><strong><em>μόνου,</em></strong></span> 
     </span>
     <span class='ocr_line' id='line_1_11' title="bbox 110 1234 1112 1327; baseline 0.003 -23"><span class='ocrx_word' id='word_1_68' title='bbox 110 1234 186 1305; x_wconf 74' lang='grc' dir='ltr'><strong><em>ἀλλ’</em></strong></span> <span class='ocrx_word' id='word_1_69' title='bbox 203 1236 269 1305; x_wconf 87' lang='grc' dir='ltr'><strong><em>ῦπδ</em></strong></span> <span class='ocrx_word' id='word_1_70' title='bbox 284 1236 597 1325; x_wconf 79' lang='grc' dir='ltr'><strong><em>πάντῶνἙλλήνοιν</em></strong></span> <span class='ocrx_word' id='word_1_71' title='bbox 608 1264 643 1305; x_wconf 90' lang='grc' dir='ltr'><strong><em>τε</em></strong></span> <span class='ocrx_word' id='word_1_72' title='bbox 654 1240 708 1306; x_wconf 85' lang='grc' dir='ltr'><strong><em>καλ</em></strong></span> <span class='ocrx_word' id='word_1_73' title='bbox 722 1239 903 1327; x_wconf 80' lang='grc' dir='ltr'><strong><em>βαρβάρων</em></strong></span> <span class='ocrx_word' id='word_1_74' title='bbox 914 1238 1003 1319; x_wconf 84' lang='grc' dir='ltr'><strong><em>άξιος</em></strong></span> <span class='ocrx_word' id='word_1_75' title='bbox 1015 1237 1112 1325; x_wconf 84' lang='grc' dir='ltr'><strong><em>άγχε·</em></strong></span> 
     </span>
     <span class='ocr_line' id='line_1_12' title="bbox 110 1337 901 1423; baseline 0.001 -21"><span class='ocrx_word' id='word_1_76' title='bbox 110 1344 193 1402; x_wconf 87' lang='grc' dir='ltr'><strong><em>σθαι</em></strong></span> <span class='ocrx_word' id='word_1_77' title='bbox 206 1337 378 1415; x_wconf 78' lang='grc' dir='ltr'><strong><em>τοσούτοις</em></strong></span> <span class='ocrx_word' id='word_1_78' title='bbox 390 1337 545 1404; x_wconf 86' lang='grc' dir='ltr'><strong><em>θανάτου</em></strong></span> <span class='ocrx_word' id='word_1_79' title='bbox 560 1345 663 1413; x_wconf 75' lang='grc' dir='ltr'><strong><em>αἴτιος</em></strong></span> <span class='ocrx_word' id='word_1_80' title='bbox 675 1339 901 1423; x_wconf 81' lang='grc' dir='ltr'><strong><em>γεγενημένος.</em></strong></span> 
     </span>
    </p>

    <p class='ocr_par' dir='ltr' id='par_1_6' title="bbox 110 1427 1174 1619">
     <span class='ocr_line' id='line_1_13' title="bbox 194 1427 1174 1521; baseline -0.001 -18"><span class='ocrx_word' id='word_1_81' title='bbox 194 1442 327 1503; x_wconf 74' lang='grc' dir='ltr'><strong><em>ΠΡΩΤ.</em></strong></span> <span class='ocrx_word' id='word_1_82' title='bbox 340 1434 498 1521; x_wconf 76' lang='grc' dir='ltr'><strong><em>’Ἄμεινον</em></strong></span> <span class='ocrx_word' id='word_1_83' title='bbox 510 1433 612 1502; x_wconf 84' lang='grc' dir='ltr'><strong><em>οῦτοι·</em></strong></span> <span class='ocrx_word' id='word_1_84' title='bbox 634 1436 671 1501; x_wconf 70' lang='grc' dir='ltr'><strong><em>σὲ</em></strong></span> <span class='ocrx_word' id='word_1_85' title='bbox 687 1441 883 1519; x_wconf 82' lang='grc' dir='ltr'><strong><em>τοιγαροῦν,</em></strong></span> <span class='ocrx_word' id='word_1_86' title='bbox 900 1427 927 1501; x_wconf 86' lang='grc' dir='ltr'><strong><em>ῶ</em></strong></span> <span class='ocrx_word' id='word_1_87' title='bbox 940 1435 1109 1519; x_wconf 85' lang='grc' dir='ltr'><strong><em>Δύσπαρι,</em></strong></span> <span class='ocrx_word' id='word_1_88' title='bbox 1127 1448 1174 1503; x_wconf 78' lang='lat'><strong><em>411</em></strong></span> 
     </span>
     <span class='ocr_line' id='line_1_14' title="bbox 110 1528 709 1619; baseline -0.003 -19"><span class='ocrx_word' id='word_1_89' title='bbox 110 1531 174 1600; x_wconf 88' lang='grc' dir='ltr'><strong><em>ούκ</em></strong></span> <span class='ocrx_word' id='word_1_90' title='bbox 189 1532 308 1619; x_wconf 79' lang='grc' dir='ltr'><strong><em>ἀφήσω</em></strong></span> <span class='ocrx_word' id='word_1_91' title='bbox 324 1532 402 1599; x_wconf 82' lang='grc' dir='ltr'><strong><em>ποτέ</em></strong></span> <span class='ocrx_word' id='word_1_92' title='bbox 418 1528 482 1598; x_wconf 81' lang='grc' dir='ltr'><strong><em>άπὸ</em></strong></span> <span class='ocrx_word' id='word_1_93' title='bbox 500 1556 567 1597; x_wconf 89' lang='grc' dir='ltr'><strong><em>τιιν</em></strong></span> <span class='ocrx_word' id='word_1_94' title='bbox 580 1538 709 1614; x_wconf 87' lang='grc' dir='ltr'><strong><em>χειρῶν.</em></strong></span> 
     </span>
    </p>

    <p class='ocr_par' dir='ltr' id='par_1_7' title="bbox 108 1621 1116 2106">
     <span class='ocr_line' id='line_1_15' title="bbox 195 1621 1111 1715; baseline -0.002 -17"><span class='ocrx_word' id='word_1_95' title='bbox 195 1638 295 1699; x_wconf 86' lang='grc' dir='ltr'><strong><em>ΠΑΡ.</em></strong></span> <span class='ocrx_word' id='word_1_96' title='bbox 308 1628 426 1696; x_wconf 74' lang='grc' dir='ltr'><strong><em>Ἀδικα</em></strong></span> <span class='ocrx_word' id='word_1_97' title='bbox 436 1635 559 1713; x_wconf 88' lang='grc' dir='ltr'><strong><em>ποιῶν,</em></strong></span> <span class='ocrx_word' id='word_1_98' title='bbox 573 1621 835 1715; x_wconf 82' lang='grc' dir='ltr'><strong><em>ῶΠρῶτεσίλαε,</em></strong></span> <span class='ocrx_word' id='word_1_99' title='bbox 848 1634 902 1698; x_wconf 80' lang='grc' dir='ltr'><strong><em>καλ</em></strong></span> <span class='ocrx_word' id='word_1_100' title='bbox 915 1638 1018 1697; x_wconf 88' lang='grc' dir='ltr'><strong><em>ταῦτα</em></strong></span> <span class='ocrx_word' id='word_1_101' title='bbox 1029 1628 1111 1715; x_wconf 86' lang='grc' dir='ltr'><strong><em>ὁμό-</em></strong></span> 
     </span>
     <span class='ocr_line' id='line_1_16' title="bbox 110 1723 1112 1817; baseline -0.004 -20"><span class='ocrx_word' id='word_1_102' title='bbox 110 1754 227 1815; x_wconf 85' lang='grc' dir='ltr'><strong><em>τεχνον</em></strong></span> <span class='ocrx_word' id='word_1_103' title='bbox 242 1727 324 1796; x_wconf 82' lang='grc' dir='ltr'><strong><em>ὄντα</em></strong></span> <span class='ocrx_word' id='word_1_104' title='bbox 338 1747 409 1794; x_wconf 90' lang='grc' dir='ltr'><strong><em>σοι·</em></strong></span> <span class='ocrx_word' id='word_1_105' title='bbox 432 1723 586 1811; x_wconf 85' lang='grc' dir='ltr'><strong><em>ἐρωτικός</em></strong></span> <span class='ocrx_word' id='word_1_106' title='bbox 596 1724 662 1811; x_wconf 82' lang='grc' dir='ltr'><strong><em>γάρ</em></strong></span> <span class='ocrx_word' id='word_1_107' title='bbox 673 1730 727 1794; x_wconf 83' lang='grc' dir='ltr'><strong><em>καὶ</em></strong></span> <span class='ocrx_word' id='word_1_108' title='bbox 741 1725 842 1805; x_wconf 88' lang='grc' dir='ltr'><strong><em>αύτός</em></strong></span> <span class='ocrx_word' id='word_1_109' title='bbox 853 1734 917 1812; x_wconf 79' lang='grc' dir='ltr'><strong><em>εἰμι</em></strong></span> <span class='ocrx_word' id='word_1_110' title='bbox 927 1730 981 1794; x_wconf 83' lang='grc' dir='ltr'><strong><em>καὶ</em></strong></span> <span class='ocrx_word' id='word_1_111' title='bbox 992 1734 1037 1817; x_wconf 81' lang='grc' dir='ltr'><strong><em>τῶ</em></strong></span> <span class='ocrx_word' id='word_1_112' title='bbox 1049 1724 1112 1793; x_wconf 87' lang='grc' dir='ltr'><strong><em>αύ·</em></strong></span> 
     </span>
     <span class='ocr_line' id='line_1_17' title="bbox 110 1822 1116 1919; baseline -0.005 -23"><span class='ocrx_word' id='word_1_113' title='bbox 110 1837 157 1919; x_wconf 78' lang='grc' dir='ltr'><strong><em>τῷ</em></strong></span> <span class='ocrx_word' id='word_1_114' title='bbox 174 1834 245 1918; x_wconf 77' lang='grc' dir='ltr'><strong><em>θεῷ</em></strong></span> <span class='ocrx_word' id='word_1_115' title='bbox 262 1827 475 1911; x_wconf 80' lang='grc' dir='ltr'><strong><em>κατέσχημαι·</em></strong></span> <span class='ocrx_word' id='word_1_116' title='bbox 505 1822 605 1891; x_wconf 79' lang='grc' dir='ltr'><strong><em>οἶσθα</em></strong></span> <span class='ocrx_word' id='word_1_117' title='bbox 621 1825 657 1891; x_wconf 75' lang='grc' dir='ltr'><strong><em>δὲ</em></strong></span> <span class='ocrx_word' id='word_1_118' title='bbox 680 1822 723 1902; x_wconf 84' lang='grc' dir='ltr'><strong><em>ὡς</em></strong></span> <span class='ocrx_word' id='word_1_119' title='bbox 738 1822 899 1892; x_wconf 79' lang='grc' dir='ltr'><strong><em>ἀκούσιόν</em></strong></span> <span class='ocrx_word' id='word_1_120' title='bbox 920 1832 954 1892; x_wconf 88' lang='grc' dir='ltr'><strong><em>τί</em></strong></span> <span class='ocrx_word' id='word_1_121' title='bbox 973 1827 1040 1893; x_wconf 86' lang='grc' dir='ltr'><strong><em>ἐστι</em></strong></span> <span class='ocrx_word' id='word_1_122' title='bbox 1057 1830 1116 1892; x_wconf 88' lang='grc' dir='ltr'><strong><em>καί</em></strong></span> 
     </span>
     <span class='ocr_line' id='line_1_18' title="bbox 108 1917 1112 2012; baseline -0.007 -17"><span class='ocrx_word' id='word_1_123' title='bbox 108 1954 160 2006; x_wconf 88' lang='grc' dir='ltr'><strong><em>τις</em></strong></span> <span class='ocrx_word' id='word_1_124' title='bbox 170 1925 255 2012; x_wconf 82' lang='grc' dir='ltr'><strong><em>ἡμᾶς</em></strong></span> <span class='ocrx_word' id='word_1_125' title='bbox 269 1929 397 2009; x_wconf 86' lang='grc' dir='ltr'><strong><em>δαίμων</em></strong></span> <span class='ocrx_word' id='word_1_126' title='bbox 407 1921 482 2008; x_wconf 86' lang='grc' dir='ltr'><strong><em>άγει</em></strong></span> <span class='ocrx_word' id='word_1_127' title='bbox 494 1926 578 1989; x_wconf 74' lang='grc' dir='ltr'><strong><em>ἔνθα</em></strong></span> <span class='ocrx_word' id='word_1_128' title='bbox 588 1917 632 1988; x_wconf 83' lang='grc' dir='ltr'><strong><em>άν</em></strong></span> <span class='ocrx_word' id='word_1_129' title='bbox 644 1925 759 2010; x_wconf 82' lang='grc' dir='ltr'><strong><em>ἐθέλη,</em></strong></span> <span class='ocrx_word' id='word_1_130' title='bbox 776 1926 830 1991; x_wconf 85' lang='grc' dir='ltr'><strong><em>καλ</em></strong></span> <span class='ocrx_word' id='word_1_131' title='bbox 842 1921 1012 1990; x_wconf 81' lang='grc' dir='ltr'><strong><em>ἀδύνατόν</em></strong></span> <span class='ocrx_word' id='word_1_132' title='bbox 1022 1925 1112 1991; x_wconf 86' lang='grc' dir='ltr'><strong><em>ἐστιν</em></strong></span> 
     </span>
     <span class='ocr_line' id='line_1_19' title="bbox 109 2017 478 2106; baseline -0.016 -15"><span class='ocrx_word' id='word_1_133' title='bbox 109 2019 363 2091; x_wconf 75' lang='grc' dir='ltr'><strong><em>ἀντιτάττεσθαι</em></strong></span> <span class='ocrx_word' id='word_1_134' title='bbox 380 2017 478 2106; x_wconf 76' lang='grc' dir='ltr'><strong><em>αύτῷ.</em></strong></span> 
     </span>
    </p>

    <p class='ocr_par' dir='ltr' id='par_1_8' title="bbox 108 2111 1111 2304">
     <span class='ocr_line' id='line_1_20' title="bbox 192 2111 1111 2206; baseline -0.004 -18"><span class='ocrx_word' id='word_1_135' title='bbox 192 2127 223 2188; x_wconf 81' lang='lat'><strong><em>2.</em></strong></span> <span class='ocrx_word' id='word_1_136' title='bbox 244 2126 377 2187; x_wconf 75' lang='grc' dir='ltr'><strong><em>ΠΡΩΤ.</em></strong></span> <span class='ocrx_word' id='word_1_137' title='bbox 404 2111 458 2185; x_wconf 76' lang='grc' dir='ltr'><strong><em>Πύ</em></strong></span> <span class='ocrx_word' id='word_1_138' title='bbox 474 2120 587 2202; x_wconf 78' lang='grc' dir='ltr'><strong><em>λέγεις.</em></strong></span> <span class='ocrx_word' id='word_1_139' title='bbox 609 2127 682 2185; x_wconf 82' lang='grc' dir='ltr'><strong><em>εδθε</em></strong></span> <span class='ocrx_word' id='word_1_140' title='bbox 696 2111 761 2186; x_wconf 84' lang='grc' dir='ltr'><strong><em>οὖν</em></strong></span> <span class='ocrx_word' id='word_1_141' title='bbox 773 2144 830 2203; x_wconf 90' lang='grc' dir='ltr'><strong><em>μοι</em></strong></span> <span class='ocrx_word' id='word_1_142' title='bbox 844 2116 904 2186; x_wconf 83' lang='grc' dir='ltr'><strong><em>τὸν</em></strong></span> <span class='ocrx_word' id='word_1_143' title='bbox 914 2117 1041 2206; x_wconf 77' lang='grc' dir='ltr'><strong><em>Ἔρωτα</em></strong></span> <span class='ocrx_word' id='word_1_144' title='bbox 1056 2120 1111 2185; x_wconf 88' lang='grc' dir='ltr'><strong><em>ἐν-</em></strong></span> 
     </span>
     <span class='ocr_line' id='line_1_21' title="bbox 108 2208 571 2304; baseline -0.017 -17"><span class='ocrx_word' id='word_1_145' title='bbox 108 2226 220 2287; x_wconf 84' lang='grc' dir='ltr'><strong><em>ταῦθα</em></strong></span> <span class='ocrx_word' id='word_1_146' title='bbox 231 2224 346 2304; x_wconf 73' lang='grc' dir='ltr'><strong><em>λαβεῖν</em></strong></span> <span class='ocrx_word' id='word_1_147' title='bbox 359 2211 505 2283; x_wconf 83' lang='grc' dir='ltr'><strong><em>δυνατόν</em></strong></span> <span class='ocrx_word' id='word_1_148' title='bbox 518 2208 571 2299; x_wconf 81' lang='grc' dir='ltr'><strong><em>ἦν.</em></strong></span> 
     </span>
    </p>

    <p class='ocr_par' dir='ltr' id='par_1_9' title="bbox 106 2310 1112 2986">
     <span class='ocr_line' id='line_1_22' title="bbox 192 2310 1111 2399; baseline -0.004 -16"><span class='ocrx_word' id='word_1_149' title='bbox 192 2321 315 2383; x_wconf 83' lang='grc' dir='ltr'><em>ΑΙΑΚ.</em></span> <span class='ocrx_word' id='word_1_150' title='bbox 329 2312 410 2398; x_wconf 71' lang='grc' dir='ltr'><strong><em>Ἰύγῶ</em></strong></span> <span class='ocrx_word' id='word_1_151' title='bbox 422 2331 477 2379; x_wconf 89' lang='grc' dir='ltr'><strong><em>σοι</em></strong></span> <span class='ocrx_word' id='word_1_152' title='bbox 492 2315 546 2379; x_wconf 84' lang='grc' dir='ltr'><strong><em>καλ</em></strong></span> <span class='ocrx_word' id='word_1_153' title='bbox 557 2315 632 2396; x_wconf 72' lang='grc' dir='ltr'><strong><em>περὶ</em></strong></span> <span class='ocrx_word' id='word_1_154' title='bbox 642 2320 702 2379; x_wconf 89' lang='grc' dir='ltr'><strong><em>τοῦ</em></strong></span> <span class='ocrx_word' id='word_1_155' title='bbox 709 2310 851 2396; x_wconf 82' lang='grc' dir='ltr'><strong><em>’Ἑρωτος</em></strong></span> <span class='ocrx_word' id='word_1_156' title='bbox 866 2310 1111 2399; x_wconf 87' lang='grc' dir='ltr'><strong><em>άποκρινοῦμαι</em></strong></span> 
     </span>
     <span class='ocr_line' id='line_1_23' title="bbox 108 2407 1112 2498; baseline -0.006 -17"><span class='ocrx_word' id='word_1_157' title='bbox 108 2413 149 2481; x_wconf 83' lang='grc' dir='ltr'><strong><em>τά</em></strong></span> <span class='ocrx_word' id='word_1_158' title='bbox 161 2417 288 2482; x_wconf 85' lang='grc' dir='ltr'><strong><em>δίκαια·</em></strong></span> <span class='ocrx_word' id='word_1_159' title='bbox 312 2412 411 2497; x_wconf 85' lang='grc' dir='ltr'><strong><em>φήσει</em></strong></span> <span class='ocrx_word' id='word_1_160' title='bbox 422 2407 488 2496; x_wconf 84' lang='grc' dir='ltr'><strong><em>γάρ</em></strong></span> <span class='ocrx_word' id='word_1_161' title='bbox 498 2407 598 2487; x_wconf 88' lang='grc' dir='ltr'><strong><em>αύτός</em></strong></span> <span class='ocrx_word' id='word_1_162' title='bbox 608 2409 670 2493; x_wconf 73' lang='grc' dir='ltr'><strong><em>μὲν</em></strong></span> <span class='ocrx_word' id='word_1_163' title='bbox 680 2417 740 2475; x_wconf 90' lang='grc' dir='ltr'><strong><em>τοῦ</em></strong></span> <span class='ocrx_word' id='word_1_164' title='bbox 752 2410 831 2493; x_wconf 81' lang='grc' dir='ltr'><strong><em>ἐρᾶν</em></strong></span> <span class='ocrx_word' id='word_1_165' title='bbox 842 2417 888 2498; x_wconf 79' lang='grc' dir='ltr'><strong><em>τῶ</em></strong></span> <span class='ocrx_word' id='word_1_166' title='bbox 900 2410 1023 2491; x_wconf 91' lang='grc' dir='ltr'><strong><em>Πάριδι</em></strong></span> <span class='ocrx_word' id='word_1_167' title='bbox 1033 2419 1112 2487; x_wconf 75' lang='grc' dir='ltr'><strong><em>ἴσως</em></strong></span> 
     </span>
     <span class='ocr_line' id='line_1_24' title="bbox 107 2501 1111 2594; baseline 0 -18"><span class='ocrx_word' id='word_1_168' title='bbox 107 2516 310 2594; x_wconf 80' lang='grc' dir='ltr'><strong><em>γεγενῆσθαι</em></strong></span> <span class='ocrx_word' id='word_1_169' title='bbox 322 2517 441 2592; x_wconf 81' lang='grc' dir='ltr'><strong><em>αλτιος,</em></strong></span> <span class='ocrx_word' id='word_1_170' title='bbox 461 2512 522 2573; x_wconf 90' lang='grc' dir='ltr'><strong><em>τοῦ</em></strong></span> <span class='ocrx_word' id='word_1_171' title='bbox 532 2507 684 2574; x_wconf 88' lang='grc' dir='ltr'><strong><em>θανάτου</em></strong></span> <span class='ocrx_word' id='word_1_172' title='bbox 696 2510 735 2572; x_wconf 90' lang='grc' dir='ltr'><strong><em>δέ</em></strong></span> <span class='ocrx_word' id='word_1_173' title='bbox 747 2524 800 2572; x_wconf 84' lang='grc' dir='ltr'><strong><em>σοι</em></strong></span> <span class='ocrx_word' id='word_1_174' title='bbox 811 2503 933 2573; x_wconf 86' lang='grc' dir='ltr'><strong><em>ούδένα</em></strong></span> <span class='ocrx_word' id='word_1_175' title='bbox 948 2505 1067 2594; x_wconf 84' lang='grc' dir='ltr'><strong><em>άλλον,</em></strong></span> <span class='ocrx_word' id='word_1_176' title='bbox 1084 2501 1111 2576; x_wconf 87' lang='grc' dir='ltr'><strong><em>ῶ</em></strong></span> 
     </span>
     <span class='ocr_line' id='line_1_25' title="bbox 107 2601 1111 2693; baseline 0 -18"><span class='ocrx_word' id='word_1_177' title='bbox 107 2613 334 2693; x_wconf 78' lang='grc' dir='ltr'><strong><em>Πρωτεσίλαε,</em></strong></span> <span class='ocrx_word' id='word_1_178' title='bbox 357 2601 380 2692; x_wconf 76' lang='grc' dir='ltr'><em>ἢ</em></span> <span class='ocrx_word' id='word_1_179' title='bbox 397 2604 556 2690; x_wconf 85' lang='grc' dir='ltr'><strong><em>σεαυτόν,</em></strong></span> <span class='ocrx_word' id='word_1_180' title='bbox 579 2601 617 2681; x_wconf 81' lang='grc' dir='ltr'><strong><em>ὃς</em></strong></span> <span class='ocrx_word' id='word_1_181' title='bbox 632 2602 856 2688; x_wconf 76' lang='grc' dir='ltr'><strong><em>ἐκλαθόμενος</em></strong></span> <span class='ocrx_word' id='word_1_182' title='bbox 872 2611 929 2691; x_wconf 82' lang='grc' dir='ltr'><strong><em>τῆς</em></strong></span> <span class='ocrx_word' id='word_1_183' title='bbox 943 2607 1111 2693; x_wconf 80' lang='grc' dir='ltr'><strong><em>νεογάμου</em></strong></span> 
     </span>
     <span class='ocr_line' id='line_1_26' title="bbox 106 2700 1110 2792; baseline 0 -19"><span class='ocrx_word' id='word_1_184' title='bbox 106 2706 279 2792; x_wconf 86' lang='grc' dir='ltr'><strong><em>γυναικός,</em></strong></span> <span class='ocrx_word' id='word_1_185' title='bbox 294 2708 363 2772; x_wconf 84' lang='grc' dir='ltr'><strong><em>ἐπει</em></strong></span> <span class='ocrx_word' id='word_1_186' title='bbox 373 2707 625 2788; x_wconf 77' lang='grc' dir='ltr'><strong><em>προσεφέρεσθε</em></strong></span> <span class='ocrx_word' id='word_1_187' title='bbox 635 2707 675 2788; x_wconf 80' lang='grc' dir='ltr'><strong><em>τῇ</em></strong></span> <span class='ocrx_word' id='word_1_188' title='bbox 685 2700 827 2789; x_wconf 78' lang='grc' dir='ltr'><strong><em>Τρῳάδι,</em></strong></span> <span class='ocrx_word' id='word_1_189' title='bbox 840 2700 946 2781; x_wconf 84' lang='grc' dir='ltr'><strong><em>οὕτως</em></strong></span> <span class='ocrx_word' id='word_1_190' title='bbox 957 2712 1110 2789; x_wconf 86' lang='grc' dir='ltr'><strong><em>φιλοκιν-</em></strong></span> 
     </span>
     <span class='ocr_line' id='line_1_27' title="bbox 107 2799 1107 2888; baseline 0 -16"><span class='ocrx_word' id='word_1_191' title='bbox 107 2804 221 2882; x_wconf 84' lang='grc' dir='ltr'><strong><em>δύνως</em></strong></span> <span class='ocrx_word' id='word_1_192' title='bbox 237 2806 293 2870; x_wconf 84' lang='grc' dir='ltr'><strong><em>καλ</em></strong></span> <span class='ocrx_word' id='word_1_193' title='bbox 311 2799 587 2888; x_wconf 77' lang='grc' dir='ltr'><strong><em>ἀπονενοημένως</em></strong></span> <span class='ocrx_word' id='word_1_194' title='bbox 597 2799 829 2885; x_wconf 80' lang='grc' dir='ltr'><strong><em>προεπήδησας</em></strong></span> <span class='ocrx_word' id='word_1_195' title='bbox 844 2809 911 2868; x_wconf 88' lang='grc' dir='ltr'><strong><em>τῶν</em></strong></span> <span class='ocrx_word' id='word_1_196' title='bbox 928 2800 1040 2871; x_wconf 84' lang='grc' dir='ltr'><strong><em>άλλων</em></strong></span> <span class='ocrx_word' id='word_1_197' title='bbox 1050 2804 1107 2873; x_wconf 84' lang='grc' dir='ltr'><strong><em>δό·</em></strong></span> 
     </span>
     <span class='ocr_line' id='line_1_28' title="bbox 107 2893 1088 2986; baseline 0.003 -18"><span class='ocrx_word' id='word_1_198' title='bbox 107 2907 165 2986; x_wconf 83' lang='grc' dir='ltr'><strong><em>ξης</em></strong></span> <span class='ocrx_word' id='word_1_199' title='bbox 179 2904 349 2986; x_wconf 80' lang='grc' dir='ltr'><strong><em>ἐρασθείς,</em></strong></span> <span class='ocrx_word' id='word_1_200' title='bbox 366 2897 411 2967; x_wconf 87' lang='grc' dir='ltr'><strong><em>δι’</em></strong></span> <span class='ocrx_word' id='word_1_201' title='bbox 428 2897 471 2986; x_wconf 78' lang='grc' dir='ltr'><strong><em>ἣν</em></strong></span> <span class='ocrx_word' id='word_1_202' title='bbox 485 2906 615 2985; x_wconf 87' lang='grc' dir='ltr'><strong><em>πρῶτος</em></strong></span> <span class='ocrx_word' id='word_1_203' title='bbox 630 2901 668 2965; x_wconf 91' lang='grc' dir='ltr'><strong><em>ἐν</em></strong></span> <span class='ocrx_word' id='word_1_204' title='bbox 679 2903 720 2986; x_wconf 77' lang='grc' dir='ltr'><strong><em>τῇ</em></strong></span> <span class='ocrx_word' id='word_1_205' title='bbox 737 2893 899 2984; x_wconf 77' lang='grc' dir='ltr'><strong><em>ἀποβάσει</em></strong></span> <span class='ocrx_word' id='word_1_206' title='bbox 912 2897 1088 2982; x_wconf 85' lang='grc' dir='ltr'><strong><em>άπέθανες.</em></strong></span> 
     </span>
    </p>

    <p class='ocr_par' dir='ltr' id='par_1_10' title="bbox 105 2992 1109 3283">
     <span class='ocr_line' id='line_1_29' title="bbox 192 2992 1109 3086; baseline 0.002 -18"><span class='ocrx_word' id='word_1_207' title='bbox 192 3007 324 3068; x_wconf 70' lang='lat' dir='ltr'><strong><em>nm.</em></strong></span> <span class='ocrx_word' id='word_1_208' title='bbox 356 2997 493 3066; x_wconf 89' lang='grc' dir='ltr'><strong><em>Ούκοῦν</em></strong></span> <span class='ocrx_word' id='word_1_209' title='bbox 514 3001 569 3066; x_wconf 79' lang='grc' dir='ltr'><strong><em>καὶ</em></strong></span> <span class='ocrx_word' id='word_1_210' title='bbox 590 2994 675 3080; x_wconf 76' lang='grc' dir='ltr'><strong><em>ῦπδρ</em></strong></span> <span class='ocrx_word' id='word_1_211' title='bbox 693 2999 836 3080; x_wconf 82' lang='grc' dir='ltr'><strong><em>ἐμαυτοῦ</em></strong></span> <span class='ocrx_word' id='word_1_212' title='bbox 859 3017 928 3085; x_wconf 88' lang='grc' dir='ltr'><strong><em>σοι,</em></strong></span> <span class='ocrx_word' id='word_1_213' title='bbox 954 2992 1109 3086; x_wconf 80' lang='grc' dir='ltr'><strong><em>ῶΑλακέ,</em></strong></span> 
     </span>
     <span class='ocr_line' id='line_1_30' title="bbox 106 3091 1107 3186; baseline 0 -19"><span class='ocrx_word' id='word_1_214' title='bbox 106 3096 354 3183; x_wconf 75' lang='grc' dir='ltr'><strong><em>ἀποκρινοῦμαι</em></strong></span> <span class='ocrx_word' id='word_1_215' title='bbox 375 3094 577 3179; x_wconf 90' lang='grc' dir='ltr'><strong><em>δικαιότερα·</em></strong></span> <span class='ocrx_word' id='word_1_216' title='bbox 607 3091 649 3161; x_wconf 90' lang='grc' dir='ltr'><strong><em>ού</em></strong></span> <span class='ocrx_word' id='word_1_217' title='bbox 669 3091 735 3178; x_wconf 79' lang='grc' dir='ltr'><strong><em>γάρ</em></strong></span> <span class='ocrx_word' id='word_1_218' title='bbox 757 3092 821 3179; x_wconf 83' lang='grc' dir='ltr'><strong><em>ἐγῶ</em></strong></span> <span class='ocrx_word' id='word_1_219' title='bbox 842 3095 971 3165; x_wconf 83' lang='grc' dir='ltr'><strong><em>τούτων</em></strong></span> <span class='ocrx_word' id='word_1_220' title='bbox 994 3108 1107 3186; x_wconf 75' lang='grc' dir='ltr'><strong><em>αἴτιος,</em></strong></span> 
     </span>
     <span class='ocr_line' id='line_1_31' title="bbox 105 3187 1011 3283; baseline 0 -19"><span class='ocrx_word' id='word_1_221' title='bbox 105 3193 181 3266; x_wconf 69' lang='grc' dir='ltr'><strong><em>ἄλλ’</em></strong></span> <span class='ocrx_word' id='word_1_222' title='bbox 197 3194 219 3283; x_wconf 81' lang='grc' dir='ltr'><em>ἡ</em></span> <span class='ocrx_word' id='word_1_223' title='bbox 235 3203 349 3282; x_wconf 82' lang='grc' dir='ltr'><strong><em>Μοῖρα</em></strong></span> <span class='ocrx_word' id='word_1_224' title='bbox 364 3197 419 3262; x_wconf 84' lang='grc' dir='ltr'><strong><em>καλ</em></strong></span> <span class='ocrx_word' id='word_1_225' title='bbox 432 3190 469 3261; x_wconf 82' lang='grc' dir='ltr'><strong><em>τό</em></strong></span> <span class='ocrx_word' id='word_1_226' title='bbox 487 3196 518 3272; x_wconf 83' lang='grc' dir='ltr'><strong><em>ἐξ</em></strong></span> <span class='ocrx_word' id='word_1_227' title='bbox 532 3190 633 3277; x_wconf 77' lang='grc' dir='ltr'><strong><em>ἀρχῆς</em></strong></span> <span class='ocrx_word' id='word_1_228' title='bbox 648 3187 753 3268; x_wconf 81' lang='grc' dir='ltr'><strong><em>οὕτως</em></strong></span> <span class='ocrx_word' id='word_1_229' title='bbox 768 3195 1011 3264; x_wconf 77' lang='grc' dir='ltr'><strong><em>ἐπικεκλῶσθαι</em></strong></span> 
     </span>
    </p>

    <p class='ocr_par' dir='ltr' id='par_1_11' title="bbox 195 3283 887 3380">
     <span class='ocr_line' id='line_1_32' title="bbox 195 3283 887 3380; baseline -0.007 -18"><span class='ocrx_word' id='word_1_230' title='bbox 195 3301 315 3362; x_wconf 83' lang='grc' dir='ltr'><em>ΑΙΑΚ.</em></span> <span class='ocrx_word' id='word_1_231' title='bbox 336 3292 478 3379; x_wconf 88' lang='grc' dir='ltr'><strong><em>Ὀρθῶς·</em></strong></span> <span class='ocrx_word' id='word_1_232' title='bbox 500 3296 534 3358; x_wconf 91' lang='grc' dir='ltr'><strong><em>τί</em></strong></span> <span class='ocrx_word' id='word_1_233' title='bbox 545 3283 608 3356; x_wconf 84' lang='grc' dir='ltr'><strong><em>οὖν</em></strong></span> <span class='ocrx_word' id='word_1_234' title='bbox 624 3288 764 3367; x_wconf 83' lang='grc' dir='ltr'><strong><em>τούτους</em></strong></span> <span class='ocrx_word' id='word_1_235' title='bbox 780 3295 887 3380; x_wconf 70' lang='grc' dir='ltr'><strong><em>αἰτιᾷς</em></strong></span> 
     </span>
    </p>
   </div>
   <div class='ocr_carea' id='block_1_3' title="bbox 0 0 1280 3825">
    <p class='ocr_par' dir='ltr' id='par_1_12' title="bbox 0 0 1280 3825">
     <span class='ocr_line' id='line_1_33' title="bbox 0 0 1280 3825; baseline 0 2"><span class='ocrx_word' id='word_1_236' title='bbox 0 0 1280 3825; x_wconf 95' lang='lat' dir='ltr'><strong><em> </em></strong></span> 
     </span>
    </p>
   </div>
  </div>
 </body>
</html>
