2550 3825
168 176 232 238 242
527 180 817 238 ΑΟΤΚΙΑΝΘΤ

169 336 294 423 λόγον·
329 337 508 423 άπόκριναι
533 339 598 423 γάρ
628 364 706 422 μοι,
737 336 798 404 τόν
829 339 954 422 πατέρα
982 335 1081 404 οἶσθα
1111 334 1171 404 τόν

170 443 330 518 σεαυτοῦς

254 540 353 601 ΑΓΘ.
376 540 454 602 Ναί.

252 639 377 700 xm.
403 638 445 699 Τί
453 624 533 709 οόν;
546 630 590 717 ἥν
601 652 655 697 σοι
665 631 876 716 παραστήσας
886 626 961 696 τινά
969 630 1171 713 ἐγκεκαλυμ-

169 735 272 817 μένον
286 736 427 815 έρωμαι,
444 736 565 796 τοῦτον
577 727 695 810 οἶσθας
715 735 748 796 τί
759 730 891 814 φήσειςς

254 833 353 895 ΑΓΘ.
378 825 517 913 Δηλαδὴ
534 825 680 913 άγνοεῑν.

254 931 305 994 23.
327 933 456 994 ΧΡΓΣ.
481 923 578 993 Ἀλλά
594 923 664 1012 μὴν
686 922 786 1002 αὐτὸς
807 917 905 1003 οὗτος
922 916 966 1011 ἦν
984 921 1003 991 ὁ
1020 920 1127 1008 πατὴρ
1150 920 1168 988 ὁ

170 1025 243 1102 σός·
273 1023 356 1091 ὥστε
377 1030 408 1092 εί
425 1031 547 1092 τοῦτον
563 1021 709 1109 άγνοεῑς,
734 1026 834 1108 δῆλος
854 1021 884 1090 ελ
900 1020 960 1089 τὸν
975 1025 1098 1105 πατέρα
1112 1018 1170 1086 τόν

171 1123 232 1191 σόν
248 1120 389 1207 άγνοῶν.

253 1227 352 1288 ΑΓΘ.
377 1218 428 1287 Θύ
444 1222 506 1305 μὲν
527 1214 604 1288 οὖν·
636 1220 710 1289 ἄλλ’
726 1220 944 1301 ἀποκαλύψας
959 1219 1064 1288 αὐτόν
1082 1231 1168 1288 είσο-
1271 1288 1272 1311 ,

171 1347 228 1406 μαι
240 1317 302 1405 τὴν
311 1317 483 1405 άλήθειαν.
500 1317 589 1404 ὅμως
600 1317 631 1387 δ’
645 1313 709 1388 οὖν
719 1327 753 1388 τί
761 1340 814 1387 σοι
824 1326 881 1405 τῆς
891 1325 1011 1405 σοφίας
1021 1318 1058 1386 τὸ
1072 1322 1169 1403 τέλος,

170 1415 192 1506 ἦ
203 1425 236 1486 τί
244 1418 376 1503 πράξεις
387 1414 470 1501 πρός
482 1415 518 1485 τό
532 1415 717 1504 ἀκρότατον
727 1426 784 1505 τῆς
794 1416 912 1503 άρετῆς
922 1414 1141 1502 άφικόμενοςς

253 1524 379 1584 xm.
402 1518 486 1598 Περὶ
500 1514 540 1583 τὰ
552 1525 665 1602 πρῶτα
676 1515 759 1585 κατά
771 1517 877 1603 φάσιν
892 1514 966 1584 τότε
979 1516 1168 1602 γενήσομαι,
1272 1600 1273 1605 ¹

170 1618 256 1701 λέγω
272 1612 308 1681 δέ
329 1620 476 1680 πλοῦτον
492 1611 622 1699 ὑγίειαν
646 1618 700 1682 καὶ
715 1612 755 1680 τά
774 1621 921 1682 τοιαῦτα.
950 1615 1112 1699 πρότερον
1133 1615 1168 1680 δὲ
1272 1631 1275 1664 1

171 1711 301 1798 ἀνάγκη
315 1710 421 1778 πολλὰ
436 1721 646 1798 προπονῆσαι
659 1711 900 1797 λεπτογράφοις
911 1718 1051 1800 βιβλίοις
1063 1735 1169 1795 παρα·

170 1811 321 1894 θήγοντα
336 1805 396 1893 τὴν
412 1805 491 1887 όψιν
505 1811 560 1877 καί
571 1811 685 1896 σχόλια
701 1817 940 1895 συναγείροντα
956 1812 1012 1877 καλ
1027 1818 1170 1876 σολοικι-

101 1935 154 1989 554
174 1914 267 1994 σμοῖν
283 1905 531 1991 ἐμπιπλάμενον
542 1909 597 1976 καί
607 1905 742 1976 άτόπων
756 1908 928 1997 ῥημάτων·
948 1910 1002 1976 καλ
1018 1905 1054 1975 τὸ
1066 1905 1170 1991 κεφά-

173 2016 285 2089 λαιον,
304 2001 345 2071 οὐ
358 2007 455 2089 θέμις
470 2009 629 2091 γενέσθαι
644 2008 768 2094 σοφόν,
784 2005 884 2096 ἦνμὴ
898 2010 966 2092 τρὶς
981 2010 1097 2093 ἐφεξῆς
1110 2010 1170 2073 τοῦ

100 2160 104 2169 .
171 2101 349 2189 ἐλλεβόρου
366 2109 449 2191 πίῃς.
1158 2182 1167 2205 x

256 2206 356 2267 ΑΓΘ.
378 2201 521 2269 Γενναῑά
537 2222 600 2269 σου
619 2212 722 2272 ταῦτα
745 2207 799 2272 καὶ
818 2209 934 2281 δεινῶς
955 2201 1104 2286 άνδρικά.
1133 2225 1170 2266 το

172 2302 207 2368 δὲ
221 2304 382 2384 Γνίφωνα
404 2297 487 2367 εἶναι
507 2304 562 2369 καὶ
575 2303 786 2388 τοκογλύφον
802 2343 838 2353 -
854 2304 909 2369 καὶ
927 2297 991 2386 γάρ
1008 2300 1086 2367 τάδε
1103 2294 1172 2381 ὁρῶ

171 2418 225 2465 σοι
244 2396 413 2482 προσόντα
426 2438 469 2449 -
485 2406 518 2466 τί
530 2406 662 2485 φῶμεν,
682 2398 805 2485 ἀνδρὸς
819 2398 884 2487 ἤδη
904 2398 1094 2473 πεπωκότος
1112 2392 1172 2461 τὸν

171 2496 349 2581 ἐλλέβορον
364 2498 418 2563 καὶ
432 2504 559 2565 τελείου
575 2496 658 2582 πρὸς
673 2496 811 2584 άρετήνς

254 2598 380 2659 xm.
404 2600 486 2661 Ναί·
510 2595 602 2686 μόνφ
614 2604 700 2680 γοῦν
712 2594 748 2663 τό
765 2601 925 2676 δανείζειν
938 2596 1057 2675 πρέποι
1072 2587 1115 2658 άν
1126 2597 1172 2679 τῷ

172 2698 282 2781 σοφῷ·
306 2692 375 2758 ἐπεὶ
387 2689 451 2777 γάρ
463 2698 550 2761 ίδιον
564 2692 669 2761 αὐτοῦ
680 2691 719 2762 τὰ
728 2700 995 2780 συλλογίζεσθαι,
1010 2688 1047 2758 τό
1061 2693 1172 2757 δανεί-

172 2798 238 2872 ζειν
255 2788 291 2857 d&
312 2792 366 2856 καὶ
386 2796 573 2875 λογιζεσθαι
591 2792 670 2871 τους
692 2791 811 2869 τόκους
829 2797 968 2877 πλησίον
983 2787 1067 2857 εἶναι
1082 2793 1174 2855 δοκεῖ

170 2895 230 2956 τοῦ
248 2893 516 2974 συλλογίζεσθαι,
539 2887 706 2975 μόνουάν
721 2900 770 2976 είη
786 2897 846 2957 τοῦ
860 2893 1045 2957 σπουδαίου
1061 2886 1171 2955 καθά-

171 3013 233 3072 περ
250 2987 357 3053 έκεῑνο
374 2990 429 3053 καὶ
448 2994 564 3074 τοῦτο,
588 2990 643 3056 καὶ
664 2986 705 3055 οὐ
725 2990 832 3074 μόνον
845 3014 883 3073 γε
895 2985 1037 3069 ἆπλοῦς,
1060 2983 1172 3065 ὥσπερ

172 3092 206 3155 os
220 3086 331 3169 άλλοι,
349 3083 427 3162 τούς
443 3083 577 3171 τόκους,
593 3084 677 3155 άλλά
692 3088 747 3154 καὶ
762 3086 891 3154 τούτων
908 3086 1040 3170 ἑτέρους
1053 3082 1173 3159 τόκους

171 3184 369 3271 λαμβάνειν·
384 3178 406 3268 ἢ
418 3179 482 3267 γάρ
493 3180 622 3267 άγνοεϊς
633 3182 684 3252 ὅτι
696 3192 764 3252 τῶν
774 3184 883 3252 τόκων
893 3188 928 3251 οί
935 3186 997 3269 μέν
1007 3188 1069 3250 εἰσι
1080 3187 1174 3266 πρῶ-

171 3290 225 3351 τοί
236 3308 338 3366 τινες,
363 3284 399 3349 οί
411 3282 446 3349 δὲ
462 3282 611 3366 δεύτεροι
631 3284 785 3369 καθάπερ
800 3284 912 3351 αὐτῶν
935 3288 1071 3350 ἐκείνων
1087 3278 1174 3347 άπό-

170 3408 284 3469 γονοις
303 3378 383 3467 ὁρᾷς
400 3380 435 3449 δὲ
454 3382 535 3466 δῆτα
551 3382 605 3447 καλ
618 3379 678 3448 τδν
694 3381 918 3468 συλλογισμόν
938 3379 1036 3451 ὁποῖά
1051 3401 1173 3466 φησιν’
