2550 3825
328 155 569 212 ΝΕΚΡΙΚΟΙ
596 155 854 212 ΑΙΑΛΟΓΟΙ.
1032 149 1092 210 143

166 319 330 381 ΠΛΟῬΤ.
354 314 576 380 Δικαιότατον
592 314 654 398 μὲν
669 305 748 396 οὖν,
774 305 800 378 ἀ
820 319 989 395 Τερψίων,
1011 320 1044 378 εί
1054 337 1092 396 γε

86 438 103 478 ο
121 416 183 497 μὲν
200 417 236 500 ζῇ
258 416 384 498 μηδένα
405 411 582 498 εὐχόμενος
604 411 790 479 ἀποθανεῖν
810 420 878 477 τεόν
899 417 1023 494 φίλων,
1049 405 1092 476 σό

87 515 121 579 δὲ
135 509 225 595 παρὰ
236 511 345 578 πάντα
357 509 417 578 τόν
431 511 555 596 χρόνον
570 512 787 598 ἐπεβούλευες
802 510 891 599 αὐτῷ
903 512 1091 594 περιμένων

86 609 144 676 τόν
159 619 292 697 κλήρον.

87 820 210 878 σασθαι
225 816 270 899 τῷ
287 809 420 897 πλούτῳ
437 803 541 873 αὐτόν
557 808 749 892 δυνάμενον
763 805 924 875 ἀπελθεῖν
938 814 999 874 τοῦ
1013 813 1090 893 βίου

86 908 370 994 παραχωρήσαντα
387 921 454 984 τοῖς
469 909 573 984 νέοις;

168 1012 331 1074 ΠΛΟῬΤ.
355 1005 481 1089 Καινά,
501 997 527 1071 ό
542 1012 711 1091 Τερψίων,
730 1017 939 1092 νομοθετεῖς,
954 1003 1014 1072 τόν
1026 1032 1090 1092 μή·

85 1107 152 1175 κέτι
164 1115 209 1196 τῷ
220 1107 353 1195 πλούτῳ
365 1105 553 1190 χρήσασθαι
565 1107 755 1190 δυνάμενον
770 1102 852 1190 πρός
866 1102 993 1192 ἡδονήν
1006 1103 1090 1173 ἀπο-

85 1206 264 1292 θνήσκειν·
284 1203 321 1272 τδ
338 1207 373 1271 δέ
392 1201 534 1289 ἀλλωςή
552 1211 667 1288 Μοῖρα
681 1209 735 1273 καῖ
752 1204 771 1292 ή
788 1205 891 1291 φύσις
907 1207 1062 1284 διέταξεν.

168 1313 197 1372 2.
224 1313 350 1372 ΤΕΡΨ.
377 1301 514 1371 Οὐκοῦν
529 1302 650 1388 ταύτης
660 1308 812 1389 αίτιιόμαι
824 1310 881 1388 τῆς
896 1303 1086 1382 διατάξεως

85 1410 182 1491 ἐχρῆν
197 1401 260 1490 γάρ
275 1400 311 1470 τό
328 1410 463 1489 πράγμα
478 1405 549 1488 ἑξῆς
561 1428 629 1479 πως
644 1408 814 1487 γίνεσθαι,
830 1400 890 1469 τόν
905 1402 1088 1486 πρεσβύτε-

85 1529 146 1588 ρον
161 1502 325 1587 πρότερον
341 1503 396 1569 καὶ
415 1499 495 1588 μετά
516 1509 636 1569 τοῦτον
653 1501 741 1580 ὅστις
756 1505 811 1569 καὶ
834 1509 873 1590 τῇ
893 1499 1003 1587 ἡλικίᾳ
1016 1499 1085 1586 μετ’

85 1599 203 1686 αὐτόν,
226 1597 494 1686 ἀναστρέφεσθαι
517 1603 552 1667 δὲ
572 1606 746 1686 μηδαμῶς,
768 1601 850 1687 μηδὲ
872 1605 929 1684 ζῆν
953 1600 1014 1684 μὲν
1027 1597 1087 1665 τόν

84 1698 283 1787 ὑπέργηρων
294 1697 431 1778 ὀδόντας
442 1714 527 1788 τρεῖς
537 1706 583 1767 ἐτι
594 1699 732 1778 λοιπούς
741 1705 868 1785 έχοντα,
877 1699 974 1785 μόγις
984 1696 1085 1781 ὁρῶν-

84 1828 140 1885 τα,
165 1800 304 1877 οἰκέταις
318 1803 490 1883 τέτταρσιν
512 1796 756 1884 ἐπικεκυφότα,
781 1797 921 1883 κορύζης
943 1800 1005 1883 μὲν
1026 1795 1087 1881 τήν

4 1909 7 1923 “
83 1901 176 1984 δῖνα,
191 1898 296 1986 λήμης
313 1898 348 1966 δὲ
363 1895 441 1977 τούς
458 1895 656 1984 όφθαλμοός
671 1894 793 1984 μεστόν
804 1895 902 1981 ὅντα,
925 1895 1025 1963 οὐδὲν
1040 1900 1086 1962 ἐτι

83 1993 148 2083 ’ἡδδ
167 1996 292 2082 εἰδότα,
309 1999 457 2083 ἔμψυχόν
472 2025 546 2065 τινα
561 1997 672 2083 τάφον
686 1994 751 2063 ὑπό
767 2002 835 2063 τῶν
850 2000 937 2062 νέων
949 2019 1088 2078 καταγε-
1105 2006 1157 2060 348

82 2096 253 2183 λόμενον,
269 2095 498 2183 ἀποθνήσκειν
513 2099 549 2163 δὲ
566 2104 761 2173 καλλίστους
775 2098 829 2161 καὶ
841 2093 1088 2180 ἐρρωμενεστά-

83 2222 162 2273 τους
177 2203 390 2275 νεανίσκους·
413 2196 484 2263 άνω
500 2195 564 2282 γάρ
581 2203 740 2282 ποταμῶν
755 2193 854 2261 τοῦτό
868 2216 921 2276 γε·
944 2186 1016 2276 ήτό
1033 2216 1087 2257 τε-

81 2302 238 2362 λευταῖον
256 2296 376 2363 είδέναι
391 2298 505 2382 ε’χρήν,
523 2296 602 2362 πότε
613 2298 667 2362 καὶ
679 2293 872 2379 τεθνήξεται
887 2297 955 2356 τῶν
967 2290 1088 2375 γερόν-

81 2418 151 2459 των
167 2394 320 2478 ἕκαστος,
341 2398 397 2461 ἵνα
412 2392 456 2482 μή
474 2395 582 2481 μάτην
599 2390 643 2460 ἀν
657 2397 766 2469 ἐνίους
782 2390 999 2475 ἐθεράπευον.
1022 2396 1088 2454 νῦν
1103 2406 1156 2460 349

82 2489 118 2558 δέ
141 2488 177 2559 τό
192 2501 251 2577 τῆς
271 2502 465 2581 παροιμίας,
490 2492 510 2580 ή
534 2492 641 2579 ἅμαξα
662 2491 722 2559 τόν
737 2499 824 2578 βοῦν
848 2488 1018 2574 [πολλάκις
1033 2490 1087 2553 έκ-

81 2591 203 2675 φέρει].

161 2695 190 2756 3.
207 2696 370 2758 ΠΛΟΤΤ.
393 2699 502 2760 Ταῦτα
517 2695 598 2778 μέν,
616 2684 642 2757 εἷ
656 2695 825 2772 Τερψίων,
842 2689 929 2756 πολό
941 2707 1087 2755 συνετω-

80 2814 160 2873 τερα
176 2794 302 2874 γίνεται
321 2787 407 2877 ήπερ
428 2796 480 2860 σοὶ
502 2796 601 2859 δοκεῖ.
631 2793 686 2858 καὶ
705 2787 799 2875 ὑμεῖς
816 2789 851 2854 δέ
867 2794 901 2854 τί
920 2785 1087 2863 παθόντες

80 2882 267 2972 ἀλλοτρίοις
291 2890 472 2974 ἐπιχαίνετε
493 2892 548 2957 καὶ
568 2904 636 2968 τοῖς
656 2888 805 2965 ἀτέκνοις
825 2894 892 2954 τῶν
917 2886 1087 2970 γερόντων

81 2987 241 3053 ἐσποιεῖτε
257 2990 414 3071 φέροντες
428 2986 566 3071 αὑτούςς
587 2993 767 3073 τοιγαροῦν
780 2989 905 3071 γέλωτα
923 2982 1086 3070 όφλισκά-
1104 3000 1156 3053 350

79 3110 156 3152 νετε
176 3083 241 3165 πρό
258 3091 394 3152 ἐκείνων
415 3086 710 3172 κατορυττόμενοι,
735 3087 790 3153 καὶ
809 3082 845 3151 τό
862 3093 998 3169 πρᾶγμα
1021 3098 1088 3158 τοῖς

79 3191 215 3261 πολλοῖς
232 3185 368 3269 ἥδιστον
389 3191 530 3269 γίνεται·
559 3184 626 3273 όσμ
642 3183 706 3270 γάρ
723 3182 814 3269 ὑμεῖς
835 3184 983 3259 ἐκείνους
1003 3182 1088 3278 ἀπο-

80 3291 204 3349 θανεῖν
234 3281 389 3369 εῧχεσθε,
416 3284 562 3374 τοσούτῳ
591 3282 716 3351 ἀπασιν
741 3279 807 3369 ήδό
834 3290 1088 3363 προαποθανεῖν

80 3378 168 3466 ὑμᾶς
183 3380 305 3449 αὐτῶν.
334 3380 455 3469 καινήν
470 3383 534 3469 γάρ
551 3410 624 3452 τινα
645 3381 770 3465 ταύτην
784 3406 902 3464 τεχνην
915 3380 1085 3464 ἐπινενοή-
