2550 3825
465 237 564 294 EPM
573 237 598 295 Ο
609 238 776 296 ΤΙΜΟΣ.
1060 235 1123 299 347

119 417 191 458 νων
202 398 270 459 τῶν
280 393 522 480 γνωρισμάτων
536 398 654 479 διοράν
668 393 729 461 τδν
744 393 856 480 ὀρθῶς
871 403 1122 482 φιλοσοφοῦντα

119 489 140 580 ἢ
156 494 218 580 μή;
240 490 281 560 ού
291 492 356 580 μάρ
372 502 464 579 φιλεῖ
475 493 514 563 τά
529 502 665 561 τοιαῦτα
678 492 766 562 οὕτω
777 499 1031 580 διαφαίνεσθαι,
1046 491 1121 561 ἀλλ’

120 597 209 659 ἔστιν
224 589 395 678 ἀπόρρητα
408 595 463 660 καὶ
480 596 517 660 ἐν
533 590 659 676 ἀφανεῖ
670 600 821 679 κείμενα,
838 593 950 678 λύγοις
966 593 1022 660 καὶ
1038 614 1122 657 συν-

120 694 248 766 ονσίαις
258 685 524 775 ἀναδεικνύμενα
539 693 593 757 καί
605 695 713 776 ἔργοις
725 705 792 768 τοῖς
806 687 933 777 ὁμοίοις
944 687 1005 771 ὀψὲ
1019 689 1122 775 μόλις.

120 782 137 852 ὁ
164 792 251 870 γοῦν
272 793 415 872 Μῶμος,
441 784 602 874 ἀκήκοας,
631 785 737 873 οἶμαι,
763 785 861 855 ἀτινα
882 785 1038 876 ᾐτιάσατο
1062 793 1123 854 τού

114 881 314 969 Ἡφαίστου,
330 892 361 954 εί
371 887 408 954 δὲ
418 887 481 973 μή,
497 884 580 955 ἀλλά
593 893 659 954 νῦν
670 884 788 953 ἀκουε·
812 889 893 972 φησὶ
904 883 997 972 μάρὸ
1013 892 1123 971 μῦθος

119 985 225 1068 ἐρίσαι
243 980 392 1068 Ἀθηνᾶν
405 986 460 1052 καὶ
475 988 670 1051 Ποσειδῶνα
684 984 739 1051 καὶ
753 981 940 1069 Ἥφαιστον
955 981 1122 1068 εὐτεχνίας
1140 989 1190 1046 759

120 1081 205 1165 πέρι,
222 1082 277 1148 καὶ
287 1077 347 1146 τδν
358 1081 419 1168 μὲν
429 1086 580 1150 Ποσειδῶ
592 1087 718 1166 ταῦρον
730 1077 929 1164 ἀναπλάσαι,
947 1077 1009 1166 τὴν
1020 1077 1123 1164 Ἀθη-

119 1185 183 1245 νάν
199 1179 234 1244 δέ
250 1183 358 1246 οίκίαν
375 1183 563 1266 ἐπινοῆσαι,
580 1177 788 1264 ὁἭφαιστος
806 1180 842 1247 δὲ
856 1178 1041 1265 ἄνθρωπον
1057 1177 1121 1261 ἀρα

119 1276 359 1363 συνεστήσατο,
382 1280 436 1345 καὶ
452 1280 584 1362 ἐπείπερ
599 1280 652 1345 ἐπὶ
667 1274 728 1344 τδν
742 1283 876 1363 Μῶμον
891 1267 992 1364 ἧκον,
1015 1275 1121 1359 ὅνπερ

120 1371 278 1460 δικαστὴν
289 1381 498 1461 προείλοντο,
510 1376 718 1461 θεασάμενος
729 1376 853 1453 ἐκεῖνος
864 1372 1004 1442 ἕκάστου
1015 1369 1052 1440 τδ
1065 1379 1121 1456 ἐρ-

118 1496 197 1556 μον,
214 1498 283 1539 τον
298 1472 361 1558 μὲν
374 1471 485 1541 ἀλλον
495 1471 592 1541 ἅτινα
602 1471 759 1562 ᾐτιάσατο
773 1469 928 1557 περιττὸν
942 1467 985 1538 ἀν
1002 1479 1052 1556 εἴη
1067 1472 1122 1536 λε’-

118 1593 207 1654 μειν,
226 1571 277 1637 ἐπὶ
292 1576 352 1637 τού
367 1567 554 1656 ἀνθρύπου
570 1568 605 1637 δὲ
622 1577 721 1637 τοῦτο
736 1571 901 1656 ἐμέμψατο
916 1570 970 1636 καὶ
985 1567 1044 1635 τόν
1059 1564 1121 1649 ἀρ-

118 1667 287 1750 χιτέκτονα
303 1670 460 1754 ἐπέπληξε
470 1666 530 1735 τόν
537 1665 739 1754 Ἥφαιστον,
755 1667 839 1734 διότι
854 1664 899 1753 μὴ
911 1667 964 1733 καὶ
978 1669 1122 1752 θυρίδας

119 1765 272 1849 ἐποίησεν
297 1764 387 1855 αύτῷ
406 1765 489 1835 κατά
509 1763 546 1834 τδ
570 1768 726 1851 στέρνον,
758 1763 802 1845 ῶς
826 1763 1122 1832 ἀναπετασθεισῶν

118 1859 269 1947 γνώριμα
283 1869 458 1948 γίγνεσθαι
473 1863 597 1933 ἅπασιν
609 1862 632 1931 ἀ
644 1865 800 1953 βούλεται
813 1867 867 1933 καὶ
883 1867 1010 1933 ἐπινοεῖ
1022 1862 1078 1930 καὶ
1093 1866 1123 1929 εί

120 1958 275 2039 ψεύδεται
289 1956 311 2044 ἦ
326 1957 495 2045 ἀληθεύει.
523 1965 648 2040 ἐκεῖνος
663 1964 725 2049 μὲν
740 1954 803 2030 ούν
817 1961 875 2031 ἅτε
894 1961 1121 2050 ἀμβλυῶττον

118 2052 207 2121 οὕτω
228 2058 302 2140 περὶ
322 2064 390 2123 τῶν
415 2056 608 2143 ἀνθριιπων
630 2065 804 2145 διενοεῖτο,
832 2060 875 2129 σύ
896 2062 932 2129 δέ
954 2060 1039 2145 ὑπὲρ
1061 2057 1121 2126 τδν

118 2154 250 2235 Λυγκέα
265 2150 344 2238 ἡμῖν
359 2156 516 2237 δέδορκας
531 2158 586 2223 καὶ
601 2153 682 2244 ὁρᾷς
697 2154 736 2223 τά
754 2161 869 2241 ἔνδον,
886 2156 931 2235 ῶς
945 2164 1049 2240 ἔοικε,
1065 2154 1119 2221 διά

117 2255 178 2317 τοῦ
193 2250 334 2334 στέρνου
349 2254 404 2320 καί
424 2249 588 2342 ἀνέφκταί
601 2272 654 2319 σοι
673 2250 713 2319 τά
729 2253 854 2337 πάντα,
879 2251 922 2329 ὡς
939 2253 1061 2318 εἰδέναι
1075 2248 1119 2337 μὴ

117 2346 224 2433 μόνον
235 2344 257 2413 ἀ
269 2348 425 2435 βούλεται
436 2353 489 2418 καί
504 2346 713 2436 ἀνιμνῶσκει
724 2354 874 2435 ἕκαστος,
890 2348 974 2418 ἀλλά
988 2351 1044 2416 καὶ
1058 2348 1127 2415 πύ-·

117 2472 212 2531 τερος
226 2445 371 2533 ἀμείνων
382 2444 404 2535 ἢ
415 2456 544 2535 χείρων,

203 2548 255 2613 21.
275 2552 379 2613 EPM.
397 2552 544 2633 Παίζεις,
562 2538 735 2616 ῶΛυκῐνε.
756 2544 820 2634 ἐμοὶ
832 2547 868 2613 δὲ
880 2543 962 2614 κατά
976 2542 1062 2614 θεὸν
1074 2550 1121 2613 εί-

118 2644 240 2730 λόμην,
267 2647 321 2713 καὶ
341 2642 382 2713 ού
401 2644 572 2732 μεταμέλει
588 2672 645 2732 μοι
665 2655 721 2732 τῆς
741 2646 911 2730 αἱρέσεως·
943 2643 1061 2713 ίκανδν
1085 2646 1120 2711 δὲ

116 2750 214 2811 τοῦτο
232 2742 314 2828 πρὸς
326 2754 412 2830 γοῦν
426 2748 490 2831 ἐμέ.

201 2850 300 2911 ΛΥΚ.
314 2842 423 2931 Ὅμως
434 2841 495 2912 ούκ
511 2842 555 2912 ἀν
569 2855 689 2931 εἴποις,
711 2838 738 2912 ῶ
752 2848 874 2929 ἑταῖρε,
890 2846 945 2911 καὶ
956 2841 1040 2930 πρδς
1051 2846 1118 2930 ε’μέ,
1138 2860 1188 2917 760

115 2937 199 3009 ἀλλά
212 2940 364 3027 περιόψει
378 2968 417 3029 με
429 2944 709 3030 παραπολόμενον
720 2947 757 3011 ἐν
767 2951 815 3034 τῷ
823 2948 935 3032 πολλῷ
946 2948 1119 3027 συρφετῷς

199 3048 302 3109 ΕΡΜ.
325 3039 437 3110 Οὐδὲν
450 3040 516 3128 γάρ
531 3062 585 3109 σοι
600 3034 732 3128 ἀρέσκει
748 3035 796 3109 ύν
812 3038 856 3109 ἀν
872 3051 963 3109 ελπω.

198 3147 298 3208 ΛΤΚ.
317 3138 399 3226 Ούκ,
413 3132 537 3227 ἀγαθέ,
549 3138 623 3209 ἀλλ’
639 3140 740 3209 ούδέν
750 3143 876 3218 ἐθέλεις
886 3146 991 3208 εἰπεῖν
1001 3136 1120 3207 ὁποῖον

112 3240 157 3312 ἀν
180 3269 236 3329 μοι
259 3238 417 3325 ἀρέσειεν.
454 3238 526 3307 ἐπεὶ
545 3234 578 3304 δ’
598 3227 662 3303 οὖν
680 3233 721 3304 σύ
742 3233 828 3303 ἑκῶν
845 3230 1046 3323 ἀποκρύπτῃ
1063 3240 1120 3303 καὶ

113 3352 255 3430 φθονεῖς
278 3338 371 3429 ἡμῖν,
398 3338 442 3420 ῶς
458 3336 503 3427 μὴ
522 3338 554 3418 ἐξ
573 3346 649 3406 ίσου
668 3334 849 3422 γενοίμεθά
867 3356 918 3402 σοι
934 3334 1121 3422 φιλοσοφή·

114 3464 243 3529 σαντες,
257 3441 321 3527 ἐγὼ
331 3440 539 3530 πειράσομαι,
555 3434 646 3516 ὅπως
659 3433 701 3504 ἀν
717 3431 786 3515 οἷός
795 3461 830 3503 τε
840 3426 877 3523 ῶ,
889 3434 960 3503 κατ’
973 3436 1121 3522 ἐμαυτὸν
