2550 3825
184 161 246 226 352
534 162 836 220 AOYKIANOY

183 347 284 409 μενος
296 329 397 390 οίεται
408 320 583 404 Κόρινθον
593 321 788 404 ἑωρακέναι,
804 317 930 404 ἄδηλον
940 319 1012 404 ἐμοὶ
1020 323 1106 402 γοῦν
1121 321 1188 384 ἔτι·

186 417 227 487 ού
239 415 304 505 γάρ
319 416 452 496 πάντως
466 414 483 483 ὁ
502 415 576 484 τινά
590 419 692 485 πόλιν
706 413 788 486 ίδάν
797 417 973 500 Κόρινθον
985 414 1088 500 εἶδεν,
1107 424 1188 500 εἴγε

184 523 226 584 ού
245 515 332 603 μόνη
348 517 443 594 πόλις
459 517 548 583 ἐστίν
568 513 782 601 ήΚόρινθος.
816 512 836 582 ὃ
857 516 893 582 δὲ
914 512 955 600 δή
977 526 1120 599 μάλιστα
1141 518 1189 590 εἰς

185 614 326 699 ἀπορίαν
339 640 379 699 με
394 620 607 698 καθίστησιν,
622 614 729 681 ἐκεῖνό
744 617 826 698 ἐστι,
842 611 879 681 τό
896 615 1017 682 εἰδέναι
1029 611 1081 680 ὅτι
1095 619 1189 678 πάσα

185 710 313 797 ἀνάγκη
327 717 407 798 μίαν
421 707 577 796 εἶναιτὴν
594 708 703 797 άληθή
717 709 814 783 ὁδόν·
836 713 890 779 καὶ
904 710 967 797 γάρ
982 708 1002 797 ή
1015 710 1189 793 Κόρινθος

185 816 243 896 μία
257 811 362 894 ἐστίν,
377 813 415 876 αί
422 805 453 875 δ’
467 805 564 876 ἀλλαι
574 807 761 894 πανταχόσε
773 816 901 895 μᾶλλον
916 804 937 895 ή
955 814 1000 886 είς
1011 807 1188 893 Κόρινθον

186 906 342 992 ἀγουσιν,
360 912 390 974 εί
404 903 449 992 μή
465 931 513 984 τις
529 904 618 974 οὕτω
636 907 767 992 σφόδρα
782 915 977 992 παραπαίει,
994 904 1039 984 ὡς
1054 915 1188 974 οίεσθαι

185 1007 240 1073 καὶ
255 1002 317 1090 τήν
332 1010 377 1083 είς
385 1001 622 1091 Ὑπερβορέους
636 1007 691 1072 καὶ
704 1003 767 1091 τήν
782 1011 827 1083 είς
838 1003 963 1083 Ἰνδούς
973 1004 1125 1090 ἄγουσαν
1141 1009 1189 1081 είς

186 1104 360 1189 Κόρινθον
377 1104 533 1172 στέλλειν.

269 1207 373 1268 ΕΡΜ.
393 1201 459 1268 Καὶ
474 1207 544 1279 πῶς
557 1195 630 1268 οἶόν
641 1227 690 1284 τε,
706 1193 886 1282 ύΛυκίνες
908 1199 990 1286 άλλη
1004 1197 1069 1285 γάρ
1083 1198 1189 1268 ἀλλα-

186 1297 264 1383 χόσε
279 1296 360 1382 ἀγει.

139 1425 141 1430 ·
270 1398 320 1462 28.
335 1401 434 1462 AYK.
456 1392 608 1482 Ούκούυ,
625 1390 652 1463 τό
663 1397 742 1464 καλὲ
751 1392 938 1482 Ἑρμότιμε,
955 1393 996 1461 ού
1007 1402 1127 1481 μικρᾶς
1138 1399 1194 1462 δεῖ

187 1499 310 1580 βουλῆς
325 1494 377 1560 ἐπὶ
390 1490 451 1578 τήν
466 1496 596 1578 αἵρεσιν
605 1501 674 1560 τῶν
687 1490 777 1560 ὁδῶν
790 1519 826 1560 τε
837 1495 891 1561 καὶ
901 1489 1092 1579 ἡγεμόνων,
1108 1490 1190 1560 οὐδὲ

186 1598 283 1658 τοῦτο
302 1588 343 1676 δή
357 1588 394 1656 τδ
410 1598 471 1659 τού
485 1592 589 1677 λόγου
603 1591 802 1677 ποιήσομεν,
819 1595 903 1658 ἔνθα
916 1586 960 1656 ἀν
973 1588 1060 1676 ἡμᾶς
1075 1595 1109 1658 οί
1121 1590 1188 1657 πό-

188 1693 242 1767 δες
253 1690 411 1772 φέρωσιν,
426 1691 529 1755 ἐκεῖσε
544 1685 680 1774 άπιμεν·
696 1690 765 1755 ἐπεὶ
775 1686 918 1774 λήσομεν
929 1686 1035 1766 ούτως
1046 1686 1121 1756 ἀντὶ
1131 1695 1191 1773 τῆς

189 1791 234 1864 είς
257 1784 431 1870 Κόρινθον
451 1784 597 1872 ἀγούσης
616 1783 679 1871 τήν
699 1787 750 1852 ἐπὶ
770 1792 968 1871 Βαβυλῶνος
985 1781 1008 1871 ή
1028 1785 1191 1866 Βάκτρων

189 1881 354 1962 ἀπιόντες.
376 1881 454 1951 οὐδὲ
465 1881 530 1969 γάρ
544 1880 618 1951 οὐδ’
632 1887 738 1952 ἐκεῖνο
752 1890 860 1962 καλῶς
870 1888 952 1970 ἔχει,
969 1890 1008 1972 τῇ
1022 1882 1104 1971 τύχη
1116 1885 1191 1951 ε’πι-

188 1986 321 2067 τρέπειν
338 1980 382 2060 ἀς
396 1981 477 2068 τάχα
493 1977 538 2049 ἀν
551 1980 613 2069 τήν
628 1980 766 2068 ἀρίστην
781 1984 958 2069 ἑλομένους
963 2033 973 2064 ,
995 1987 1025 2049 εί
1036 1983 1091 2049 καί
1105 1979 1192 2048 ἀνευ

189 2081 363 2159 ἐξετάσεως
385 2078 589 2167 ὁρμήσαιμεν
616 2082 669 2149 ἐπὶ
687 2085 766 2166 μίαν
787 2088 855 2148 τῶν
877 2076 968 2148 ὁδῶν
989 2076 1191 2165 ἡντιναοῦν·

120 2202 172 2259 768
191 2176 337 2247 δυνατόν
350 2180 412 2267 μὲν
424 2179 489 2266 γάρ
504 2182 667 2249 καὶτοῦτο
680 2181 856 2265 γενέσθαι,
870 2182 925 2247 καὶ
937 2188 1016 2257 ἴσως
1026 2177 1105 2245 ποτὲ
1116 2179 1192 2263 ε’γέ-

188 2302 263 2345 νετο
282 2278 337 2344 καὶ
351 2280 389 2344 ἐν
398 2285 444 2367 τῷ
454 2284 570 2367 μακρῷ
581 2276 706 2368 χρόνῳ·
727 2277 812 2362 ἡμᾶς
827 2279 867 2345 δέ
876 2302 914 2362 γε
928 2277 1003 2360 περὶ
1018 2280 1085 2341 τῶν
1099 2274 1192 2341 οὕτω

188 2374 342 2462 μεγάλων
359 2371 422 2442 ούκ
436 2373 525 2462 οἶμαι
543 2379 613 2443 δεῖν
629 2375 825 2461 παραβόλως
836 2371 1049 2459 ἀναρριπτεῖν
1065 2370 1139 2441 οὐδ’
1158 2376 1192 2452 ές

189 2471 308 2541 στενόν
328 2476 447 2560 κομιδή
467 2480 671 2542 κατακλείειν
685 2471 746 2559 τήν
766 2475 881 2541 ἐλπίδα
904 2474 956 2540 ἐπὶ
969 2471 1082 2559 ῥιπός,
1108 2467 1191 2557 ὡςή

188 2578 347 2658 παροιμία
358 2577 454 2658 φησί,
470 2570 530 2640 τόν
537 2578 678 2658 Αἰγαίου
688 2568 710 2657 ἢ
720 2569 780 2639 τὸν
791 2569 909 2640 Ἰόνιον
921 2576 1115 2640 διαπλεῦσαι
1125 2573 1193 2638 θέ-

189 2680 317 2755 λοντας,
332 2668 387 2737 ὅτε
402 2667 478 2738 οὐδ’
495 2668 721 2757 αἰτιασαίμεθΙ
734 2666 778 2737 ἀν
793 2667 939 2755 εύλόγως
952 2668 1013 2757 τήν
1027 2669 1142 2755 τύχην,
1163 2676 1195 2738 εί

189 2769 369 2847 τοξεύουσα
384 2770 439 2834 καὶ
460 2765 675 2849 ἀκοντίζουσα
694 2765 738 2854 μή
757 2767 890 2845 πάντως
906 2773 998 2853 ἔτυχε
1020 2764 1194 2851 τάληθοῦς

190 2864 264 2944 ἑνὸς
274 2865 370 2944 ὄντος
384 2869 420 2933 έν
431 2872 560 2952 μυρίοις
573 2881 641 2945 τοῖς
651 2868 824 2950 ψεύδεσιν,
840 2865 921 2950 ὅπερ
936 2864 1015 2935 οὐδὲ
1029 2872 1075 2955 τῷ
1085 2862 1191 2951 Ὁμη-

191 2972 273 3055 ρικῷ
287 2964 403 3053 τοξότη
420 2962 584 3051 ὑπῆρξεν,
602 2962 638 3044 ὃς
653 2969 731 3034 δέον
744 2963 806 3051 τήν
822 2968 977 3035 πελειάδα
991 2965 1191 3044 κατατοξεῦ-

190 3084 255 3150 σαι,
267 3061 284 3131 ὁ
298 3062 334 3129 δὲ
344 3060 406 3149 τήν
419 3064 587 3149 μήρινθον
598 3067 759 3151 ἐνέτεμεν,
774 3063 792 3132 δ
808 3072 969 3149 Τεῦκρος,
987 3063 1086 3151 οἶμαι.
1104 3061 1192 3133 ἀλλά

188 3159 275 3244 παρὰ
287 3158 373 3229 πολύ
382 3164 487 3229 έκεῖνο
499 3159 724 3249 εύλογύτερον
732 3170 800 3231 τῶν
808 3170 942 3231 πολλῶν
953 3163 1195 3251 τρωθήσεσθαι

121 3276 172 3332 769
190 3265 246 3330 καὶ
257 3270 505 3344 περιπεσεῖσθαι
513 3267 559 3347 τῷ
568 3262 740 3347 τοξεύματι
751 3257 932 3348 ἐλπίζειν,ή
940 3262 1071 3341 πάντως
1081 3264 1195 3331 έκεῖνο

189 3356 226 3427 τδ
238 3361 277 3427 ἓν
294 3362 327 3441 ἐξ
337 3356 506 3427 ἁπάντων.
538 3356 555 3426 ὁ
576 3360 612 3427 δὲ
627 3366 784 3442 κίνδυνος
796 3357 850 3429 ὅτι
862 3358 905 3428 ού
918 3360 1051 3448 μικρός,
1072 3366 1104 3428 εί
1116 3358 1196 3429 ἀντὶ
