2550 3825
360 160 500 221 οταν
525 161 788 239 Διακονοι.
1035 159 1079 224 85

156 329 281 391 ΖΕΥΣ.
308 328 414 388 Τοῦτο
438 316 539 405 αὐτό,
562 324 776 406 διαιρεθῆναί
795 348 851 407 μοι
865 348 902 390 το
920 329 1075 408 κρανίον·

78 426 107 489 εί
119 423 154 487 δὲ
170 417 381 505 ἀπειθήσεις,
404 415 446 485 οὐ
461 425 527 484 νῦν
546 424 681 503 πρῶτον
693 417 910 504 ὀργιζομένου
925 422 1076 509 πειράσῃ.

8 587 9 602 ³
78 514 156 586 ἀλλὰ
172 513 233 604 χρή
250 527 487 585 καθικνεῖσθαι
501 517 599 584 παντὶ
620 523 666 583 τῶ
686 524 805 607 θυμῷ,
825 520 908 603 μηδὲ
928 523 1075 604 μέλλειν

8 637 10 656 ³
78 614 261 700 ἀπόλλυμαι
276 610 341 700 γὰρ
357 611 423 682 ὑπο
413 611 640 701 ῶδίνωυ,“
602 641 636 680 αι
652 640 709 701 μοι
721 612 781 682 τὸν
793 615 1011 737 έγκέφαλον’
992 643 1077 684 ανα-

78 715 285 798 στρέφουσιν.

157 819 232 880 ΗΦ.
254 809 353 898 Ὅρα,
377 839 404 878 ω
391 805 502 897 Ζεῦ,
526 809 571 898 μή
593 839 699 880 κακον
712 840 744 880 τι
765 812 970 900 ποιήσωμεν·
999 811 1076 892 ὀξὺς

8 967 10 1008 k
77 909 139 998 γὰρ
156 937 173 977 ο
161 909 332 991 ’πέλεκύς
346 914 413 978 έστι
428 912 483 978 καὶ
498 907 560 978 οὐκ
577 908 739 997 ἀναιμωτὶ
753 909 831 978 οὐδὲ
846 909 929 980 κατα
944 908 1005 996 τήν
1016 916 1076 978 Ελ-

77 1009 224 1097 λήθυιαν
240 1008 421 1096 μαιώσεταί
433 1028 479 1074 σε.

157 1116 283 1177 ΖΕΥΣ.
312 1109 498 1191 Κατένεγκε
523 1105 646 1191 μόνον,
672 1098 897 1192 ῶἬφαιστε,
918 1113 1075 1190 θαρρῶν·

78 1207 149 1277 οἶδα
165 1206 229 1296 έγῶ
244 1206 281 1275 τό
300 1210 481 1294 συμφέρον.
601 1227 604 1232 ’

157 1316 233 1377 ΗΦ.
245 1306 356 1375 ’Ἀκων
371 1309 448 1394 μέν,
464 1311 606 1373 κατοίσω
621 1307 672 1372 δέ·
693 1312 728 1373 τί
739 1303 803 1391 γὰρ
814 1304 876 1393 χρή
890 1319 999 1373 ποιεσν
1013 1311 1076 1373 σοῦ

76 1406 285 1488 κελεύοντοςς
307 1411 342 1474 τί
351 1412 466 1485 τοῦπος
487 1403 571 1489 κόρη
583 1408 739 1485 ἔνοπλοςς
762 1404 861 1490 μέγα,
878 1396 999 1488 ῶΖεῦ,
1015 1429 1077 1469 κα-

76 1504 139 1575 κὸν
154 1504 235 1593 εἶχες
251 1507 288 1574 έν
308 1512 349 1593 τή
370 1511 513 1591 κεφαλή·
543 1501 677 1581 εἰκότως
691 1509 777 1586 γοῦν
797 1500 966 1588 ὀξύθυμος
985 1495 1078 1586 ήσθα

8 1595 9 1602 ¹
76 1603 277 1690 τηλικαύτην
288 1599 354 1668 ὑπὸ
367 1609 407 1691 τή
417 1602 553 1688 μήνιγγι
563 1602 737 1685 παρθένον
749 1605 923 1690 ζφογονῶν
934 1603 988 1667 καλ
996 1607 1078 1666 ταῶ-

77 1728 116 1769 τα
130 1705 287 1769 ἔνοπλον·
308 1693 330 1786 ή
345 1725 412 1768 που
428 1699 668 1783 στρατόπεδον,
683 1696 725 1765 οὐ
741 1696 892 1784 κεφαλήν
908 1697 1078 1783 ἐλελήθεις

76 1805 170 1885 ἔχων.
191 1796 212 1884 ή
228 1799 264 1865 δὲ
277 1801 366 1887 πηδᾷ
382 1798 436 1865 καλ
453 1801 634 1882 πυρριχίζει
648 1799 703 1864 καλ
717 1794 779 1883 τήν
791 1793 913 1863 ἀσπίδα
928 1796 1076 1863 τινάσσει
1094 1810 1146 1864 226

77 1901 130 1968 καλ
140 1894 177 1965 τὸ
194 1896 277 1981 δόρυ
288 1897 405 1966 πάλλει
418 1899 473 1967 καὶ
489 1900 668 1984 ἐνθουσιᾷ,
684 1898 739 1964 καλ
752 1893 789 1963 τὸ
802 1899 973 1983 μέγιστον,
992 1889 1076 1979 καλή

8 2028 9 2063 ι
75 1997 168 2064 πάνυ
187 1998 242 2063 καλ
262 1992 384 2082 ἀκμαία
406 1999 578 2083 γεγένηται
595 1991 658 2082 ήδη
674 1996 711 2064 έν
732 1996 859 2082 βραχεῖ·
887 2000 1078 2080 γλαυκῶπις

75 2099 153 2182 μέν,
170 2092 254 2163 ἀλλὰ
265 2110 383 2183 κοσμεῖ
389 2099 445 2164 καλ
455 2093 584 2182 τοῦτοή
598 2094 709 2180 κόρυς.
734 2094 827 2183 ῶστε,
843 2090 871 2163 ω’
879 2101 956 2172 Ζεῦ,
972 2099 1077 2183 μαίω-

8 2252 9 2271 ,
74 2193 139 2280 τριί
153 2220 211 2281 μοι
226 2192 350 2272 ἀπόδος
366 2194 529 2281 ἐγγυήσας
543 2192 607 2281 ήδη
622 2192 737 2279 αὐτήν.

8 2282 10 2325 ³
160 2301 285 2361 ΖΕΥΣ.
306 2288 468 2383 Ἀδύνατα
484 2299 593 2377 αἰτεῖς,
607 2284 816 2378 ῶἭφαιστε·
832 2299 1000 2379 παρθένος
1013 2292 1076 2381 γὰρ

8 2428 10 2483 ²
76 2391 128 2460 ἀεὶ
150 2391 301 2478 έθελήσει
318 2395 440 2477 μένειν.
469 2390 532 2477 έγῶ
552 2388 583 2458 δ’
607 2385 671 2458 οὖν
693 2391 731 2458 τό
750 2419 788 2477 γε
808 2392 858 2460 ἐπ’
883 2396 954 2480 ἐμοὶ
978 2393 1077 2462 οὐδὲν

76 2489 246 2576 ἀντιλέγω.

8 2682 9 2687 ¹
160 2597 237 2658 ΗΦ
264 2585 364 2656 Τοῦτ’
380 2588 582 2676 ἐβουλόμην·
604 2591 677 2676 ἐμοι
691 2593 823 2710 μελήσει
840 2619 879 2659 τα
867 2590 1009 2678 λοιπά,
1024 2595 1079 2662 καὶ

9 2766 10 2773 ¹
76 2687 140 2774 ήδη
157 2687 362 2771 συναρπάσω
380 2684 493 2772 αὐτήν,

161 2794 287 2858 ΖΕΥΣ.
311 2792 358 2855 Ec
368 2805 421 2852 σοι
437 2784 637 2875 ῥοίδιον,
594 2814 684 2856 ουτω
704 2796 807 2857 ποίει·
836 2790 924 2878 πλήν
937 2790 1047 2861 οἶδα“
1026 2820 1078 2862 οτι

77 2884 255 2955 ίδυνιίτωυ
273 2888 358 2974 ἐρᾷς.
