2550 3825
392 127 394 132 ’
500 172 697 230 mm.
1038 165 1099 231 αα

183 335 313 398 ΛΟΤΚ.
336 328 538 409 Μισαλαζάν
554 335 618 413 είμι
630 333 684 397 καὶ
695 332 853 418 μισογόης
868 334 923 400 καὶ
938 343 1101 417 μισοψευ-

99 423 159 512 δῆς
176 429 231 494 καὶ
244 427 426 514 μισότυφος
441 428 495 495 καὶ
506 433 593 512 μισῶ
602 435 671 493 πάν
681 426 718 495 τὸ
730 433 926 507 τοιουτῶδες
937 428 1023 508 εἶδος
1032 434 1100 494 τῶν

99 533 229 613 μιαρῶν
244 524 452 613 ἀνθρώπων·
475 528 567 594 πάνυ
581 529 618 595 δὲ
634 536 755 597 πολλοί
766 536 866 616 είσιν,
882 528 926 609 ῶς
941 527 1049 597 οἶσθα,

184 631 273 694 ΦΙΛ.
291 623 479 709 Ἡράκλεις,
496 634 661 713 πολυμισῆ
678 654 752 695 τινα
766 630 855 713 μέτει
868 625 930 714 τῆν
943 630 1071 712 τέχνην.

183 729 312 791 AOYK.
333 716 387 790 Εό
406 726 526 807 λέγεις·
550 720 630 812 ὁρᾷς
649 731 734 810 γοῦν
756 722 890 804 ὁπόσοις
910 723 1102 810 ἀτεχθάνο·

100 846 158 904 μαι
173 823 228 887 καὶ
244 817 287 898 οὸς
306 821 494 890 κινδυνεύω
509 817 555 888 δι’
575 819 690 906 αύτῆν.
721 820 761 890 ού
777 820 843 909 μῆν
864 820 947 891 ἀλλά
969 823 1024 890 καὶ
1038 818 1100 907 τῆν

99 921 254 986 ἐναντίαν
267 917 351 1008 αὐτῆ
364 920 456 987 πάνυ
469 919 613 1005 ἀκριβῶς
628 917 718 1006 οἶδα,
736 924 821 1004 λέγω
836 924 872 988 δὲ
886 917 948 1006 τῆν
963 916 1028 986 ἀπὸ
1040 923 1099 986 τοῦ

101 1023 202 1101 φίλου
216 1015 277 1104 τῆν
291 1015 396 1104 ἀρχῆυ
416 1024 573 1104 ἔχουσαν·
586 1100 589 1108 ¹
603 1020 792 1105 φιλαλήθης
804 1044 839 1086 τε
854 1016 919 1104 γάρ
933 1021 989 1086 καὶ
1002 1018 1081 1086 ωιλό

101 1123 202 1193 καλος
221 1117 276 1182 καὶ
293 1115 510 1201 φιλαπλοϊκὸς
530 1119 585 1185 καὶ
605 1116 669 1184 ὅσα
684 1126 729 1208 τῷ
750 1126 921 1203 φιλεῖσθαι
942 1120 1100 1201 ξυγγενῆ·

100 1209 187 1299 πλῆν
197 1209 269 1280 ἀλλ’
284 1211 387 1299 ὀλίγοι
401 1215 492 1282 πάνυ
505 1216 625 1302 ταύτης
636 1215 720 1296 άξιοι
729 1224 786 1300 τῆς
795 1217 917 1300 τέχνης.
940 1218 974 1281 οί
983 1214 1019 1279 δὲ
1031 1208 1098 1278 ὁπὸ

98 1317 139 1398 τῆ
156 1313 289 1399 ἐναντίᾳ
304 1311 496 1399 ταττόμενοι
515 1317 568 1382 καί
590 1322 635 1405 τῷ
657 1322 744 1401 μίσει
772 1314 965 1399 οἰκειότεροι
978 1336 1100 1380 πεντα-

99 1409 277 1495 κισμύριοι.
292 1411 480 1479 κινδυνεύω
491 1420 670 1498 τοιγαροῦν
679 1410 811 1498 τῆνμὲν
821 1409 879 1480 ὑπ’
890 1409 1007 1498 ἀργίας
1016 1408 1101 1476 ἀπο-

101 1517 224 1592 μαθεῖν
238 1504 317 1593 ῆδη,
334 1507 395 1594 τῆν
410 1509 446 1576 δέ
460 1511 551 1577 πάνυ
565 1508 795 1597 ἠκριβωκέναι.

185 1613 273 1673 ΦΙΛ.
297 1608 361 1673 Καὶ
372 1605 440 1693 μῆν
456 1606 518 1675 οὐκ
531 1612 644 1693 ἐχρῆν·
665 1616 726 1675 τού
740 1607 804 1694 γάρ
821 1606 926 1674 αὐτοῦ
942 1607 998 1674 καὶ
1010 1606 1099 1690 τάδε,

101 1710 198 1789 φασί,
210 1705 264 1770 καλ
274 1704 368 1770 τάδε·
393 1703 475 1773 ὥστε
486 1703 529 1792 μῆ
542 1710 662 1788 διαίρει
673 1703 718 1772 τῶ
730 1710 840 1792 τέχνα·
860 1712 918 1792 μία
928 1702 992 1790 γάρ
1005 1700 1101 1770 ἐστὸν

102 1799 156 1867 δύ’
175 1799 257 1867 εἶναι
273 1804 440 1870 δοκοῦσαι.
1117 1826 1166 1882 591

183 1904 313 1966 AOYK.
327 1897 484 1986 ’Ἄμεινον
500 1899 542 1968 σύ
554 1908 658 1969 ταῦτα
668 1900 784 1985 οἶσθα,
805 1893 831 1968 ά
848 1904 1043 1986 Φιλοσοφία.
1061 1894 1097 1963 τό

101 1998 213 2082 μέντοι
230 1994 311 2080 ἐμόν
325 2001 479 2066 τοιοῦτόν
494 2002 599 2084 ἐστιν,
617 1996 689 2067 οἷον
698 1997 777 2078 τοδς
789 1999 850 2084 μὲν
862 1995 1031 2084 πονηρους
1044 2022 1089 2081 μι·

102 2108 188 2177 σεῖν,
206 2095 353 2160 ἐπαινεῖν
371 2098 406 2162 δὲ
419 2095 498 2174 τούς
514 2095 676 2182 χρηστούς
689 2100 743 2164 καλ
757 2106 875 2182 φιλεῖν.

185 2197 236 2258 21.
259 2199 348 2260 ΦΙΛ.
363 2190 440 2279 ’Ἁγε
456 2196 497 2279 δή
503 2247 512 2278 ,
536 2196 706 2279 πάρεσμεν
721 2192 786 2278 γάρ
803 2199 887 2261 ἔνθα
905 2197 1017 2277 ἐχρῆν·
1045 2194 1101 2258 ἐν-

102 2290 213 2356 ταῦθά
234 2315 301 2356 που
318 2296 355 2357 ἐν
371 2300 417 2381 τῷ
434 2294 571 2383 προνάφ
590 2301 647 2378 τῆς
665 2295 831 2369 Πολιάδος
855 2290 1050 2373 δικάσωμεν.
1079 2286 1100 2373 ῆ

102 2393 211 2473 Ιέρεια
225 2389 341 2467 διάθες
352 2387 432 2475 ῆμῖν
442 2389 482 2458 τά
494 2391 622 2477 βάθρα,
640 2388 732 2476 ῆμεῖς
744 2391 779 2456 δὲ
791 2392 828 2456 ἐν
838 2388 985 2477 τοσούτφ
997 2407 1084 2470 προσ

103 2486 301 2574 κυνήσωμεν
315 2497 354 2577 τῆ
369 2496 448 2579 θεῷ.

185 2593 316 2656 ΛΟΤΚ.
339 2582 379 2655 Ὦ
399 2587 540 2673 Πολιάς,
566 2590 647 2655 ἐλθέ
665 2612 721 2672 μοι
740 2584 822 2653 κατά
845 2592 912 2652 τῶν
933 2584 1103 2665 ἀλαζόνων

103 2689 272 2773 σύμμαχος
292 2684 543 2773 ἀναμνησθεῖσα
559 2684 667 2754 ὁπόσα
683 2685 929 2769 ἐπιορκούντων
943 2682 1103 2771 ὁσημέραι

101 2786 236 2864 ἀκούεις
253 2783 379 2853 αὐτῶν·
401 2787 456 2853 καὶ
472 2782 494 2851 δι’
508 2786 690 2870 πράττουσι
710 2789 762 2871 δέ,
787 2784 873 2870 μόνη
888 2782 968 2873 ὁρᾷς
987 2782 1044 2851 ἀτε
1060 2781 1100 2869 δῆ

3 2936 6 2945 ,
102 2890 279 2965 ἐπίσκοπος
293 2878 387 2953 οὖσα.
409 2892 475 2954 νῦν
495 2883 609 2971 καιρός
627 2885 820 2970 ἀμύνασθαι
834 2881 964 2960 αύτούς.
993 2882 1048 2967 ἐμὲ
1066 2882 1102 2949 δὲ

100 2985 144 3072 ῆν
159 3009 226 3051 που
242 2985 471 3072 κρατούμενον
486 2989 558 3073 ἴδῃς
573 2978 638 3050 κάν
653 2988 786 3059 πλείους
801 2974 885 3048 άσιν
895 2985 932 3047 αι’
939 2983 1101 3065 μέλαιναι,

103 3082 145 3151 σύ
161 3093 346 3168 προσθεῖσα
359 3081 420 3171 τῆν
437 3090 559 3169 σαυτῆς
574 3084 658 3162 σῶζέ
670 3108 719 3168 με.

186 3190 237 3252 22.
262 3192 350 3252 ΦΙΛ.
379 3184 474 3253 Εἶεν·
503 3181 594 3269 ἡμεῖς
610 3184 672 3267 μὲν
688 3178 769 3265 ὑμῖν
790 3182 843 3247 καὶ
866 3175 906 3264 δῆ
923 3176 1102 3262 καθῆμεθα

103 3285 226 3369 ἕτοιμοι
249 3282 386 3351 ἀκούειν
403 3290 471 3350 τῶν
485 3283 612 3366 λόγων,
636 3277 730 3364 ὑμεῖς
744 3279 780 3344 δὲ
793 3276 1014 3361 προελόμενοί
1027 3302 1102 3343 τινα

103 3382 135 3461 ἐξ
152 3378 325 3464 ἁπάντων,
344 3382 432 3459 ὅστις
447 3380 564 3467 άριστα
581 3384 803 3464 κατηγορῆσαι
819 3372 862 3443 ἀν
877 3379 975 3527 δοκΙῆρ,
993 3377 1102 3454 ξυνεί-

186 3492 290 3530 ιυοιαα.
311 3476 332 3531 Ι.
