2550 3825
372 199 511 261 ΘΕΩΝ
529 201 792 262 ’ΔΙΑΛΟΓΟΙ
1045 199 1085 266 77
1156 294 1161 306 ¹

164 359 193 424 4.
218 364 322 428 ΓΑΝ.
350 365 392 428 Τί
399 360 452 427 δαλ
462 356 544 445 ὑμῖν
553 360 714 448 χρήσιμος
724 357 769 430 ἂν
778 368 956 450 γενοίμην;
973 357 1087 450 ήποι-

4 545 5 548 ¹
81 461 210 540 μαίνειν
227 459 337 545 δεήσει
353 456 545 540 κᾶνταῦθα;

163 563 288 625 ΖΕΥΣ.
314 557 404 642 Οὔκ,
420 555 492 626 ἀλλ’
507 558 709 644 οἰνοχοήσεις
720 559 774 625 καὶ
790 559 842 625 ἐπὶ
851 565 913 625 τοῦ
927 562 1086 645 νέκταρος

81 654 195 742 τετύξη
209 659 265 722 καὶ
278 658 457 747 ἐπιμελήσῃ
472 665 534 725 τοῦ
549 663 747 743 συμποσίου.

4 813 5 822 ,
100 789 102 794 ·
163 760 266 823 ΓΑΝ.
306 763 412 823 Τοῦτο
433 761 495 842 μὲν
517 755 558 824 ού
578 756 738 842 χαλεπόν·
773 753 846 822 οἶδα
867 753 931 842 γὰρ
956 754 1000 835 ὡς
1020 754 1083 842 χρὴ
1113 792 1119 802 ·

81 853 188 936 ἐγχέαι
204 851 240 920 τό
256 853 342 938 γόλα
356 857 411 923 καὶ
426 852 611 924 ἀναδοῦναι
625 853 662 923 τό
677 855 862 942 κισσύβιον.

163 959 289 1022 ΖΕΥΣ.
310 951 406 1038 Ἰδού,
422 954 524 1022 πάλιν
536 947 633 1033 οὗτος
645 955 806 1041 γάλακτος
817 956 1020 1042 μνημονεύει
1030 959 1084 1024 καὶ

81 1048 278 1136 ἀνθρώποις
298 1052 558 1140 διακονήσεσθαι
579 1064 698 1121 οἴεται·
731 1056 825 1121 ταυτὶ
846 1052 878 1121 δ’
902 1052 919 1122 δ
941 1051 1085 1139 οὐρανός

4 1137 7 1162 '
82 1152 165 1235 ἐστι,
182 1151 237 1216 καλ
252 1156 409 1237 πίνομεν,
430 1149 539 1235 ὥσπερ
557 1157 660 1239 ἔφην,
675 1149 712 1220 τό
730 1155 860 1237 νέκταρ.

163 1254 266 1315 ΓΑΝ.
280 1245 414 1335 Ἥδιον,
434 1242 558 1334 ύΖεύ,
574 1258 634 1318 τοῦ
650 1250 829 1337 γάλακτος,

164 1353 289 1414 ΖΕΥΣ.
312 1355 396 1434 Είση
406 1345 478 1433 μετ’
492 1347 605 1433 ὀλίγον
616 1351 672 1417 καὶ
682 1350 887 1435 γευσάμενος
898 1347 1010 1417 ούκέτι
1021 1373 1085 1416 πο-

4 1487 5 1528 ,
82 1442 197 1529 θήσεις
210 1443 248 1511 τδ
263 1446 358 1532 γάλα.

164 1549 266 1610 ΓΑΝ.
287 1543 498 1631 Κοιμήσομαι
515 1547 549 1612 δὲ
571 1549 638 1612 πού
657 1551 715 1632 τῆς
733 1546 870 1626 νυκτός;
892 1543 1009 1634 ἢμετόι
1023 1553 1084 1614 τοῦ

83 1637 427 1728 ἡλικιώτουἝρωτος;

4 1809 5 1842 ,
164 1749 289 1809 ΖΕΥΣ.
314 1741 403 1829 Ούκ,
422 1740 504 1812 ιἰλλόι
522 1739 575 1810 διὰ
590 1744 690 1812 τοῦτό
701 1764 739 1811 σε
750 1741 943 1834 ἀνήρπασα,
961 1744 1005 1824 ὡς
1016 1745 1084 1832 ἅμα

4 1891 5 1894 ¹
82 1840 315 1926 καθεύδοιμεν.

164 1948 268 2009 ΓΑΝ.
290 1941 409 2019 Μόνος
428 1940 493 2029 γὰρ
509 1940 571 2010 ούκ
592 1938 635 2010 όν
654 1943 788 2030 δύναιο,
813 1941 895 2011 ἀλλὰ
914 1942 1012 2030 ήδιόν
1031 1965 1084 2012 σοι
1102 1962 1153 2015 212

4 2084 5 2099 ι
82 2042 270 2109 καθεύθειν
288 2039 357 2126 μετ’
376 2043 475 2126 ἐμοῦ,

164 2145 290 2205 ΖΕΥΣ.
313 2142 398 2223 Ναί,
414 2136 495 2223 μετύ
508 2164 546 2223 γε
560 2140 716 2207 τοιούτου
728 2135 796 2219 οἷος
810 2139 839 2207 εἰ
850 2140 909 2227 σύ,
926 2142 1085 2227 Γανύμη-

81 2240 152 2323 δες,
169 2234 258 2303 οὕτω
274 2238 382 2315 καλός.

164 2340 194 2402 5.
205 2342 308 2405 ΓΑΝ.
324 2343 366 2403 Τί
373 2336 437 2422 γάρ
448 2358 485 2403 σε
496 2334 648 2421 πρόςτόν
657 2336 768 2405 ὕπνον
777 2335 890 2423 ὀνήσει
899 2334 936 2403 τὸ
948 2338 1084 2416 κάλλος,

165 2443 291 2503 ΖΕΥΣ.
314 2432 402 2521 Ἔχει
422 2462 454 2503 τι
474 2437 661 2521 θέλγητρον
682 2431 747 2521 ἡδύ
774 2437 829 2503 καλ
849 2435 1085 2521 μαλακώτερον

81 2534 197 2619 ἐπάγει
212 2531 325 2601 αὐτόν.

166 2639 269 2701 ΓΑΝ.
292 2634 358 2700 Καὶ
372 2630 440 2719 μὴν
456 2632 476 2701 ό
495 2659 533 2719 γε
554 2630 661 2719 πατήρ
678 2630 799 2719 ήχθετό
816 2659 872 2718 μοι
892 2643 1085 2719 συγκαθευ-

4 2724 5 2735 ¹
81 2738 177 2801 δοντι
191 2736 247 2799 καὶ
263 2737 405 2818 διηγεῖτο
421 2734 547 2819 ἕωθεν,
566 2730 610 2811 ὡς
625 2730 764 2819 ἀφεῖλον
780 2730 884 2800 αύτού
899 2730 960 2800 τόν
973 2730 1086 2800 ύπνον

81 2832 308 2920 στρεφόμενος
329 2833 384 2900 καλ
404 2838 563 2914 λακτίζων
586 2840 645 2900 καί
660 2859 693 2900 τι
712 2832 944 2919 φθεγγόμενος
964 2830 1086 2918 μεταξύ

4 2938 9 3009 ἓ
82 2931 184 3001 ὁπότε
207 2932 425 3017 καθεύδοιμι·
458 2929 541 2998 ὥστε
566 2928 656 3015 παρὰ
676 2928 738 3016 τὴν
755 2932 879 3016 μητέρα
902 2935 1027 3017 ἔπεμπέ
1045 2958 1087 3016 με

81 3031 328 3119 κοιμησόμενον
341 3028 383 3109 ὡς
393 3029 433 3097 τὰ
448 3031 563 3098 πολλοί.
588 3029 658 3117 όύρα
670 3030 711 3116 δή
722 3050 793 3117 σοι,
806 3037 835 3097 εί
846 3027 900 3097 διὰ
912 3038 1027 3117 τοῦτο,
1043 3028 1087 3110 ὡς

82 3131 165 3217 φής,
186 3128 383 3215 ἀνήρπασάς
403 3155 459 3216 με,
486 3138 681 3196 καταθεῖναι
703 3120 805 3205 αὖθις
822 3130 855 3206 ἐς
873 3125 935 3213 τήν
956 3136 1038 3215 γῆν,
1063 3124 1086 3215 ή

81 3229 260 3316 πράγματα
282 3229 364 3307 ἕξεις
383 3224 582 3314 ἀγρυπνῶν·
612 3226 778 3312 ἐνοχλήσω
797 3226 862 3312 γάρ
882 3245 920 3292 σε
940 3234 1087 3312 συνεχῶς

81 3325 318 3412 στρεφόμενος.
429 3358 432 3365 ’

166 3432 293 3495 ΖΕΥΣ.
336 3422 434 3493 Τοῦτ’
459 3422 541 3493 αύτό
565 3450 622 3511 μοι
646 3421 684 3492 τό
705 3422 843 3510 ἥδιστον
867 3422 1031 3511 ποιήσεις,
1057 3427 1088 3491 εί
