2550 3825
161 139 202 199 98
511 140 815 198 AOYKIANOY

245 303 275 367 λ,
299 305 399 367 HPA.
421 298 475 366 Σύ
489 323 544 384 μοι
559 303 667 376 δοκεῖς
677 299 910 368 ἐπαινέσεσθαι
921 303 975 369 καὶ
984 304 1021 368 τό
1036 299 1162 387 εὕρημα

162 395 282 482 αὐτοῦ,
305 395 366 484 τὴν
382 396 530 484 ἄμπελον
545 399 599 466 καὶ
614 396 674 466 πδν
690 396 802 485 οἶνον,
819 402 991 468 καὶταῦτα
1006 397 1097 483 ὁρῶν
1110 394 1164 467 οἷα

162 502 197 566 οί
204 502 432 582 μεθυσθέντες
441 507 575 566 ποιοῦσι
587 500 811 585 σφαλλόμενοι
821 501 875 568 καλ
885 500 968 584 πρός
977 500 1079 589 ὕβριν
1088 526 1164 587 τρε-

94 605 144 670 λλῖ
164 595 303 680 πόμενοι
316 599 370 664 καλ
388 593 472 675 όλως
486 597 667 682 μεμηνότες
682 594 748 663 ὑπό
767 605 828 665 τοῦ
849 607 971 666 ποτοῦ·
999 599 1059 666 τόν
1079 605 1164 684 γοῦν

158 689 317 778 Ἰκάριον,
342 685 505 784 ᾦπρωτφ
524 697 625 762 ἔδωκε
645 692 682 761 τό
697 702 823 781 κλῆμα,
848 701 882 764 οί
894 698 1055 782 ξυμπόται
1070 694 1163 763 αὐτοὶ

163 792 361 875 διέφθειραν
376 798 527 869 παίοντες
542 805 611 870 ταῖς
627 795 798 872 δικέλλαις.

244 896 369 956 ΖΕΥΣ.
402 887 512 957 Οὐδὲν
532 885 629 956 τοῦτο
652 890 733 975 φής·
767 888 808 956 οὐ
825 887 890 976 γάρ
913 888 930 956 ὁ
951 890 1040 969 οἰνος
1059 895 1163 957 ταῦτα

163 982 242 1053 οὐδὲ
258 983 274 1052 ὁ
290 987 458 1064 Διόνυσος
474 999 578 1072 ποιεῖ,
593 984 629 1052 τό
644 987 679 1052 δὲ
696 985 839 1071 ἄμετρον
849 995 907 1074 τῆς
922 988 1050 1066 πόσεως
1060 990 1114 1055 καί
1125 984 1162 1053 τό

162 1087 246 1168 πέρα
257 1091 317 1150 τοῦ
332 1076 440 1163 καλῶς
452 1090 583 1170 ἔχοντος
598 1087 816 1169 ἐμφορεῖσθαι
832 1092 891 1152 τοῦ
903 1083 1056 1169 ἀκράτου.
1081 1081 1117 1162 ὂς
1129 1079 1162 1150 δ’

164 1177 207 1247 άυ
223 1187 365 1268 ἔμμετρα
380 1193 476 1272 πίνη,
495 1181 692 1268 ἱλαρώτερος
706 1181 767 1267 μὲν
781 1185 834 1251 καλ
849 1181 954 1270 ἡδίων
966 1180 1086 1270 γένοιτ’
1103 1181 1162 1247 άν·

164 1275 237 1347 οἷον
255 1282 290 1349 δέ
310 1280 328 1349 ὁ
346 1280 484 1367 Ἰκάριος
501 1286 644 1364 ἔπαθεν,
666 1278 766 1347 οὐδέν
787 1276 831 1347 άυ
852 1283 1025 1368 ἐργάσαιτο
1042 1278 1165 1348 οὐδένα

163 1385 231 1445 τῶν
246 1383 429 1464 ξυμποτῶν.
453 1377 535 1447 άλλόι
553 1376 596 1446 σύ
610 1385 657 1446 ἔτι
671 1384 864 1464 ζηλοτυπεῖν
878 1387 1003 1465 ἔοικας,
1026 1373 1163 1470 άἫρα,

164 1479 218 1543 καὶ
232 1483 289 1563 τῆς
302 1480 450 1564 Σεμέλης
465 1477 704 1564 μνημονεύειν,
720 1474 790 1562 ἥγε
805 1477 992 1565 διαβάλλεις
1007 1485 1067 1545 τοῦ
1077 1487 1163 1546 Λιο-

164 1572 272 1640 υάσου
287 1573 326 1641 τά
343 1575 507 1644 κάλλιστα.

560 1722 750 1732 ,ιι-...ι--ι--ι

643 1827 692 1888 19.

350 1936 639 1991 ΑΦΡοΔιΤιιΣ
665 1942 747 1992 πλε
775 1938 979 1993 κνανοε.

250 2076 397 2139 1.ΑΦΡ.
436 2077 477 2139 Τί
494 2071 630 2188 δηποτε,
665 2065 828 2158 οἷ’Ὲρως,
852 2068 931 2149 τοδς
959 2069 1021 2155 μὲν
1043 2069 1165 2147 ἄλλους

165 2164 268 2245 θεους
278 2176 491 2254 κατηγωνίσω
503 2167 666 2254 ἅπαντας,
681 2166 741 2237 τόν
753 2174 837 2255 Δία,
853 2165 1090 2250 τόυΠοσειδω,
1105 2163 1165 2234 τόν

96 2289 149 2344 250
164 2262 311 2335 Ἀπόλλω
318 2293 403 2353 ,την
410 2264 502 2335 Ρέαν
508 2264 636 2353 ,ἐμὲ
603 2292 665 2352 την
679 2271 818 2352 μητέρα,
833 2292 938 2352 μονης
948 2262 1014 2332 δέ
995 2266 1098 2351 απεχη
1108 2289 1167 2348 της

162 2360 305 2450 Ἀθηνᾶς
319 2367 374 2433 καὶ
387 2362 439 2432 ἐπ’
459 2362 621 2484 ἐκείνης”
600 2389 728 2450 απυρος
742 2368 804 2449 μέν
818 2384 871 2431 σοι
889 2361 911 2449 ἡ
935 2361 1010 2451 δάς,
1033 2387 1111 2447 κενη
1101 2358 1166 2429 δὲ

165 2459 317 2530 οίστῶυ
301 2490 321 2549 η
337 2468 503 2565 φαρέτρα,
518 2461 560 2530 σύ
576 2463 611 2530 δὲ
626 2462 741 2542 άτοξος
756 2460 785 2529 εί
798 2460 887 2529 καλ”
865 2481 1019 2545 αστοχος;

249 2567 312 2630 ΕΡ.
337 2565 458 2644 Δέδια,
477 2553 503 2627 ά
517 2586 635 2648 μητερ,
658 2560 778 2681 αὐτήν·
802 2555 931 2646 φοβερά
945 2556 1010 2681 ,γάρ
1029 2562 1096 2625 ἐστι
1111 2559 1165 2625 και

165 2684 293 2746 χαροπη
282 2657 364 2728 καὶ
379 2664 496 2738 δεινῶς
511 2658 670 2747 ἀνδρική
697 2657 822 2727 ὁπόταν
837 2663 922 2743 γοῦν
937 2656 1166 2740 ἐντεινάμενος

166 2782 202 2823 το
192 2754 316 2837 τόξον
335 2767 374 2826 ίω
389 2756 441 2825 ἐπ’
463 2754 584 2845 αὐτόν,
605 2752 847 2826 ἐπισείουσα
813 2782 873 2822 τον
895 2753 1004 2839 λόφον
1026 2752 1167 2839 ἐκπλήτ-

166 2880 214 2922 τει
230 2881 270 2941 με
284 2858 339 2924 καί
353 2853 541 2942 ὑπότρομος
556 2862 690 2943 γίνομαι
701 2858 755 2923 καί
769 2851 911 2939 ἀπορρεῖ
923 2878 988 2938 μου
999 2850 1038 2918 τά
1052 2849 1167 2929 τοξεύ-

167 2980 253 3039 ματα
268 2956 304 3022 έκ
321 2962 388 3022 τῶν
402 2963 530 3041 χειρῶν.

251 3060 348 3121 ΑΦΡ.
366 3051 401 3120 Ὁ
415 3054 514 3141 Ἄρης
532 3052 597 3140 γάρ
613 3051 655 3120 οὐ
675 3050 903 3140 φοβερώτερος
920 3041 982 3131 ἦνς
1003 3052 1057 3116 καὶ
1078 3046 1169 3133 ὅμως

168 3147 362 3236 άφάπλισας
378 3149 481 3220 αὐτόν
496 3155 551 3219 καὶ
566 3156 749 3237 νενίκηκας.

252 3259 314 3319 ΕΡ.
341 3247 438 3320 Ἀλλά
455 3253 578 3330 ἐκεῖνος
598 3248 683 3319 έκων
699 3255 870 3337 προσίεταί
888 3273 928 3334 με
949 3249 1003 3314 καὶ
1019 3267 1170 3330 προσκα-

168 3355 286 3436 λεῖται,
300 3345 321 3436 ἡ
333 3346 459 3437 Ἀθηνᾶ
477 3350 512 3417 δέ
526 3347 691 3435 ὑφορᾶται
706 3347 773 3433 άεί,
788 3354 846 3416 καί
857 3372 936 3415 ποτε
953 3342 1017 3431 ἐγω
1032 3348 1093 3431 μὲν
1107 3341 1168 3413 άλ·
