2550 3825
184 161 248 228 372
538 165 841 224 AOYKIANOY

186 329 269 413 ίλθη
285 330 352 390 τάν
368 330 598 409 γραμματίων,
612 325 670 390 ’καὶ
682 319 720 390 τό
737 321 855 390 λοιπόν
871 321 953 392 κατὰ
968 321 1028 390 τόν
1044 323 1194 407 λαχόντα

187 425 331 504 ἐκείνου,
346 420 436 500 ὅστις
449 418 493 489 ἀν
504 415 541 512 ᾗ,
560 423 748 508 φιλοσόφει.

271 524 320 588 58.
336 527 438 587 ΕΡΜ.
460 523 562 589 Ταυτὶ
573 525 652 607 μέν,
667 513 846 603 όΛυκίνε,
860 518 1068 607 βωμολοχικά
1080 523 1138 588 καὶ
1150 519 1194 588 ού

187 614 270 686 κατὰ
284 619 329 684 σέ.
353 614 396 684 σύ
411 618 447 685 δέ
465 622 537 687 είπέ
550 644 622 704 μοι,
639 619 702 703 ἤδη
718 620 796 684 ποτὲ
811 616 903 685 οἶνον
921 622 1022 700 ἐπρίω
1036 617 1157 697 αύτύς;

271 721 369 783 AYK.
393 718 458 784 Καὶ
471 717 560 801 μάλα
576 716 743 792 πολλάκις.

272 820 374 881 ΕΡΜ.
391 806 460 896 Ἆρ’
478 808 542 882 ούν
556 816 702 904 περιηεις
715 811 863 893 ἅπαντας
877 817 914 883 ἐν
929 816 1040 905 κύκλῳ
1058 815 1141 894 τούς
1154 820 1193 883 ἐν

189 917 228 999 τῇ
245 910 339 978 πόλει
359 910 528 996 καπήλους
548 911 794 997 ἀπογευόμενος
814 915 869 981 καὶ
890 915 1115 1000 παραβάλλων
1135 917 1193 983 καὶ

189 1005 407 1086 ἀντεξετάζων
421 1006 500 1086 τούς
517 1019 646 1091 οίνους;

201 1119 204 1126 ·
272 1112 372 1172 AYK.
395 1104 568 1191 οωαμως.

273 1209 376 1270 ΕΡΜ.
396 1202 469 1289 Χρη
491 1205 570 1290 γάρ,
595 1201 701 1290 οἶμαι,
723 1226 776 1272 σοι
796 1214 841 1294 τῷ
857 1207 977 1297 πρύτω
990 1215 1121 1297 χρηστῷ
1136 1209 1190 1275 καὶ

168 1353 171 1359 .
189 1299 269 1391 ἀξίω
281 1302 450 1386 ἐντυχόντι
465 1299 704 1386 ἀποφέρεσθαι.

273 1407 371 1468 AYK.
393 1398 448 1486 Νὴ
463 1407 538 1470 Δια.

273 1506 377 1568 ΕΡΜ.
395 1501 460 1567 Καὶ
470 1498 536 1567 ἀπό
547 1527 584 1585 γε
594 1510 656 1568 τού
667 1499 782 1586 ὀλίγον
794 1503 923 1568 ἐκείνου
932 1501 1095 1586 γεύματος
1109 1499 1194 1586 εἶχες

191 1594 234 1664 ἀν
249 1603 352 1665 εἰπεῖν
366 1595 479 1675 ὁποῖος
494 1597 611 1676 ἀπαςὸ
627 1598 717 1678 οἶνός
731 1603 836 1678 ἐστιν;

275 1702 375 1764 ΛΥΚ.
396 1693 497 1780 Εἶχον
513 1697 586 1782 γάρ.

273 1800 377 1861 ΕΡΜ.
405 1799 449 1861 Εἰ
467 1798 502 1860 δὲ
523 1793 563 1880 δὴ
585 1801 694 1882 ἐλεγες
715 1793 912 1881 προσελθάν
932 1809 999 1872 τοῖς
1018 1794 1191 1879 καπήλοις,

186 1888 317 1975 Ἐπειδὴ
333 1891 477 1976 κοτύλην
492 1901 654 1974 πρίασθαι
669 1895 848 1981 βούλομαι,
863 1894 938 1962 δότε
951 1920 1023 1979 μοι,
1043 1884 1070 1959 ό
1085 1883 1193 1975 οὗτοι,

194 1993 319 2057 ἐκπιεῖν
339 1985 420 2055 ὅλον
441 1991 575 2068 ἕκαστος
592 1988 687 2077 ὑμῶν
706 1989 766 2060 τόν
786 1999 905 2076 πίθον,
932 1989 976 2069 ὡς
996 1987 1049 2057 διὰ
1067 1988 1193 2067 παντός

194 2082 380 2164 ἐπεξελθών
394 2084 536 2172 μάθοιμι
547 2087 636 2167 ὅστις
650 2087 773 2175 ἀμείνω
784 2088 843 2157 τδν
858 2087 950 2156 οἴνου
964 2093 1028 2172 ἐχει
1039 2090 1093 2155 καὶ
1104 2086 1194 2155 ὅθεν

192 2213 249 2272 μοι
266 2182 426 2270 ὠνητέον·
455 2193 485 2255 εί
497 2186 589 2255 ταῦτ’
607 2194 730 2273 ἔλεγες,
751 2185 813 2269 ούκ
827 2184 871 2254 ἀν
886 2197 948 2256 οίει
970 2186 1195 2271 καταγελάσαι

191 2307 255 2354 σου
269 2284 408 2371 αύτούς,
432 2292 462 2355 εί
475 2290 512 2355 δὲ
527 2289 582 2354 καὶ
602 2289 654 2354 ἐπὶ
667 2289 768 2354 πλέον
782 2289 964 2371 ἐνοχλοίης,
987 2282 1056 2370 τάχ’
1077 2280 1121 2351 ἀν
1137 2287 1196 2350 καὶ

193 2388 348 2470 προσχέαι
360 2391 420 2452 τοῦ
436 2382 572 2466 ύδατος;

125 2506 176 2564 799
197 2482 200 2489 ’
277 2490 376 2552 ΛΤΚ.
399 2481 499 2569 Οἶμαι
514 2488 616 2570 ἔγωγε
631 2486 686 2552 καί
700 2485 810 2553 δίκαιά
825 2481 859 2569 γ’
875 2479 918 2549 ἀν
933 2483 1084 2567 πάθοιμι.

277 2589 380 2650 ΕΡΜ.
402 2579 494 2649 Κατά
509 2580 611 2649 ταύτά
628 2582 668 2669 δη
683 2585 738 2651 καί
755 2586 791 2651 ἐν
807 2588 996 2670 φιλοσοφία.
1024 2589 1057 2649 τί
1070 2585 1124 2648 δεί
1136 2584 1195 2648 ἐκ·

194 2694 282 2747 πιεῖν
296 2678 356 2746 τόν
369 2685 474 2748 πίθον
486 2686 692 2767 δυναμένους
706 2709 744 2768 γε
755 2681 812 2750 ἀπ’
829 2682 943 2767 ὀλίγον
955 2687 1015 2748 τοῦ
1029 2681 1196 2766 γεύματος

196 2780 316 2845 είδέναι
332 2774 449 2844 ὁποίου
466 2776 502 2845 τό
518 2786 586 2847 πᾶν
603 2783 709 2862 ἐστιν;

279 2880 329 2940 59.
346 2882 444 2943 ΛΤΚ.
460 2872 519 2954 Ὡς
529 2875 708 2965 ὀλισθηρὸς
719 2877 762 2965 εἷ,
779 2871 1003 2966 ἀἘρμότιμε,
1018 2879 1072 2945 καὶ
1083 2880 1196 2945 διαδι-

196 2970 348 3054 δράσκεις
359 2975 473 3042 ἐκτῶν
485 2985 613 3061 χειρῶν.
637 2974 725 3064 πλὴν
736 2973 811 3044 ἀλλ’
824 2974 954 3061 όνησάς
966 3000 1020 3060 γε·
1041 2975 1197 3060 οίόμενος

195 3069 259 3157 γάρ
274 3076 512 3158 ἐκπεφευγέναι
529 3078 561 3153 ές
575 3074 635 3145 τὸν
652 3071 755 3144 αὐτὸν
768 3073 892 3155 κύρτον
909 3078 1129 3161 ἐμπέπτωκας.

278 3179 381 3239 ΕΡΜ.
402 3180 480 3251 Πῶς
493 3172 584 3241 τοῦτ’
602 3182 700 3261 ἐφης;

277 3276 376 3337 ΛΥΚ.
398 3266 469 3338 Ὅτι
490 3267 830 3359 αὐθομολογούμενον
851 3280 985 3358 πρᾶγμα
1002 3270 1115 3361 λαβάν
1138 3278 1197 3343 καὶ

195 3367 365 3452 γνύριμον
379 3366 481 3435 ἀπασι
492 3367 551 3435 τόν
562 3367 656 3437 οἶνον
669 3372 806 3451 εἰκάζεις
820 3369 909 3459 αύτῷ
921 3370 960 3438 τά
972 3369 1197 3458 ἀνομοιότατα
