2550 3825
205 155 266 218 336
548 149 848 223 Λευκίππου

202 316 304 402 ἥμισυ
317 325 378 387 τοῦ
392 318 514 398 παντὸς
530 327 592 407 ἔφη
609 319 710 406 εἶναι,
732 319 815 389 ὥστε
829 347 912 388 κατα
925 323 1029 407 μέσην
1043 346 1106 407 την
1121 317 1204 386 ὰνο-
1251 248 1252 305 ὰ

203 420 264 482 δον
279 416 365 485 εἶναί
377 437 414 484 σε
430 415 494 503 ἤδη
510 421 661 504 λέγοντες
675 415 737 485 οὐκ
754 413 797 484 ὰυ
813 414 1025 502 ἁμάρτοιμεν.

285 522 388 582 ΕΡΜ.
413 514 552 582 Οὐδέπω
573 513 781 583 οὐδὲτοῦτο·
810 515 969 600 πάμπολυ
986 509 1048 598 γὰρ
1064 506 1109 578 ὰν
1123 509 1206 598 ἡμῖν

202 610 334 697 ἤνυστο.
653 665 659 678 .
1037 665 1041 674 .

286 717 386 778 AYK.
410 708 505 777 Ἀλλὰ
529 716 600 776 ποῦ.
615 709 680 795 γάρ
703 729 739 776 σε
761 716 878 795 φῶμεν
896 716 952 795 τῆς
972 704 1053 776 ὁδοῦ
1078 705 1204 790 τυγχά-

203 832 276 873 νειν
292 805 388 888 ὄντας

288 911 389 971 ΕΡΜ.
404 901 458 970 Ἐν
467 908 507 991 τῇ
518 898 667 991 ὑπωρείᾳ
678 903 766 971 κάτω
778 909 836 990 ἔτι,
850 897 1021 988 οόΛυκίνε,
1033 901 1108 985 άρτι
1119 926 1202 986 προ-

203 1009 332 1087 βαίνειν
345 1001 557 1087 βιαζόμενον·
580 997 744 1086 ὀλισθηρὰ
756 1000 792 1067 δὲ
803 1002 858 1068 καὶ
868 1015 998 1086 τραχεῖα
1011 1001 1128 1096 καὶσδεῑ
1136 1009 1202 1083 χεί-

204 1125 245 1180 ρα
262 1096 443 1183 ὀρέγοντος.

286 1203 385 1262 ΛΤΚ.
401 1190 575 1262 Οὐκοῦνὸ
588 1193 786 1271 διδάσκαλός
799 1213 852 1260 σοι
865 1202 962 1260 τοῦτο
976 1189 1090 1269 ίκανός
1105 1198 1199 1275 ποιῆ-

203 1313 258 1360 σαι
277 1291 412 1360 άνωθεν
427 1294 462 1360 ἐκ
478 1298 538 1359 τοῦ
553 1288 660 1375 ὀκρου
680 1291 834 1377 καθάπερ
851 1289 869 1357 ὁ
883 1297 944 1358 τοῦ
958 1289 1104 1376 Ὁμήρου
1118 1285 1200 1364 Ζεὰι
1257 1348 1258 1357 ,

202 1398 329 1477 χρυσῆν
344 1418 418 1458 τινα
433 1388 549 1474 σειρὰν
564 1391 693 1467 καθιεὶς
707 1388 786 1466 τοὰς
800 1386 905 1462 αὑτοῦ
919 1388 1056 1472 λόγους,
1073 1383 1137 1471 ὑφ’
1154 1376 1202 1450 ὦν

134 1501 185 1556 743
205 1507 241 1554 σε
252 1485 385 1578 ἀνασπᾷ
396 1485 519 1574 δηλαδὴ
532 1489 586 1555 καί
598 1484 813 1571 ὰνακουφιζει
824 1482 906 1569 πρὸς
916 1481 1019 1551 αὑτόν
1029 1508 1065 1550 τε
1075 1485 1129 1550 καί
1141 1479 1201 1567 τὴν

203 1582 324 1671 ἀρετὴν
339 1583 439 1663 αὐτὸς
455 1582 519 1672 πρὸ
536 1592 662 1653 πολλοῦ
675 1582 899 1670 ἀναβεβηκώς.

286 1689 389 1749 ΕΡΜ.
419 1679 509 1749 Αὐτὸ
534 1688 684 1766 ἔφησθα,
712 1673 738 1746 ὦ
755 1688 896 1764 Λυκῖνε,
924 1676 960 1746 τὰ
983 1678 1202 1764 γιγνόμενον·

203 1776 284 1845 ὅσον
294 1785 380 1864 γοῦν
395 1777 446 1845 ἐπ’
460 1782 574 1868 ἐκείνῳ
587 1780 688 1845 πάλαι
700 1773 743 1844 ὰν
754 1777 926 1863 ἐσπάσμην
942 1775 1013 1843 άνω
1027 1776 1081 1841 καὶ
1094 1780 1200 1858 συνῆν

203 1871 331 1958 αὐτοῖς,
348 1873 385 1943 τὰ
402 1880 423 1943 δ
428 1873 436 1902 ²
454 1873 534 1962 ἐμὰν
551 1881 597 1943 ἔτι
614 1877 710 1943 ἐνδεῖ.

205 2000 208 2007 ·
285 1976 314 2039 4.
331 1979 429 2040 AYK.
440 1970 546 2041 ,Ἀλλὰ
556 1983 699 2056 θαρρεῖν
708 1969 769 2057 χρὴ
782 1974 836 2039 καὶ
847 1968 962 2056 θυμὸν
972 1976 1058 2057 ἔχειν
1070 1967 1203 2054 ὰγαθὰν

203 2069 235 2146 ἐς
252 2066 288 2136 τὰ
303 2072 395 2148 τέλος
408 2078 466 2156 τῆς
483 2069 565 2139 ὁδοῦ
585 2069 715 2155 ὁρῶντα
737 2072 792 2138 καὶ
811 2068 873 2156 τὴν
888 2068 958 2137 ἄνευ
976 2068 1204 2155 εὐδαιμονίαν,

202 2168 256 2235 καὶ
267 2167 408 2253 μάλιστα
420 2172 549 2239 ἐκείνου
560 2173 919 2257 ξυμπροθυμουμένου.
935 2166 1021 2255 πλὴν
1033 2165 1117 2235 ἀλλὰ
1129 2174 1204 2235 τίνα

203 2286 255 2333 σοι
271 2271 386 2335 ἐλπίδα
401 2266 580 2355 ὑποφαίνει
598 2266 691 2354 υςδὴ
704 2268 783 2335 πότε
797 2266 1051 2358 ὰναβησομένρις
1074 2272 1107 2345 ἐς
1118 2271 1205 2334 νέω-

87 2369 89 2375 ’
202 2391 242 2430 τα
257 2372 383 2445 εἴκαζεν
394 2369 445 2435 ἐπὶ
456 2365 493 2434 τὰ
505 2365 610 2451 άκρον
625 2373 763 2435 ἔσεσθαί
774 2385 827 2448 σε,
844 2362 917 2433 οἷον
931 2363 1011 2450 μετὰ
1023 2362 1062 2432 τὰ
1074 2366 1206 2451 μυστή-

203 2490 258 2547 ρια
273 2460 294 2550 ἢ
310 2464 350 2531 τὰ
365 2464 448 2533 άλλα
461 2466 701 2553 Παναθήναια;

285 2571 388 2631 ΕΡΜ.
409 2562 538 2650 Ὀλίγον
553 2567 633 2651 φής,
651 2556 677 2631 οἷ
690 2571 824 2639 Λυκίνε.

286 2669 385 2729 ΛΤΚ.
407 2659 494 2730 Ἀλλ’
510 2666 542 2741 ἐς
556 2659 618 2748 τὴν
633 2664 704 2746 ἑξῆς
717 2659 920 2747 ὀλυμπιάδας

286 2768 391 2827 ΕΡΜ.
419 2762 484 2827 Καὶ
504 2768 602 2827 τοῦτο
617 2758 730 2844 ὀλίγον
751 2758 795 2837 ὡς
816 2757 900 2844 πρὸς
924 2756 1040 2846 άρετῆς
1061 2757 1204 2845 ἄσκησιν

203 2861 256 2921 καί
272 2856 488 2941 εὐδαιμονίας,
498 2865 622 2944 κτῆσιν.

285 2960 384 3021 ΛΤΚ.
401 2953 497 3022 Μετὰ
510 2957 571 3024 δύο
584 2959 645 3043 μὲν
656 2956 696 3044 δὴ
708 2952 913 3041 ὀλυμπιάδας
925 2956 1071 3034 πάντως·
1086 2951 1108 3041 ἢ
1120 2965 1206 3024 πολ-

203 3052 265 3137 λήν
281 3050 313 3138 μ’
332 3048 375 3119 ὰν
389 3050 484 3139 ὑμῶν
498 3056 669 3143 ρᾳθυμίαν
680 3061 857 3141 καταγνοίη
871 3082 937 3141 τις,
957 3062 986 3123 εἰ
1002 3052 1078 3142 μηδ’
1095 3058 1131 3123 ἐν
1145 3080 1204 3121 το-

202 3148 311 3241 σούτῳ
325 3150 434 3241 χρόνῳ
450 3152 617 3239 δύνασθε,
639 3152 721 3221 ὅσον
737 3156 806 3240 τρὶς
823 3151 887 3221 ὰπὸ
907 3153 1108 3238 Ἡρακλείων
1122 3174 1204 3238 στη-

202 3254 271 3315 λῶν
285 3254 332 3326 είς
341 3245 465 3328 Ἰνδοὰς
480 3248 657 3336 ὰπελθείν,
674 3249 732 3320 εἶτ’
744 3255 942 3321 ἐπανελθεῖν
952 3254 1087 3341 ῥηίδιον,
1104 3258 1135 3319 εί
1147 3254 1204 3319 καὶ

201 3344 246 3431 μὴ
261 3344 398 3416 εὐθεῖαν
413 3347 491 3436 μηδ’
509 3348 560 3419 άεὶ
574 3357 700 3438 βαδίζοι
714 3381 776 3436 τις,
798 3352 871 3422 ἄλλ’
887 3357 924 3422 ἐν
938 3368 1006 3434 τοῖς
1021 3351 1081 3422 διὰ
1095 3356 1203 3437 μέσου
