2550 3825
154 146 202 209 '⁴10
507 151 817 210 ΛΟΥΚΙΑΝΟΤ

245 312 295 376 15.
337 316 499 377 ΠΛΟΤΤ.
544 310 609 376 Καὶ
630 305 698 394 μὴν
720 318 753 377 εί
770 338 808 395 γε
826 312 969 400 τάληθές
991 316 1158 400 ἐξετάζοις,

159 404 260 493 ἄμφω
281 427 333 475 σοι
349 406 470 493 εύλογα
488 407 573 487 δόξω
590 422 714 474 ποιεῖν·
741 416 802 476 τοῦ
819 438 855 479 τε
873 411 938 500 γάρ
955 421 1105 501 Τίμωνος
1120 439 1157 481 το
1225 480 1232 487 ,

159 504 252 571 πάνυ
266 512 365 572 τοῦτο
382 503 558 591 ἀνειμένον
572 504 690 591 άμελές
703 511 758 575 καὶ
774 507 835 577 οὐκ
851 510 1006 579 εὐνοϊκὸν
1021 510 1065 590 ὡς
1075 536 1159 598 προς

162 607 217 691 ἐμὲ
232 604 366 684 είκότως
381 602 424 673 άν
439 611 569 693 δοκοίη·
592 607 672 685 τούς
688 632 723 672 τε
737 600 782 674 αὖ
796 611 1032 679 κατάκλειστον
1043 616 1079 679 ἐν
1090 610 1159 679 θύ-

94 716 143 772 Ιλδ
162 731 235 788 ραις
257 708 311 772 καὶ
332 706 439 795 σκότφ
463 706 707 789 φυλάττοντας,
735 705 824 786 ὅπως
844 706 956 787 αὐτοῖς
976 709 1160 796 παχύτερος

160 809 320 890 γενοίμην
348 808 402 871 καὶ
425 802 563 891 πιμελὴς
584 806 639 870 καὶ
661 801 847 891 ὑπέρογκος
868 807 1159 892 ἐπιμελουμένους,

161 903 238 971 ούτε
263 907 558 989 προσαπτομένους
585 898 708 979 αύτούς
734 900 811 970 ούτε
836 907 869 982 ἐς
893 902 931 972 τό
955 913 1027 991 φῶς
1050 903 1160 990 προά-

159 1027 297 1089 γοντας,
326 998 369 1079 ὡς
388 1004 471 1087 μηδὲ
493 998 640 1087 ὀφθείην
660 1001 745 1083 πρός
766 1028 873 1087 τινος,
902 1003 1065 1090 οἷνοήτους
1086 1003 1159 1071 ἐνό-

159 1106 255 1187 μιζον
277 1097 361 1167 εἶναι
377 1103 431 1168 καὶ
445 1098 622 1187 ὑβριστάς,
647 1097 748 1167 οὐδὲν
762 1099 944 1170 ἀδικοῦντά
960 1129 1001 1189 με
1015 1100 1082 1170 ύπδ
1098 1128 1157 1170 το-

159 1200 293 1277 σούτοις
319 1203 451 1284 δεσμοῖς
480 1198 748 1284 κατασήποντας,
776 1196 839 1266 ούκ
863 1201 991 1279 εἰδότας
1014 1200 1058 1280 ὡς
1076 1198 1157 1287 μετὰ

159 1296 281 1384 μικρὸν
302 1296 438 1367 άπίασιν
459 1295 548 1387 άλλφ
570 1298 635 1365 τινὶ
654 1303 723 1364 τῶν
739 1295 950 1383 εὐδαιμόνων
967 1326 1007 1386 με
1022 1308 1159 1368 καταλι-

160 1398 287 1475 πόντες.
327 1404 374 1465 16.
399 1396 471 1465 οὔτ’
490 1390 555 1464 οὖν
569 1399 717 1474 ἐκείνους
731 1395 809 1463 ούτε
825 1396 903 1477 τούς
917 1399 1008 1465 πάνυ
1025 1404 1160 1484 προχεί-

160 1523 239 1581 ρους
260 1503 306 1575 είς
329 1499 384 1582 ἐμὲ
399 1495 539 1574 τούτους
555 1498 691 1580 ἐπαινοῖ,
706 1492 789 1562 α’λλοὶ
805 1496 901 1583 τούς,
923 1497 1005 1582 ὅπερ
1020 1496 1160 1582 ἄριστόν

159 1600 244 1681 ἐστι,
266 1598 388 1681 μέτρον
410 1595 632 1681 ἐπιθήσοντας
652 1601 698 1685 τῷ
719 1594 887 1682 πράγματι
908 1598 964 1665 καὶ
977 1596 1057 1683 μήτε
1071 1592 1158 1680 άφε-

159 1696 318 1779 ξομένους
333 1691 369 1760 τό
386 1693 545 1777 παράπαν
559 1692 641 1780 μήτε
652 1698 902 1779 προησομένους
914 1692 952 1761 τὸ
964 1693 1054 1763 ὅλον.
1076 1693 1158 1760 σκό-

159 1817 213 1860 πει
233 1792 315 1878 γάρ,
344 1785 370 1859 ὦ
393 1800 476 1878 Ζεῦ,
503 1790 588 1877 πρός
607 1799 668 1859 τοῦ
690 1791 789 1877 Διός,
818 1800 851 1859 εί
868 1819 917 1871 τις
936 1793 1029 1885 νόμω
1050 1794 1159 1880 γήμας

92 1911 142 1968 127
163 1904 307 1979 γυναῖκα
332 1899 412 1960 νέαν
440 1892 494 1960 καὶ
520 1888 626 1978 καλὴν
652 1895 764 1958 ἔπειτα
787 1892 869 1979 μήτε
894 1893 1056 1980 φυλάττοι
1076 1892 1159 1978 μήτε

162 1999 340 2080 ζηλοτυποῖ
365 1990 402 2060 τδ
430 1993 607 2075 παράπαν,
638 1989 747 2074 άφιεὶς
767 1993 823 2058 καὶ
842 1997 987 2078 βαδίζειν
1007 2000 1093 2061 ἔνθα
1113 1987 1159 2058 οἲν

159 2093 270 2160 ἐθέλοι
290 2091 424 2176 νύκτωρ
441 2093 495 2157 καὶ
518 2087 597 2175 μεθ’
613 2087 740 2177 ἡμέραν
760 2091 815 2158 καὶ
830 2094 977 2170 ξυνεῖναι
991 2106 1060 2170 τοῖς
1073 2098 1159 2178 βου-

158 2190 326 2275 λομένοις,
353 2195 481 2274 μᾶλλον
506 2188 542 2254 δὲ
569 2183 670 2265 αὐτὸς
696 2186 820 2273 άπάγοι
845 2192 1159 2276 μοιχευθησομένην

159 2283 306 2372 ἀνοίγων
328 2284 387 2364 τοὶς
409 2286 520 2372 θύρας
543 2285 598 2352 καὶ
617 2287 860 2371 μαστροπεύων
883 2290 938 2356 καὶ
958 2288 1085 2367 πάντας
1107 2286 1158 2354 ἐπ’

159 2382 264 2472 αὐτὴν
284 2393 415 2469 καλῶν,
431 2377 495 2468 άρα
518 2383 535 2452 ὁ
558 2391 708 2462 τοιοῦτος
727 2386 808 2470 ἐρᾶν
831 2385 959 2465 δόξειεν
973 2387 1032 2468 ι’ίν;
1055 2384 1096 2454 ού
1112 2385 1159 2454 σύ

157 2509 212 2569 γε,
236 2477 363 2570 ω’Ζεῦ,
385 2490 484 2552 τοῦτο
506 2490 607 2570 φαίης
627 2479 672 2550 ἄν
692 2485 845 2568 ἐρασθεὶς
866 2485 1035 2564 πολλάκις.
1059 2489 1109 2552 17.
1130 2490 1160 2552 εί

159 2585 198 2649 δέ
215 2609 265 2660 τις
286 2588 427 2666 ἔμπαλιν
447 2583 631 2665 ἐλευθέραν
645 2596 788 2668 γυναῖκα
803 2588 848 2660 είς
861 2581 923 2669 τὴν
939 2589 1049 2652 οίκίαν
1063 2583 1158 2674 νόμῳ

157 2679 360 2767 παραλαβών
378 2678 428 2747 ἐπ’
446 2679 553 2771 άρότφ
568 2686 698 2748 παίδων
708 2687 870 2767 γνησίων,
887 2679 954 2750 ὁδέ
965 2683 1045 2770 μήτε
1057 2679 1158 2760 αὐτός

157 2778 380 2861 προσάπτοιτο
409 2775 549 2864 άκμαίας
573 2783 627 2846 καλ
649 2787 752 2864 καλῆς
769 2783 945 2865 παρθένου
962 2783 1044 2867 μήτε
1067 2778 1158 2871 άλλφ

157 2875 379 2962 προσβλέπειν
408 2879 592 2962 ἐπιτρέποι,
619 2875 746 2963 ἄγονον
768 2879 877 2946 δὲκαὶ
897 2893 1031 2963 στεῖραν
1054 2905 1159 2945 κατα-

90 2995 140 3050 m
157 2980 289 3052 κλείσας
303 2975 528 3061 παρθενεύοι,
545 2977 720 3043 καὶταῦτα
737 2979 818 3063 ἐρᾶν
828 2977 969 3063 φάσκων
986 2979 1042 3045 καὶ
1058 2982 1161 3061 δῆλος

159 3070 209 3140 όν
229 3070 293 3140 άπδ
318 3081 375 3160 τῆς
395 3075 496 3160 χρόας
517 3079 643 3159 καὶτῆς
658 3073 781 3159 σαρκὸς
797 3077 1007 3161 ἐκτετηκυίας
1020 3076 1160 3144 καὶτῶν

158 3168 347 3259 ὀφθαλμῶν
372 3169 647 3256 ὑποδεδυκότων,
685 3169 755 3240 ἐσθ’
781 3172 870 3252 ὅπως
895 3171 913 3241 ὁ
940 3182 1090 3252 τοιοῦτος
1115 3172 1159 3242 ού

157 3279 358 3356 παραπαίειν
381 3271 508 3352 δόξειεν
528 3269 589 3358 όῖν,
614 3273 692 3338 δέον
713 3276 984 3341 παιδοποιεῖσθαι
1001 3278 1055 3341 καλ
1071 3271 1162 3340 άπο-

156 3370 274 3438 λαύειν
284 3377 346 3438 τοῦ
354 3371 475 3457 γάμου,
493 3376 750 3456 καταμαραίνων
767 3367 990 3456 εὐπρόσωπον
1001 3373 1089 3441 οὕτω
1101 3378 1161 3444 καὶ
