2550 3825
169 143 210 207 88
528 149 820 212 ΛΟΤΚΙΑΝΟΥ

100 316 152 370 230
253 312 326 373 HA.
345 313 424 376 Πού
444 307 480 374 δὲ
500 310 555 376 καὶ
569 314 659 376 ἔστιν
678 305 700 396 ἦ
720 311 830 380 πύθευ
847 315 1054 400 ἐξεπέμφθης
1068 308 1165 399 ἀγγευ

168 409 238 470 λών
254 405 356 475 ταῦτα’
372 429 446 490 μοις

252 508 355 570 ΕΡΜ.
374 499 427 570 Ἐκ
440 511 615 591 Βοιωτίας,
632 499 659 573 ώ
667 506 776 593 Ἥλιε,
792 507 881 595 παρὰ
894 516 950 596 τῆς
960 507 1166 596 Ἀμφιτρύω-

167 625 242 685 νος,
259 591 282 689 ἦ
296 600 453 670 σύνεστιν
469 605 554 687 ίρών
571 601 679 690 αὐτῆς.

252 706 327 768 HA.
350 697 431 768 Εἶτα
446 698 507 786 οὐχ
520 699 618 788 ἱκανὴ
632 701 696 783 νύξ
711 711 784 789 μίας

250 804 354 866 ΕΡΜ.
377 794 556 885 Ούδαμώς·
578 809 736 888 τεχθῆναι
751 803 815 899 γάρ
826 829 901 872 τινα
912 809 963 873 δεῖ
975 807 1011 872 ἐκ
1024 813 1080 892 τῆς
1090 803 1167 891 ὁμι-

166 905 238 973 λίας
255 895 377 982 ταύτης
390 899 495 982 μέγαν
510 901 565 966 καὶ
578 898 776 968 πολύαθλον
787 902 887 969 θεόν·
915 909 1036 971 τοῦτον
1051 896 1115 970 ούν
1130 905 1167 972 έν

166 1001 225 1082 μιᾷ
242 996 338 1061 νυκτί
352 990 617 1081 ἀποτελεσθῆναι
630 993 808 1066 ἀδύνατον.

250 1098 279 1161 2.
302 1099 375 1160 HA.
396 1088 494 1160 Ἀλλά
504 1102 770 1178 τελεσιουργείτω
781 1097 844 1181 μὲν
854 1093 965 1186 ἀγαθῇ
977 1098 1066 1186 τύχη.
1083 1106 1166 1165 ταῦψ

165 1217 205 1258 τα
224 1189 255 1258 δ’
272 1185 354 1276 οὖν,
370 1183 396 1262 ώ
404 1189 522 1278 Ἑρμῆ,
539 1190 601 1260 ούκ
616 1196 740 1278 ἐγίνετο
756 1195 807 1262 ἐπὶ
821 1201 883 1261 τοῦ
896 1196 1033 1279 Κρόνου
1045 1236 1089 1248 -
1102 1193 1166 1262 αύ-

164 1293 214 1358 τοὶ
228 1287 293 1376 γάρ
305 1288 397 1376 ἡμεῖς
408 1291 507 1375 ἐσμέν
516 1327 559 1339 -
570 1287 836 1370 ούιλὲάπόκοιτός
850 1317 929 1360 ποτε
940 1296 1064 1372 ἐκεῖνος
1074 1283 1161 1378 παρά

163 1397 220 1474 τῆς
230 1385 318 1466 Ῥέας
333 1381 377 1473 ἦν
391 1387 469 1456 οὐδὲ
493 1386 667 1458 ἀπολιπών
686 1383 731 1456 ἀν
743 1387 803 1457 τόυ
820 1387 969 1474 οὐρανὸν
990 1394 1026 1459 έν
1041 1393 1165 1479 Θήβαις

165 1489 334 1573 ἐκοιμᾶτο,
351 1485 434 1556 ἀλλὰ
448 1485 553 1574 ἡμέρα
567 1487 629 1574 μὲν
639 1485 763 1574 ἡμέρα,
779 1485 840 1568 νύξ
854 1490 890 1557 δὲ
900 1488 983 1558 κατὰ
994 1488 1160 1576 μέτροντά

164 1583 266 1672 αύτῆς
281 1584 449 1672 ἀνάλογον
465 1601 535 1665 ταῖς
550 1584 667 1671 ώραις,
687 1588 784 1665 ξένον
797 1587 834 1653 δὲ
851 1581 872 1672 ἢ
889 1590 1163 1674 παρηλλαγμένον

165 1680 282 1769 οὐδέν,
300 1682 375 1752 οὐδ’
391 1679 434 1751 ἀν
449 1684 650 1772 ἐκοινώνησέ
663 1709 742 1753 ποτε
752 1688 877 1764 ἐκεῖνος
888 1694 999 1775 θνητῇ
1011 1694 1161 1771 γυναικί·

164 1789 229 1847 νῦν
255 1783 291 1848 δὲ
313 1784 480 1868 δυστήνου
501 1790 645 1869 γυναίου
666 1785 763 1851 ἕνεκα
785 1780 845 1869 χρὴ
868 1781 1099 1871 ἀνεστράφθαι
1120 1782 1161 1853 τά

163 1881 271 1947 πάντα
285 1881 341 1951 καὶ
351 1879 619 1968 ἀκαμπεστέρους
629 1881 691 1968 μὲν
701 1882 859 1967 γενέσθαι
873 1880 951 1961 τούς
961 1885 1083 1963 ἵππους
1093 1879 1159 1951 ὑπὸ

163 1985 220 2065 τῆς
234 1976 367 2064 ἀργίας,
383 1979 555 2065 δύσπορον
567 1984 603 2047 δὲ
615 1978 677 2065 τὴν
687 1976 769 2047 &adv
779 1977 896 2067 ἀτριβῆ
907 1984 1076 2066 μένουσαν
1088 2009 1160 2065 τρι-

163 2082 211 2143 ώυ
232 2077 303 2161 ἑξῆς
323 2073 472 2162 ἡμερῶν,
496 2074 574 2155 τούς
599 2078 636 2143 δὲ
656 2073 858 2160 ἀνθρώπους
877 2074 1002 2156 ἀθλίως
1026 2081 1062 2145 έν
1081 2099 1161 2145 σκο-

161 2177 432 2265 τειυῷάιαβιοῦν.
452 2180 587 2241 τοιαῦτα
598 2171 845 2242 ἀπολαύσονται
856 2182 923 2242 τών
933 2174 1018 2255 Διὸς
1028 2176 1161 2264 ἐρώτων

160 2274 215 2341 καί
226 2278 450 2341 καθεδοῦνται
461 2275 701 2358 περιμένοντες,
713 2268 780 2339 ἔστ’
792 2266 835 2338 ἀν
846 2275 969 2351 ἐκεῖνος
979 2270 1160 2361 ἀποτελέσῃ

160 2370 220 2438 τόν
234 2370 401 2457 ἀθλητήν,
419 2367 460 2439 ὃν
475 2374 595 2456 λέγεις,
611 2367 677 2438 ύπὸ
691 2377 807 2460 μακρῷ
821 2377 866 2459 τῷ
883 2370 980 2461 ζόφῳ.

92 2486 141 2541 231
244 2474 348 2536 EPM.
365 2468 501 2554 Σιώπα,
517 2460 661 2553 ώἭλιε,
676 2467 762 2555 μήτι
775 2466 880 2535 κακὰν
891 2466 1158 2557 ἀπολαύσηςτών

162 2564 281 2649 λόγων.
317 2560 381 2649 ἐγώ
409 2567 445 2632 δὲ
467 2564 557 2651 παρὰ
579 2563 640 2653 τὴν
659 2565 814 2652 Σελήνην
836 2564 994 2635 ἀπελθών
1019 2569 1074 2635 καὶ
1099 2564 1158 2635 τὸν

160 2656 285 2728 Ὕπνου
301 2657 476 2745 ἀπαγγελώ
491 2662 656 2742 κάκείνοις
669 2662 753 2746 ἀπερ
770 2661 887 2743 ὁΖεύς
902 2667 1079 2753 ἐπέστειλε,
1096 2664 1159 2752 τὴν

160 2756 221 2841 μὲν
242 2761 342 2842 σχολῇ
361 2765 571 2845 προβαίνειν,
595 2760 655 2830 τὸν
671 2764 707 2831 δὲ
718 2759 844 2829 Ὕπνον
862 2759 906 2847 μὴ
930 2760 1059 2830 ἀνιέναι
1078 2761 1159 2843 τούς

80 2866 84 2871 ’
159 2850 379 2939 ἀνθρώπους,
397 2851 440 2933 ὡς
456 2854 644 2944 ἀγνοήσωσι
658 2856 790 2946 μακράυ
807 2857 895 2927 οὕτω
906 2856 967 2946 τὴν
982 2860 1087 2928 νύκτα
1099 2888 1156 2947 γε·

159 2951 353 3037 γευημέυην.

554 3173 756 3185 -—-—-—-
