2550 3825
185 148 226 209 50
534 153 841 215 AOYKIANOY

184 310 381 379 ίκέτευον
347 337 407 379 τον
418 321 485 381 Δία
499 308 660 398 μηκέθ’”
637 336 733 396 ηκειν
747 335 837 394 παρα
825 308 939 381 σὲ”
896 338 1003 389 ουτως
1016 318 1187 464 δυσμενῶς

184 435 242 495 μοι
255 412 575 496 προσενηνεγμένον.

118 531 165 581 151
267 512 318 575 39
341 513 445 574 EPM.
466 503 562 575 Ἀλλά
580 512 647 572 νῦν
661 501 759 595 ὁρᾷς,
774 497 958 626 ωΠλοῦτε,
973 503 1116 625 οέοςήᾶη
1129 533 1188 593 γε·

184 606 347 724 γένηταις
357 604 440 673 ωοτε
459 610 601 723 θαρροῦν
623 604 834 690 ξυνῦιάτριβε
855 601 962 693 αὐτῷ·
989 607 1044 672 καὶ
1065 627 1109 672 συ
1097 603 1189 690 μὲν

185 703 309 770 σκάπτε
325 699 369 781 άις
386 708 484 788 ἔχεις·
514 699 558 769 οὐ
573 698 666 768 δὲ
630 726 693 768 τον
706 698 926 786 Θησαυρὸν
906 702 1057 789 νπάμαηε
1078 706 1187 788 τῇδε

184 802 299 887 κέλλη·
321 797 550 868 ὑπακούσεται
565 796 630 915 γάρ
645 798 849 885 ἐμβοήσαντί
859 818 922 867 σοι.

272 903 366 964 TIM.
399 900 576 981 Πεισαίου,
595 885 621 961 ά
635 891 755 980 Ἑρμῆ,
779 894 834 961 καὶ
851 887 953 974 αὖθις
972 899 1186 983 πλουτητέον.

183 1002 218 1063 τί
227 992 293 1081 γάρ
307 988 352 1060 ἀν
365 995 420 1059 καὶ
433 991 539 1060 πάθοι
552 1017 617 1076 τις,
634 988 806 1059 ὁπότανοί
792 993 890 1060 ίθεοὶ
900 995 976 1079 βιάζ
975 1020 1083 1062 οιντο·
1073 992 1188 1080 ,πλήν

184 1092 247 1179 ὅρα
261 1117 317 1179 γε,
333 1096 366 1171 ές
380 1087 434 1159 οἱά
448 1117 489 1177 με
502 1089 679 1175 πράγματα
689 1088 909 1177 ἐμβάλλεις
874 1116 935 1157 τον
949 1095 1187 1178 κακοδαίμονα,

184 1186 221 1267 ὃς
231 1186 307 1274 άχρι
314 1194 384 1255 νῦν
396 1185 674 1273 εὐδαιμονέστατα
685 1187 812 1271 διάγων
820 1185 946 1272 χρυσὸν
957 1186 1055 1273 ἀφνω
1065 1196 1188 1256 τοσοῦ-

184 1312 244 1354 τον
263 1284 409 1371 λήψομαι
428 1282 529 1353 οὐδὲν
552 1281 712 1371 ἀδικήσας
738 1287 792 1353 καὶ
817 1286 979 1365 τοσαύτας
1005 1292 1188 1373 φροντιῦας

184 1385 392 1473 ἀναδέξομαι.

267 1490 318 1553 40.
339 1491 443 1553 ΕΡΜ.
460 1482 655 1569 ’Ῥπάστηθι,
671 1509 698 1550 ω
685 1475 846 1569 Τίμων,
863 1481 908 1550 δι’
926 1486 998 1569 ἐμέ,
1013 1485 1070 1551 καὶ
1083 1489 1114 1551 εί
1124 1510 1186 1569 χα-

183 1581 287 1652 λεπὸν
301 1588 400 1649 τοῦτο
415 1578 520 1649 κάλ’
481 1607 543 1649 ουκ
558 1581 671 1650 οἰστόν
682 1579 890 1667 έστιν,”οπως
902 1582 1086 1661 οίκύλακες
1099 1584 1188 1649 ἐκεί-

183 1707 236 1749 νοι
247 1676 549 1765 διαρραγωσινῦπό
560 1704 620 1745 του
606 1679 784 1764 φθόνου·
807 1675 871 1765 έγά
882 1675 948 1746 δέ’
931 1677 994 1747 υπὲ
995 1676 1187 1766 ρτήνΑἰτ-

183 1801 248 1862 νην
264 1778 297 1854 ές
313 1773 373 1843 τάν
387 1772 538 1861 οὐρανὸν
554 1772 793 1862 ἀναπτήσομαι.

265 1879 426 1943 ΠΛΟῬΤ.
448 1870 485 1942 ‘O
499 1872 560 1960 μέν
575 1870 807 1961 ἀπελήλυθεν,
825 1870 869 1952 ὡς
881 1877 987 1942 δοκεῖ·
1008 1880 1187 1960 τεκμαίροκ

182 1999 240 2058 μαι
255 1970 319 2060 γάρ
334 1979 374 2060 τή
388 1977 512 2060 εἰρεσία
526 1977 594 2038 τῶν
608 1978 755 2058 πτερῶν·
777 1969 820 2039 σύ
835 1972 872 2040 δὲ
885 1968 990 2040 αῦτοῦ
1010 1977 1186 2057 περίμενε·

182 2069 366 2158 ἀναπέμψω
380 2069 446 2156 γάρ
467 2088 520 2137 σοι
535 2065 594 2136 τὸν
613 2065 793 2154 Θησαυρὸν
807 2064 982 2137 ἀπελθών·
1004 2075 1132 2155 μᾶλλον
1148 2071 1187 2138 δέ

182 2183 266 2238 πολε.
283 2171 322 2237 σέ
330 2194 426 2255 φημι,
438 2169 591 2254 Θησαυρὲ
600 2174 745 2253 χρυσοῦ,
757 2163 953 2234 ὑπάκουσον
967 2173 1094 2253 Τίμωνι
1102 2194 1187 2236 του-

182 2272 245 2336 τωί
257 2270 313 2339 καὶ
326 2267 474 2354 πάρασχε
488 2263 630 2333 σεαυτὸν
645 2263 835 2334 ἀνελέσθαι.
857 2264 998 2351 σκάπτε,
1014 2257 1041 2333 ἀ
1059 2272 1185 2354 Τίμων,

114 2391 164 2444 152
180 2372 319 2454 βαθείας
333 2367 540 2451 καταφέρων.
563 2361 626 2449 έηά
642 2365 679 2431 δὲ
693 2360 773 2449 ὑμῖν
786 2359 1042 2450 ῦπεκστήσομαι.

266 2469 317 2534 41.
342 2470 437 2533 ΤΙΜ
449 2454 579 2548 ’Ἀραοῦ
590 2466 876 2547 ὃίκελλα,νννμοι
885 2464 1070 2547 ἐπίρρωσον
1081 2483 1186 2532 σεαυ-

182 2563 244 2650 τήν
260 2559 366 2630 καὶ
325 2588 369 2649 μη
385 2561 492 2648 κάμης
507 2563 543 2627 ἐκ
557 2583 618 2628 του
603 2555 804 2645 βάθους
770 2583 831 2626 τον
841 2556 1020 2646 Θησαυρὸν
1034 2562 1068 2638 ἐς
1078 2558 1185 2647 τοῦμ-

185 2663 271 2746 φανέ
272 2685 289 2738 ς
307 2661 571 2744 προκαλουμένη.
602 2683 627 2724 ω
616 2648 708 2724 Ζεῦ
723 2655 872 2743 τεράστιε
891 2659 946 2724 καὶ
961 2663 1052 2743 φίλοι
1067 2659 1187 2744 Κορύ-

184 2765 302 2844 βαυτες
311 2753 379 2824 καὶ
377 2761 471 2841 Ερμη
482 2758 618 2844 κερδωε,
628 2753 738 2823 ποθεν
748 2761 909 2822 τοσουιον
919 2748 1186 2842 χρνσίον,ηπου

114 2881 164 2936 153
180 2855 265 2941 ὅναρ
281 2853 385 2923 ταῦτά
398 2855 482 2935 ἐστις
501 2857 592 2922 δέδια
603 2859 688 2938 γοῦν
698 2879 743 2939 μη
731 2848 980 2938 ἀνθρακας“
940 2877 1029 2937 ευρω
1040 2851 1186 2940 ἀνεγρό·

180 2978 294 3040 μενος·
323 2949 407 3022 ἀλλά
427 2948 495 3037 μήν
514 2959 652 3036 χρυσίον
668 2952 758 3019 ἐστίν
773 2953 951 3036 ἐπίσημον,
972 2949 1185 3038 ὑπέρυθρον,

180 3048 267 3135 βαρὺ
283 3051 338 3119 καί
350 3047 413 3136 τήν
427 3049 595 3136 πρόσοψιν
607 3047 842 3134 ὑπερήδιστον.

332 3141 358 3216 εά
373 3150 492 3235 χρυσέ,
511 3151 653 3234 δεξίωμα
664 3147 843 3215 κάλλιστον
855 3152 1002 3232 βροτοῖς·

111 3277 164 3333 154
179 3250 364 3332 αἰθόμενον
378 3244 443 3331 γάρ
459 3253 528 3329 πῦρ
543 3243 601 3312 ἀτε
617 3247 808 3329 διαπρέπεις
822 3245 877 3311 καὶ
891 3242 1025 3326 νύκτωρ
1035 3246 1091 3312 καὶ
1100 3244 1184 3331 μεθ’

178 3343 314 3432 ἡμέραν.
336 3345 431 3438 ἐλθέ,
445 3336 617 3429 ἀφίλτατε
628 3347 683 3412 καὶ
694 3341 925 3429 ἐρασμιώτατε.
945 3348 1011 3408 νῦν
1022 3348 1190 3425 πείθομαί
