2550 3825
199 191 260 254 150
541 202 841 263 ΛΟΥΚΙΛΝΟΤ

279 363 381 426 ΕΡΜ.
401 357 574 446 Ἔμβαινε,
603 351 630 426 ἄ
652 363 808 428 Μένιππε
828 359 963 446 ἄνδράν
984 361 1114 445 ἄριστε,
1138 362 1191 426 καὶ

195 453 257 542 τήν
270 464 449 544 προεδρίαν
458 458 617 545 παρᾶτδν
627 464 837 549 κυβερνήτην
847 469 899 548 ἔχε
910 459 964 550 ἐφ’
982 460 1131 548 ὑψηλοῦ,
1148 456 1192 536 ⁶53

195 556 373 643 ε’πισιιοπής
387 555 542 637 ἄπαντας.
563 565 595 626 3.
614 556 631 625 ὁ
651 557 750 638 καλός
763 559 794 626 δ’
812 552 910 639 οὗτος
924 566 973 638 τίς
989 562 1069 639 ἐστι,

277 661 373 724 ΧΛΡ.
395 656 594 740 Χαρμόλεως
609 653 627 722 ὁ
643 654 835 743 Μεγαρικός
849 655 867 726 ὁ
883 659 1075 743 ἐπέραστος,
1099 645 1140 719 οὗ
1154 652 1190 719 τὸ

196 756 323 835 φίλημα
337 754 534 821 διτάλαντον
549 746 602 839 ήν.

76 841 84 866 “
280 855 383 916 ΕΡΜ.
403 848 565 918 ’Λπόδυθι
586 858 766 935 τοιγαροῦν
781 849 818 917 τό
838 850 958 929 κάλλος
977 853 1032 918 καὶ
1045 845 1086 915 τά
1101 854 1190 933 χείλη

197 942 307 1024 αὐτοῖς
322 949 484 1033 φιλήμασι
503 949 559 1016 παλ
572 949 634 1034 τήν
653 947 761 1032 νόμην
775 945 837 1034 τήν
849 955 993 1034 βαθεῖαν
1013 948 1067 1014 καὶ
1085 941 1123 1012 τό
1139 946 1191 1011 ἐπὶ

197 1049 264 1109 τῶν
284 1051 430 1125 παρειῶν
444 1045 598 1131 ἐρύθημα
618 1049 673 1113 καλ
692 1043 730 1112 τὸ
746 1047 850 1131 δέρμα
872 1045 961 1114 ὅλον.
995 1052 1059 1131 ἔχει
1073 1049 1190 1125 καλῶς,

196 1138 336 1220 εὔζωνος
351 1139 394 1224 εἷ,
411 1144 559 1230 ἐπίβαινε
568 1143 641 1229 ήδη.
663 1150 692 1212 4.
715 1140 784 1210 ὁδδ
798 1142 859 1229 τήν
873 1149 1063 1231 πορφυρίδα
1079 1141 1191 1209 οὑτοσὶ

196 1239 251 1304 καὶ
264 1235 301 1304 τό
317 1239 460 1325 διάδημα
476 1236 494 1307 ὁ
510 1240 673 1327 βλοσυρὸς
687 1247 735 1318 τίς
751 1238 798 1306 ὢν
811 1241 1002 1328 τυγχάνεις;

128 1351 179 1406 ³66
281 1344 423 1406 AAMH.
444 1339 612 1425 Λάμπιχος
626 1339 766 1430 Γελῴων
781 1342 953 1428 τύραννος.

279 1443 384 1504 ΕΡΜ.
409 1444 451 1504 Τί
461 1429 539 1523 οὖν,
556 1431 583 1503 ά
597 1439 763 1526 Λάμπιχε,
777 1449 921 1509 τοσαῦτα
935 1447 1020 1528 ἔχων
1035 1440 1150 1523 πόροις

279 1541 422 1601 ΛΛΜΠ.
454 1542 496 1602 Τί
516 1528 596 1617 οὖνς
618 1541 733 1623 ἐχρῆν,
763 1533 921 1627 οἶἙρμή,
949 1537 1079 1627 γυμνόν
1097 1535 1192 1624 ήκειν

198 1633 365 1716 τύραννον
379 1631 503 1715 ἄνδρας

279 1737 383 1799 ΕΡΜ.
415 1731 591 1812 Τύραννον
613 1735 675 1817 μὲν
692 1733 860 1822 οὐδαμοῖς,
889 1733 1010 1820 νεκρόν
1031 1736 1067 1802 δὲ
1087 1732 1191 1819 μάλα·

197 1827 281 1895 ὥστε
298 1825 432 1896 άπόθου
445 1837 558 1896 ταῦτα.

280 1935 421 1995 ΛΑΜΠ.
439 1924 524 1995 Ἰδού
538 1949 591 1996 σοι
605 1928 623 1996 ὁ
641 1938 783 2011 πλοῦτος
796 1933 1001 2018 ἀπέρριπται.

280 2033 383 2094 ΕΡΜ.
410 2028 475 2095 Καὶ
487 2026 547 2094 τόν
561 2035 671 2113 τῦφον
691 2027 895 2115 ἀπόρριψον,
917 2024 944 2098 ὦ
958 2029 1124 2115 Λάμπιχε,
1139 2048 1191 2093 ναι

196 2120 258 2209 τήν
281 2122 480 2207 ὑπεροψίαν·
513 2126 651 2212 βαρήσει
677 2127 741 2211 γὰρ
762 2129 800 2197 τὸ
823 2139 1007 2214 πορθμεῖον
1028 2146 1191 2212 συνεμπε-

196 2244 308 2291 σοντα.
1061 2278 1066 2294 1

70 2402 78 2416 ⁸
279 2326 422 2389 AAMH.
452 2318 588 2389 Οὐκοῦν
607 2320 690 2390 ἄλλά
708 2321 745 2391 τό
768 2324 911 2409 διάδημα
932 2322 1032 2391 ἔασόν
1048 2347 1088 2407 με
1106 2326 1194 2407 ἔχειν
1248 2332 1259 2359 ⁸

196 2422 251 2487 καὶ
264 2416 325 2505 τήν
339 2422 522 2504 ἐφεστρίδα.

282 2522 384 2582 ΕΡΜ.
409 2514 587 2602 Οὐδαμῶς,
603 2515 687 2585 άλλᾶ
701 2520 871 2585 καὶταῦτα
888 2516 980 2603 ἄφες.

281 2620 423 2681 ΛΑΜΠ.
446 2614 533 2683 Εἶεν.
554 2623 588 2684 τί
599 2622 662 2697 ἄτις
684 2614 793 2682 πάντα
807 2612 871 2700 γάρ
888 2613 1018 2701 άφῆιια,
1043 2613 1086 2694 ὡς
1102 2611 1192 2702 ὁρᾷς.

280 2716 384 2777 ΕΡΜ.
418 2714 482 2777 Καὶ
502 2709 564 2798 τήν
585 2710 735 2798 ὠμότητα
755 2714 809 2781 καὶ
829 2709 891 2798 τήν
914 2712 1033 2782 ἄνοιαν
1057 2714 1111 2781 καὶ
1131 2710 1194 2797 τήν

199 2806 299 2894 ὕβριν
315 2811 369 2874 καὶ
383 2805 444 2893 τήν
460 2805 581 2895 ὀργήν,
596 2812 651 2879 καὶ
666 2817 769 2877 ταῦτα
783 2808 875 2896 ἄφες.

281 2911 423 2973 ΛΑΜΠ.
445 2903 529 2973 Ἰδοό
543 2929 596 2975 σοι
609 2907 705 2988 ψιλός
719 2914 792 2994 είμι.

281 3009 310 3071 5.
333 3010 435 3071 ΕΡΜ.
450 3002 605 3090 Ἔμβαινε
618 3006 692 3092 ήδη.
714 3004 757 3072 σύ
768 3008 804 3073 δὲ
818 3002 837 3074 ὁ
852 3006 973 3093 παχύς,
991 3005 1197 3090 ὁπολύσαρ-

199 3126 256 3177 κος
269 3108 317 3179 τίς
331 3096 379 3167 ἄν
393 3100 581 3186 τυγχάνεις;

281 3206 395 3268 ΛΑΜ.
416 3205 588 3284 Δαμασίας
602 3198 619 3268 ὁ
635 3198 791 3285 ἀθλητής.

282 3304 386 3365 ΕΡΜ.
406 3302 491 3381 Ναί,
513 3302 636 3375 ἔοικας·
667 3296 739 3364 οἶδα
756 3299 821 3385 γάρ
837 3320 873 3367 σε
894 3300 1052 3377 πολλάκις
1071 3302 1110 3366 ἐν
1124 3313 1198 3378 ταῖς

198 3403 412 3479 παλαίστραις
426 3396 516 3464 ίδάν.
