2550 3825
135 182 199 245 220
481 187 781 247 AOYKIANOY

216 352 312 415 XAP.
338 344 476 415 Ούκοῦν
491 348 629 424 ἐκείνοις
642 352 728 432 γοῦν
742 346 973 433 ἐμβοήσωμενς

217 451 320 513 ΕΡΜ.
348 441 513 526 Περιττόν
533 446 588 509 καί
608 450 723 528 τούτο,
750 446 858 529 λέγειν
877 442 961 530 πρὸς
978 442 1137 523 αύτούςά

133 548 253 609 ἴσασιν.
285 538 377 631 ὁρᾷς
388 540 477 619 ὅπως
491 539 742 619 ἀποσπάσαντες
759 548 827 608 των
848 550 982 610 πολλῶν
996 567 1137 627 καταγε·

132 642 214 705 λύοι
226 645 295 707 τῶν
315 640 524 725 γιγνομένων
545 639 599 706 καὶ
615 636 743 725 ούδαμή
766 637 920 725 οὐδαμῶς
941 639 1135 727 ἀρέσκονται

133 735 260 821 αὐτοῖς,
277 735 362 805 ὀλλά
378 742 475 823 δήλοί
489 744 552 805 είσι
568 734 719 823 δρασμὸν
737 735 802 823 ήδη
820 737 1039 825 βουλεύοντες
1054 736 1133 823 παρ’

132 832 218 921 ὑμᾶς
237 833 303 904 άπὸ
325 842 386 904 τοῦ
406 842 500 921 βίους
522 832 661 921 καὶγὰρ
682 837 737 902 καί
753 843 929 921 μισοῦνται
951 838 1136 922 ἐλέγχοντες

64 939 116 993 518
133 931 245 1001 αύτιόυ
259 930 318 1011 τὰς
332 930 488 1018 άμαθίας.

214 1037 311 1100 ΧΑΡ.
333 1024 387 1099 Εύ
399 1057 455 1117 γε,
473 1024 501 1099 οό
515 1031 691 1116 γεννάδαι·
715 1029 802 1116 πλὴν
816 1033 908 1100 πάνυ
921 1030 1027 1118 ὀλίγοι
1042 1037 1135 1114 είσίυ,

133 1123 280 1216 ύἙουῆ·

214 1232 319 1294 EPM.
336 1224 457 1295 Ἱκανοὶ
470 1230 526 1294 καὶ
540 1219 643 1295 οὗτοι.
672 1224 756 1294 ἀλλὰ
771 1234 936 1314 κατίωμεν
949 1225 1022 1313 ήδη.

215 1330 265 1393 22
281 1332 378 1393 ΧΑΡ.
394 1324 454 1393 Ἓν
465 1331 512 1394 ἔτι
522 1323 685 1409 ἐπόθουν,
702 1316 854 1410 ύἙρμή,
866 1328 999 1408 είδέναι,
1014 1328 1072 1391 καί
1080 1348 1136 1408 μοι

133 1424 240 1501 δείξας
254 1418 336 1489 αότό
351 1423 464 1508 ἐντελῆ
479 1427 538 1509 ἔση
549 1418 611 1506 τήν
623 1420 822 1507 περιήγησιν
833 1424 1064 1507 πεποιημένος,
1079 1417 1135 1497 τάς

132 1517 307 1603 ἀποθήκας
315 1525 384 1585 των
394 1518 575 1604 σωμάτων,
596 1516 1133 1602 ἵνακατορύττονσι,θεάσασθιιι.

214 1622 320 1683 ΕΡΜ.
339 1614 449 1701 Ἠρία,
463 1608 635 1700 ύΧάρων,
649 1616 703 1682 καὶ
713 1614 860 1702 τύμβους
870 1617 925 1683 καί
936 1614 1064 1699 τάφους
1075 1640 1136 1681 κα-

131 1719 227 1780 λοῦσι
242 1709 282 1779 τὰ
304 1720 449 1782 τοιαῦτα.
478 1710 567 1798 πλὴν
587 1709 628 1779 τά
647 1710 712 1794 πρὸ
730 1719 797 1779 τῶν
818 1712 949 1781 πόλεων
965 1715 1075 1781 ἐκεῖνα
1094 1707 1135 1778 τά

130 1809 264 1894 χώματα
275 1806 355 1897 ὁρᾷς
365 1812 420 1877 καὶ
429 1807 489 1887 τας
502 1810 623 1895 στήλας
635 1809 692 1877 καί
702 1815 906 1896 πυραμίδαςς
928 1812 1039 1878 ἐκεῖνα
1049 1807 1136 1877 πάν-

131 1935 171 1976 τα
184 1911 396 1994 νεκροδοχεῖα
410 1910 466 1976 καί
479 1904 763 1993 σωματοφυλάκιά
781 1914 853 1976 τίσι.

31 1999 33 2002 ’
63 2021 115 2076 519
214 2013 311 2075 ΧΑΡ.
338 2012 381 2073 Τί
398 1999 462 2073 ούν
478 2009 598 2074 ἐκείνοι
620 2013 823 2093 στεφανοῦσι
842 2004 921 2085 τούς
943 2014 1061 2084 λίθους
1082 2005 1137 2073 καὶ

131 2110 261 2191 χρίουσι
281 2104 396 2194 μύρφς
417 2108 452 2174 ολ
466 2104 502 2172 δὲ
519 2105 574 2172 καὶ
591 2105 705 2189 πυρὰν
724 2106 885 2192 νήσαντες
906 2103 971 2191 πρὸ
986 2111 1054 2172 τῶν
1069 2127 1134 2188 χω-

131 2200 245 2288 μάτων
267 2205 322 2268 καί
342 2201 474 2288 βόθρου
488 2200 562 2269 τινά
581 2200 760 2288 ὀρύξαντες
780 2209 915 2272 καίουσί
926 2227 962 2270 τε
979 2204 1073 2269 ταυτὶ
1093 2196 1134 2268 τὰ
1231 2196 1234 2200 ’

131 2305 295 2386 πολυτελῆ
310 2303 428 2367 δεῖπνα
442 2301 496 2366 καί
512 2300 545 2377 ἐς
558 2297 598 2366 τά
614 2297 786 2386 ὀρύγματα
801 2298 896 2367 οἶνον
909 2300 964 2366 καὶ
978 2303 1133 2385 μελίκρα-

131 2421 206 2480 του,
224 2393 269 2474 ὡς
282 2403 368 2480 γοῦν
383 2397 530 2481 εἰκάσαι,
546 2399 735 2483 ἐκχέουσινς

199 2500 319 2564 ἘΡΜ
345 2484 421 2561 Ούκ
434 2493 523 2580 οἶδα,
547 2486 575 2562 d
594 2501 765 2581 πορθμεῦ,
788 2501 822 2562 τί
834 2501 937 2563 ταῦτα
958 2493 1041 2581 πρὸς
1056 2493 1135 2572 τούς

132 2588 307 2658 ἐν’Ἆιδου·
325 2593 562 2660 πεπιστεύκασι
573 2600 660 2679 γοῦν
670 2591 728 2669 τὰς
737 2590 844 2678 ψυχὰς
858 2590 1136 2679 ἀναπεμπομένας

131 2689 286 2757 κάτωθεν
299 2691 447 2757 δειπνεῖν
457 2692 520 2776 μὲν
531 2688 575 2768 ὡς
590 2687 664 2759 οἷόν
677 2717 711 2758 τε
722 2695 979 2779 περιπετομένας
989 2690 1051 2778 τήν
1061 2705 1135 2758 κυσ-

132 2808 195 2854 σαν
208 2789 264 2854 καί
277 2784 338 2854 τὸν
355 2788 504 2873 καπνόν,
528 2796 638 2858 πίνειν
653 2789 688 2856 δὲ
705 2786 770 2856 άπὸ
786 2796 848 2856 τού
867 2791 1001 2876 βόθρον
1017 2787 1054 2859 τό
1075 2815 1135 2875 με·

131 2895 296 2969 λίκρατον.

214 2992 311 3054 ΧΑΡ.
332 2982 495 3065 Ἐκείνους
512 2992 559 3054 έτι
574 2993 685 3055 πίνειν
699 2981 720 3072 ή
736 2988 880 3070 ἐσθίειν,
898 2978 947 3054 ύυ
958 2984 999 3055 τὰ
1014 2992 1135 3070 κρανία
1219 3045 1224 3054 .

61 3102 114 3156 520
133 3083 310 3169 ξηρότατας
332 3091 438 3152 καίτοι
452 3085 580 3170 γελοῖός
594 3091 659 3170 είμι
675 3087 727 3153 σοὶ
740 3085 847 3169 λέγων
857 3093 961 3153 ταῦτα
976 3083 1135 3172 ὁσημέραι

130 3182 309 3269 κατάγοντι
324 3181 455 3262 αύτούς.
480 3183 580 3252 οἶσθα
595 3176 676 3266 σύν,
698 3189 728 3251 εί
742 3180 895 3252 δύναιντ’
912 3179 956 3250 άν
973 3189 1019 3252 ἔτι
1036 3180 1135 3250 ὀνελ-

131 3290 208 3349 θεϊν
222 3279 310 3364 άπαξ
324 3279 523 3366 ὑποχθόνιοι
535 3282 720 3368 γενόμενοι.
742 3283 815 3349 ἐπεί
826 3306 877 3349 τοι
893 3284 948 3350 καί
962 3277 1133 3367 παγγέλοι’

131 3376 190 3462 άν,
207 3372 363 3466 οόἙρμή,
381 3385 534 3466 έπασχες,
546 3378 608 3449 ούκ
619 3378 714 3465 ὀλίγα
725 3380 901 3465 πράγματα
912 3384 1011 3464 ἔχων,
1028 3384 1059 3447 εί
1068 3383 1135 3446 ἔδει
