2550 3825
469 177 742 238 ΗΡΟΔΟΤΟΣ.
1041 173 1102 236 393

103 334 348 421 ἐπισπώμενος,
368 333 385 402 ὁ
408 332 565 423 βασιλευς
586 334 622 401 δέ
644 333 743 414 αὐτὸς
765 337 826 420 μέν
843 335 1009 422 στέφανόν
1029 361 1103 402 τινα

103 427 211 515 ὀρέγει
226 440 266 519 κη’
277 436 384 517 παιδί,
400 431 544 516 πάροχος
554 432 589 496 δὲ
603 432 657 498 καὶ
669 431 893 519 νυμφαγωγὸς
901 430 1103 517 Ἡφαιστίων

104 531 310 617 συμπάρεστι
322 535 406 620 δᾷδα
416 533 596 616 καιομένην
608 535 707 616 ἔχων,
720 539 877 622 μειρακίῳ
892 530 983 599 πάνυ
996 529 1103 621 ὡραίῳ

104 629 370 714 ἐπερειδόμενος,
383 626 551 713 Ὑμέναιος
566 625 658 712 οἶμαί
668 632 771 696 ἐστιν·
795 628 836 696 οὐ
848 628 913 715 γάρ
928 631 1104 715 ἐπεγέγρα-

103 740 164 790 πτο
180 723 334 812 τοῦνομα.
358 728 495 811 ἑτέρωθι
510 727 547 792 δὲ
561 731 617 810 της
633 726 760 804 εἰκόνος
774 724 1012 812 ἀλλοιἝρωτες
1027 732 1105 792 παί-
1153 745 1156 748 ’

104 829 218 904 ζουσιυ
239 826 276 891 έν
300 838 367 902 τοῖς
392 822 508 903 ὅπλοις
532 830 592 890 τοῦ
613 822 846 911 Ἀλεξάνδρου,
880 825 941 892 δόο
963 825 1024 911 μὲν
1044 822 1105 910 την

103 923 227 1010 λόγχην
245 921 351 991 αὐτοῦ
364 928 538 1011 φέροντες,
561 925 760 1010 μιμούμενοι
780 923 858 1003 τοὺς
879 923 1103 1010 ἀχθοφόρους,

104 1019 205 1090 ὁπότε
221 1019 322 1089 δοκὸν
337 1026 493 1107 φέροντες
515 1030 688 1109 βαροῖντο·
709 1021 803 1090 ἀλλοι
820 1023 855 1090 δὲ
877 1022 940 1088 δόο
957 1025 1016 1088 ἕνα
1029 1018 1104 1088 τινὰ

104 1122 156 1188 ἐπὶ
170 1127 227 1206 τῆς
240 1117 377 1198 ἀσπίδος
390 1127 644 1206 κατακείμενον,
661 1123 796 1207 βασιλέα
809 1125 914 1206 δῆθεν
925 1121 980 1186 καὶ
990 1115 1103 1202 αὐτόν,

104 1217 245 1302 σόρουσι
255 1225 322 1284 τῶν
334 1217 464 1303 ὀχάνων
474 1225 531 1304 τῆς
542 1216 679 1295 ἀσπίδος
690 1220 933 1303 ἐπειλημμένοι·
958 1211 1003 1293 εἷς
1015 1219 1050 1282 δέ
1061 1212 1101 1300 δη
1121 1235 1172 1290 836

103 1317 137 1392 ἐς
151 1311 211 1382 τόν
225 1315 364 1398 θεόραιια
377 1313 526 1383 έσελθεδν
540 1313 661 1381 ὕπτιον
672 1321 825 1399 κείμενον
837 1320 974 1400 λοχῶντι
987 1318 1103 1396 ἔοικεν,

104 1411 147 1491 ὡς
168 1414 346 1500 φοβήσειεν
368 1411 506 1497 αὐτούς,
532 1411 632 1481 ὁπότε
653 1410 727 1480 κατ’
749 1409 852 1479 αὐτὸν
874 1411 1025 1496 γένοιντο
1043 1408 1105 1476 σό-

103 1534 226 1594 ροντες.
249 1517 278 1578 6.
292 1509 333 1576 οό
344 1507 459 1578 παιδιά
476 1511 512 1576 δὲ
528 1507 634 1586 ἀλλως
650 1509 753 1575 ταῦτά
768 1511 857 1576 ἐστιν
868 1506 946 1575 οὐδὲ
959 1513 1105 1592 περιείρ-

103 1626 220 1692 γασται
235 1609 271 1674 έν
288 1604 399 1685 αὐτοῖς
417 1603 434 1673 ὁ
448 1604 595 1692 Ἀετίων,
612 1603 694 1673 ἀλλά
706 1610 803 1692 δηλοῖ
814 1612 875 1674 τοῦ
887 1603 1104 1686 Ἀλεξάνδρου

102 1707 157 1772 καὶ
171 1701 230 1772 τόν
246 1706 279 1782 ές
290 1702 330 1771 τά
345 1701 505 1789 πολεμικά
522 1708 644 1789 ἔρωτα,
667 1707 722 1771 καὶ
736 1703 786 1772 ότι
800 1702 868 1789 ἅμα
882 1706 936 1772 καὶ
946 1701 1105 1785 Ῥωξάνης

81 1849 83 1852 -
101 1801 167 1887 ἤρα
177 1803 309 1868 καὶτῶν
320 1799 434 1869 ὅπλων
446 1800 507 1868 οὐκ
520 1805 723 1887 ἐπελέληστο.
740 1800 827 1888 πλὴν
838 1799 911 1870 ἀλλ’
923 1800 993 1887 ἦγε
1006 1797 1104 1868 είκάν

103 1897 186 1986 αὕτη
203 1903 256 1969 καὶ
274 1899 380 1979 ἀλλως
398 1900 563 1987 γαμήλιόν
583 1928 614 1968 τι
637 1903 690 1969 ἐπὶ
711 1909 768 1988 τῆς
789 1899 947 1987 ἀληθείας
962 1899 1103 1984 διεφάνη

102 2004 239 2083 ἔχουσιν,
256 2003 512 2085 προμνησαμένη
530 2007 575 2088 τῷ
587 1996 732 2067 Ἀετίωνι
747 1998 809 2085 τὴν
822 2006 882 2066 τοῦ
899 2001 1104 2081 Προξενίδου

101 2098 289 2181 θυγατέρα·
319 2098 373 2162 καὶ
388 2094 518 2183 ἀπῆλθε
533 2095 639 2182 γήμας
654 2100 709 2164 καὶ
723 2096 839 2183 αὐτός,
855 2098 1023 2180 πάρεργον
1037 2103 1104 2163 τῶν

97 2191 320 2278 Ἀλεξάνδρου
330 2192 457 2278 γάμων,
472 2189 538 2260 ὑπό
550 2202 764 2283 νυμφαγωγῷ
775 2202 820 2282 τῷ
831 2203 967 2280 βασιλεῖ,
980 2190 1105 2278 μισθὸν

104 2295 301 2377 εἰκασμένου
318 2292 428 2377 γάμου
444 2288 645 2378 προσλαβόν
661 2289 770 2378 ἀληθῆ
783 2292 901 2377 γάμον.
925 2298 953 2359 7.
967 2288 1105 2377 Ἡρόδο-

103 2416 159 2468 τος
173 2390 235 2476 μὲν
249 2383 313 2457 σόν
330 2390 537 2475 -ἐπάνειμι
553 2388 617 2477 γάρ
634 2388 686 2457 ἐπ’
703 2392 832 2457 ἐκείνου
845 2432 888 2443 -—
905 2387 1024 2475 ἱκανὴν
1038 2396 1105 2455 τῶν

101 2489 287 2575 Ὀλυμπίων
298 2488 359 2575 τὴν
370 2488 559 2574 πανήγυριν
573 2486 682 2575 ἡγεῖτο
695 2492 748 2555 καὶ
760 2493 954 2574 συγγραφέα
969 2498 1104 2571 θαυμα-

104 2587 184 2656 στόν
199 2594 301 2668 δείξαι
317 2602 384 2665 τοῖς
396 2586 530 2675 Ἕλλησι
544 2586 602 2665 τάς
616 2585 809 2674 Ἑλληνικάς
823 2593 916 2665 νίκας
932 2586 1104 2668 διεξιόντα,

105 2684 148 2765 ὡς
163 2688 287 2764 ἐκεῖνος
305 2690 486 2772 διεξῆλθεν.
516 2683 580 2771 ἐγώ
596 2686 631 2753 δὲ
649 2728 685 2737 -
703 2689 758 2753 καὶ
773 2683 856 2769 πρὸς
870 2691 988 2753 Φιλίου
1005 2686 1050 2771 μη’
1064 2711 1105 2771 με

103 2791 329 2871 κορυβαντιᾶν
340 2782 527 2870 ὑπολάβητε
538 2785 620 2870 μηδὲ
634 2782 720 2870 τάμά
732 2785 870 2866 εἰκάζειν
884 2800 951 2864 τοῖς
962 2789 1101 2871 ἐκείνου,
1121 2801 1172 2858 837

104 2887 199 2961 ἵλεως
213 2881 231 2951 ὁ
249 2880 334 2969 ἀνήρ
351 2926 394 2940 —·
409 2881 491 2951 ἀλλά
509 2885 607 2951 τοῦτό
619 2910 657 2970 γε
673 2881 790 2970 ὅμοιον
803 2895 927 2952 παθεῖν
944 2912 1027 2973 φημι
1043 2884 1108 2952 αὐ-

103 2990 165 3072 τῷ·
188 2981 243 3049 ὅτε
255 2979 320 3067 γάρ
337 2979 373 3049 τό
389 2990 522 3068 πρῶτον
537 2982 725 3069 ἐπεδήμησα
740 2990 780 3070 τῇ
793 2987 1006 3072 Μακεδονία,
1022 2982 1105 3067 πρὸς

102 3078 246 3166 ἐμαυτόν
262 3079 463 3148 έσκόπουνό
482 3107 513 3147 τι
531 3107 588 3167 μοι
603 3084 762 3167 χρηστέον
776 3089 821 3171 τῷ
838 3082 1020 3168 πράγματι·
1051 3085 1106 3150 καὶ

102 3178 120 3247 ὁ
144 3180 206 3266 μέν
227 3186 309 3264 ἔρως
334 3170 431 3257 οὗτος
453 3172 496 3265 ἦν
515 3176 637 3246 ἅπασιν
659 3177 740 3265 ὑμῖν
759 3189 955 3267 γνωσθῆναι
978 3182 1032 3248 καὶ
1055 3178 1104 3249 ὅτι

100 3284 266 3356 πλείστοις
277 3279 488 3345 Μακεδόνων
500 3282 601 3357 δεῖξαι
613 3275 709 3363 τάμά,
722 3274 758 3345 τὸ
772 3278 808 3345 δέ
820 3275 923 3344 αὐτόν
935 3271 1104 3359 περιιόντα

100 3385 282 3458 τηνικαῦτα
296 3384 356 3445 τοῦ
379 3383 472 3455 ἔτους
492 3381 715 3463 συγγενέσθαι
733 3384 773 3465 τῇ
794 3376 888 3443 πόλει
902 3376 1021 3465 ἑκάστη
1043 3374 1105 3444 οὐκ
