2550 3825
181 159 244 219 402
536 164 837 222 AOYKIANOT

112 339 164 396 853
182 312 325 411 ᾦπάσιν
334 317 488 406 αὐλήσεις
497 332 565 397 τοῖς
573 317 746 405 Ἕλλησινς
759 318 803 399 ὡς
812 323 848 388 δὲ
857 321 995 408 ποιήσας
1002 327 1191 411 γνωσθήσῃ

181 415 293 494 αὐτοῖς
308 419 364 484 καί
378 418 431 484 ἐπὶ
444 414 480 483 τό
496 419 598 501 πέρας
614 415 716 505 ἀφίξη
730 425 788 504 τής
803 417 916 505 εὐχῆς,
935 419 1000 506 ἐγω
1018 425 1189 490 καὶτοῦτο
1242 424 1243 469 3

180 513 399 600 ὑποθήσομαί
409 534 477 580 σοι·
506 511 549 580 σύ
566 511 631 598 γάρ
649 514 743 582 αὐλει
759 516 821 600 μὲν
837 520 892 584 καὶ
906 514 990 600 πρός
1004 515 1043 583 τά
1058 521 1188 603 θέατρα

180 616 302 696 ἐνίοτε,
320 607 403 692 ἀτάρ
419 607 532 696 όλίγον
546 614 670 698 μελέτω
681 632 735 679 σοι
749 620 970 682 τωνπολλῶν.
991 612 1013 700 ή
1029 613 1059 681 δ’
1075 618 1187 682 ἐπίτο-

179 735 240 796 μος
255 710 309 776 καὶ
331 711 434 796 ῥᾷστα
451 712 503 775 ἐπὶ
523 707 585 794 τήν
606 711 707 791 δόξαν
722 709 851 796 ἀγουσα
867 709 928 796 ήᾶε
942 714 1048 779 ἐστίν·
1077 719 1109 780 εί
1121 709 1187 797 γὰρ

177 805 412 891 ’ἐπιλεξάμενος
427 813 495 874 τῶν
512 809 549 874 ἐν
568 815 609 896 τῇ
624 805 756 876 Ἑλλάδι
777 806 857 886 τούς
873 807 1028 892 ἀρίστους
1042 811 1099 877 καὶ
1114 808 1187 877 όλί-

181 931 263 990 γους
276 903 389 972 αὐτῶν
402 904 475 972 ὅσοι
486 920 665 990 κορυφαῖοι
676 909 730 975 καὶ
745 906 982 993 ἀναμφιλόγως
995 913 1186 992 θαυμαστοὶ
1243 914 1244 949 λ

181 1005 235 1070 καὶ
247 999 299 1070 ἐπ’
313 1001 485 1088 ἀμφότερα
497 1010 622 1088 πιστοί,
639 1010 670 1071 εί
678 1004 824 1090 τούτοις,
840 1014 940 1091 φημί,
955 1008 1133 1084 ἐπιδείξαιο
1144 1001 1183 1071 τά

180 1098 352 1186 αὐλήματα
363 1101 418 1168 καί
432 1091 526 1167 οὐτοι
538 1103 769 1169 ἐπαινέσονταί
776 1121 830 1187 σε,
844 1100 970 1169 ἅπασιν
975 1100 1113 1188 Ἕλλησι
1125 1101 1179 1169 νύ·

179 1204 249 1283 μιζε
263 1196 325 1283 ήδη
340 1205 542 1282 γεγενῆσθαι
563 1196 730 1283 γνώριμος
752 1201 789 1266 έν
804 1199 893 1266 ούτω
913 1207 1036 1286 βραχεῖ.
1068 1202 1126 1268 καί
1145 1221 1180 1266 τε

178 1305 313 1383 πρᾶγμα
322 1292 386 1380 ὅρα
396 1303 466 1373 πῶς
476 1302 673 1380 συντίθημι·
692 1293 1119 1381 είγάρούςάπαυτεςίσασι
1130 1299 1185 1364 καὶ

150 1466 155 1476 ,
179 1394 238 1474 οὐς
251 1393 500 1480 θαυμάζουσιν,
521 1386 614 1460 οὗτοι
625 1393 661 1462 δὲ
678 1401 825 1461 είσονταί
833 1416 870 1460 σε
886 1392 1032 1480 αὐλητήν
1047 1395 1184 1463 εὐδόκι-

177 1519 243 1581 μον
255 1491 351 1574 ὅντα,
365 1499 400 1560 τί
410 1512 464 1560 σοι
479 1496 531 1559 δεῖ
541 1498 608 1558 τῶν
623 1499 770 1576 πολλῶν,
786 1494 821 1558 οἵ
833 1518 871 1577 γε
888 1493 1020 1570 πάντως
1036 1491 1183 1560 ἀκολου-

178 1592 324 1678 θήσουσι
334 1604 402 1668 τοῖς
410 1589 548 1676 ἀμεινου
559 1603 671 1674 κρῖναι
683 1592 897 1674 ἀυναμέυοιςς
912 1588 1005 1675 ὁγάρ
1014 1616 1066 1657 τοι
1077 1587 1184 1667 πολύς

179 1683 276 1768 οὗτος
286 1688 385 1772 λετός,
402 1686 496 1755 αὐτοὶ
507 1689 569 1772 μὲν
580 1685 740 1772 ἀγνοοῦσι
750 1685 790 1753 τά
800 1695 934 1774 βελτίω,
946 1689 1111 1774 βάναυσοι
1122 1684 1182 1752 όν-

177 1813 230 1864 τες
246 1790 279 1854 ot
288 1786 403 1852 πολλοι
418 1781 545 1866 αὐτῶν,
563 1779 762 1850 όυτιναό’”
741 1810 785 1849 αν
796 1789 830 1851 οι
837 1808 1037 1869 προυχοντες
1048 1784 1182 1850 ἐπαινε-
1245 1798 1246 1801 ’

178 1902 277 1968 σωσι,
304 1882 496 1950 πιστεύουσι
518 1877 561 1967 μή
585 1876 628 1946 ἀν
650 1878 778 1967 ἀλόγως
800 1884 1019 1968 ἐπαινεθῆναι
1043 1887 1180 1948 τοῦτον

178 1978 261 2048 ωστε
272 1980 483 2047 ἐπαινέσουσι
494 1975 601 2045 καί
560 1985 663 2046 αυτοι
681 1981 736 2046 και
747 2004 813 2064 γαρ
823 2004 887 2045 ουν
898 2005 953 2047 και
942 1980 1003 2045 ἐν
1013 1992 1081 2056 τοῖς
1091 2005 1179 2063 αγω-
1246 1999 1247 2066 γ

108 2098 162 2153 854
178 2098 233 2146 σιν
243 2082 279 2146 οί
284 2078 347 2163 μὲν
357 2078 472 2145 πολλοὶ
480 2077 598 2144 θεαταὶ
609 2086 699 2145 ίσασι
710 2084 871 2162 κροτῆσαί
878 2102 957 2144 ποτε
969 2079 1024 2144 καὶ
1034 2082 1181 2163 συρίσαι,

177 2184 329 2260 κρίνουσι
346 2176 382 2244 δὲ
396 2172 513 2244 ἑπτά
491 2204 512 2263 η
528 2171 659 2245 πέντε
637 2202 658 2261 η
671 2173 744 2242 ὅσοι
759 2177 810 2262 δή.
832 2173 966 2243 ταῦταὸ
985 2172 1066 2260 μέν’
1063 2184 1179 2259 Αρμο-

177 2276 271 2359 νίδης
279 2271 341 2341 οὐκ
350 2278 440 2359 ἔφθη
450 2280 600 2358 ποιήσαι·
612 2270 734 2359 μεταξύ
743 2271 807 2358 γάρ
817 2272 941 2360 αὐλῶν,
953 2281 1066 2358 φασίν,
1077 2271 1133 2340 ὅτε
1141 2272 1178 2339 τό

177 2380 310 2455 πρῶτον
319 2371 511 2458 ἠγωνίζετο,
522 2373 774 2457 φιλοτιμότερον
786 2376 946 2461 ἐμφυσῶν
957 2376 1183 2441 ἐναπέπνευσε

177 2479 223 2563 τςό
238 2469 329 2561 αὐλῷ
342 2474 397 2539 καί
412 2468 643 2557 ἀστεφάνωτος
658 2472 695 2537 ἐν
705 2479 744 2560 τῇ
759 2480 866 2561 σκηνῇ
880 2470 1029 2540 ἀπέθανε
1043 2469 1080 2538 τὸ
1097 2468 1181 2537 αὐτὸ

177 2571 232 2637 καὶ
244 2577 378 2654 πρῶτον
391 2571 446 2635 καί
460 2566 603 2636 ὐστατον
617 2566 764 2657 αὐλήσας
778 2574 815 2639 ἐν
830 2586 897 2649 τοῖς
911 2576 1114 2646 Διονυσίοις.

261 2673 291 2735 3.
306 2666 343 2735 ‘0
357 2670 470 2753 μέντοι
486 2674 546 2735 τοῦ
560 2672 729 2754 Τιμοθέου
742 2670 841 2755 λόγος
855 2666 917 2737 οὐκ
931 2667 1086 2753 αὐληταῖς
1100 2663 1181 2734 οὐδὲ

172 2763 350 2853 Ἁρμονίδῃ
370 2766 477 2851 μόνον
497 2773 653 2853 εἰρῆσθαί
669 2794 725 2853 μοι
746 2773 851 2854 δοκεῖ,
877 2764 961 2835 ἀλλά
981 2773 1084 2833 πᾶσιν
1104 2763 1180 2832 ὅσοι

176 2864 275 2948 δόξης
289 2860 461 2949 ὀρέγονται
475 2866 636 2950 δημόσιόν
652 2892 683 2932 τι
704 2865 985 2951 ἐπιδεικνύμενοι,
1009 2869 1071 2931 τοῦ
1088 2860 1178 2946 παρὰ

175 2975 243 3034 των
253 2972 387 3032 πολλῶν
397 2968 536 3034 ἐπαίνου
547 2968 708 3053 δεόμενοι.
720 2961 817 3052 ἔγωγ’
830 2959 894 3031 οὐν
903 2962 1001 3032 ὁπότε
1012 2965 1068 3031 καὶ
1078 2959 1181 3041 αὐτὸς

176 3064 336 3133 ἐνενόουν
356 3062 396 3131 τά
412 3062 511 3151 ὅμοια
531 3069 605 3149 περὶ
621 3074 690 3133 τῶν
706 3066 851 3149 ἐμαυτοῦ
867 3065 920 3130 καὶ
936 3062 1072 3149 ἐζήτουν
1087 3060 1179 3138 ὅπως

175 3160 219 3231 ἀν
229 3164 363 3249 τάχιστα
371 3169 562 3249 γνωσθείην
573 3171 669 3250 πᾶσι,
681 3169 727 3254 τῷ
738 3164 907 3247 Τιμοθέου
918 3162 1006 3251 λόγῳ
1018 3162 1180 3246 ἑπόμενος

174 3263 387 3348 ἐσκοπούμην
402 3258 492 3340 ὅστις
508 3260 526 3329 ὁ
541 3262 676 3348 ἀριστος
690 3272 739 3348 είη
755 3268 822 3329 των
833 3264 871 3329 ἐν
885 3268 925 3349 τῇ
941 3260 1035 3327 πόλει
1046 3261 1102 3327 καί
1112 3257 1179 3347 ότφ

175 3361 411 3429 πιστεύσουσιν
427 3364 462 3429 οί
472 3360 566 3429 ἀλλοι
580 3363 635 3428 καὶ
654 3358 690 3440 ὃς
703 3358 777 3427 ἀντὶ
792 3360 929 3426 πόντων
942 3356 1112 3441 ἀρκέσειεν
1123 3355 1168 3422 ἀν
