2550 3825
455 175 765 233 ΕΡΜΟΓΙΜΟΣ.
1049 173 1111 238 365

111 337 201 420 λέγοι
217 340 336 400 τοῦτον
350 331 434 400 εἶναι
456 333 632 401 κάλλιστον
647 331 841 418 ἀνθρώπων
855 331 1029 421 ἁπάντων,
1056 359 1112 403 πι-

111 429 308 517 στεύσαιμεν
321 426 364 496 ἀν
378 428 484 519 αὐτῷ,
498 425 543 516 ἢν
556 429 600 516 μὴ
617 435 756 516 εἰδῶμεν
768 430 819 499 ὅτι
834 433 961 510 πάντας
973 430 1112 517 ἀνθρά-

111 554 195 606 πους
210 528 370 612 ἑόρακεν·
392 538 469 605 ἴσως
479 529 540 612 μὲν
553 525 617 613 γάρ
629 529 683 596 καὶ
695 520 793 606 οὗτος
803 531 920 614 καλός,
936 536 966 597 εί
979 531 1015 598 δὲ
1025 530 1112 597 πάν-

111 653 178 694 των
198 626 386 709 κάλλιστος,
408 623 470 692 οὐκ
489 621 533 691 ἀν
553 631 620 711 ἔχοι
637 629 760 694 εἰδέναι
786 625 831 712 μὴ
853 626 935 695 ἰδών
955 626 1111 707 ἅπαντας.

111 723 203 810 ἡμεῖς
215 726 250 790 δὲ
262 721 323 792 οὐκ
335 721 415 792 αὐτὰ
427 723 534 809 μόνον
546 731 668 810 καλοῦ,
681 723 764 792 ἀλλά
774 733 835 793 τοῦ
845 732 1023 794 καλλίστου
1035 727 1112 794 δεό-

111 831 215 908 μεθα,
232 825 288 888 καὶ
302 819 346 908 ἢν
359 819 404 908 μὴ
420 828 518 888 τοῦτο
535 819 702 906 εὕρωμεν,
724 820 823 890 οὐδὲν
843 821 923 910 ἡμῖν
937 827 1039 892 πλέον
1053 851 1112 893 πε-

111 925 259 1005 πρᾶχθαι
273 915 482 1006 ἡγησόμεθα·
512 915 554 987 οὐ
573 917 637 1004 γὰρ
654 917 869 1008 ἀγαπήσομεν
885 921 1111 1013 ὁποιῳδήποτε

111 1024 201 1106 καλῷ
221 1017 429 1104 ἐντυχόντες,
457 1014 530 1086 ἀλλ’
556 1021 663 1087 ε’κεϊνο
687 1019 724 1086 τὸ
747 1018 931 1105 ἀκρότατον
952 1029 1112 1110 ζητοῦμεν

112 1115 247 1200 κάλλος,
264 1114 346 1198 ὅπερ
361 1114 490 1202 ἀνάγκη
506 1120 543 1184 ἓν
559 1115 652 1186 εἶναι.

194 1247 243 1309 46.
267 1249 370 1309 EPM.
391 1239 523 1329 Ἀιηοῆ.

194 1361 292 1422 ΛΤΚ.
326 1362 368 1422 Τί
381 1348 461 1437 οὖν;
491 1361 570 1441 ἔχεις
590 1362 649 1441 μοί
666 1383 741 1425 τινα
761 1362 864 1426 εἰπεῖν
881 1357 1010 1446 ἀπάσης
1030 1358 1111 1428 ὁδοῦ

110 1454 352 1538 πεπειραμένον
365 1455 401 1520 ἐν
418 1460 615 1541 φιλοσοφία,
637 1457 692 1522 καλ
705 1451 742 1533 ὃς
756 1454 796 1522 τά
811 1481 845 1522 τε
866 1453 931 1524 ὑπὸ
948 1459 1112 1544 Πυθαγό-

111 1575 174 1635 ρου
190 1551 243 1618 καὶ
256 1551 436 1628 Πλάτωνος
450 1551 505 1617 καὶ
516 1548 759 1634 Ἀριστοτέλους
776 1555 830 1620 καὶ
843 1561 1043 1639 Χρυσίππου
1057 1559 1112 1624 καὶ

107 1648 304 1734 Ἐπικούρου
315 1651 446 1716 καὶτῶν
456 1647 566 1717 ἀλλων
577 1647 741 1733 λεγόμενα
754 1649 849 1728 είδοδς
858 1660 1021 1720 τελευτῶν
1031 1661 1111 1739 μίαν

113 1748 214 1813 εἵλετο
236 1749 268 1826 ἐξ
289 1743 429 1814 ἀπασῶν
444 1743 532 1814 ὁδῶν
550 1745 661 1832 ἀληθῆ
680 1772 716 1812 τε
735 1749 917 1834 δοκιμάσας
937 1752 991 1818 καὶ
1014 1756 1111 1839 πείρᾳ

110 1842 231 1930 μαθών
247 1840 290 1923 ὡς
303 1845 390 1932 μόνη
404 1843 476 1931 ἀγει
491 1842 578 1912 εὐθὺ
593 1851 650 1930 τῆς
666 1841 892 1932 εὐδαιμονίας;
915 1855 945 1918 εἰ
955 1847 1020 1935 γάρ
1034 1875 1109 1917 τινα
1128 1862 1179 1918 788

111 1950 263 2009 τοιοῦτον
279 1942 450 2029 εὕροιμεν,
465 1945 664 2028 παυσόμεθα
681 1945 857 2032 πράγματα
874 1952 1011 2032 ἔχοντες.

194 2061 297 2121 ΕΡΜ.
317 2052 368 2122 Οὐ
381 2054 508 2143 ῥᾴδιον,
522 2048 547 2120 ὦ
559 2062 693 2139 Λυκῖνε,
706 2064 859 2124 τοιοῦτον
870 2056 976 2142 ἀνδρα
988 2058 1107 2144 εὑρεῖν.

195 2170 245 2234 47.
266 2173 366 2233 ΛΤΚ.
394 2173 436 2233 Τι’
454 2165 493 2253 δὴ
510 2160 573 2232 οὖν
588 2167 771 2252 πράξομεν,
794 2161 1025 2255 τόἘρμότιμες
1048 2168 1110 2237 οὐκ

112 2262 357 2350 ἀπαγορευτέον
372 2263 478 2351 οἶμαι,
494 2267 563 2332 ἐπεὶ
576 2262 718 2350 μηδενός
730 2264 893 2353 ἡγεμόνος
908 2269 1063 2334 τοιούτου
1077 2273 1110 2345 ἔς

113 2389 149 2448 γε
164 2359 201 2428 τὸ
223 2359 331 2448 παρὸν
352 2361 569 2448 εὐποροῦμεν.
602 2354 666 2446 ἀρα
687 2362 762 2429 τόδε
781 2364 917 2431 πάντων
933 2366 1111 2451 κράτιστόν

112 2464 179 2529 ἐστι
203 2462 258 2528 καὶ
277 2458 543 2546 ἀσφαλέστατον,
568 2457 671 2527 αὐτόν
691 2464 830 2529 ἕκαστον
849 2460 1035 2548 ἀρξάμενον
1056 2460 1111 2530 διά

112 2560 218 2646 πάσης
233 2563 454 2645 προαιρέσεως
468 2569 614 2646 χωρῆσαι
631 2561 686 2627 καὶ
708 2562 949 2641 ἐπισκέψασθαι
968 2558 1112 2648 ἀκριβῶς

113 2655 151 2725 τά
168 2654 233 2725 ὑπὸ
249 2659 384 2726 πάντων
399 2659 578 2744 λεγόμενα;

194 2779 297 2839 ΕΡΜ.
310 2768 440 2839 Ἔοικεν
452 2768 517 2838 ἀπό
527 2796 564 2856 γε
575 2772 720 2838 τούτων·
742 2767 831 2856 πλὴν
839 2772 945 2839 ἐκεῖνο
955 2771 999 2858 μή
1012 2776 1113 2841 ἐναν-

111 2877 182 2941 τίον
195 2864 236 2958 ᾗ,
252 2867 272 2937 δ
285 2878 392 2958 μικρῷ
408 2868 559 2954 πρόσθεν
573 2876 697 2955 ἔλεγες,
713 2866 757 2947 ός
770 2868 812 2935 οὐ
824 2869 942 2957 ῥᾴδιον
956 2871 1111 2940 ἐπιδόντα

111 2967 232 3037 ἑαυτὸν
252 2970 306 3036 καὶ
327 2969 513 3035 πετάσαντα
537 2966 600 3054 τὴν
619 2966 750 3055 ὀθόνην
772 2965 976 3056 ἀναδραμεῖν
998 2965 1108 3050 αὖθις.

111 3072 179 3143 πῶς
194 3062 259 3151 γάρ
273 3060 346 3132 οἶόν
361 3090 395 3130 τε
409 3065 516 3141 πάσας
531 3066 685 3133 ἐπελθεῖν
698 3063 756 3143 τάς
767 3062 867 3145 ὁδοὺς
878 3068 915 3134 ἐν
929 3075 969 3155 τῇ
983 3068 1107 3155 πρώτῃ,

113 3162 157 3242 ὡς
170 3164 251 3249 φής,
267 3167 599 3254 κατασχεθησομένῳς

194 3282 292 3345 AYK.
310 3275 391 3363 Ἐγά
404 3296 456 3344 σοι
469 3277 602 3362 φράσω·
624 3273 661 3344 τὸ
673 3283 734 3344 τοῦ
746 3280 880 3363 Θησέως
890 3279 997 3345 ἐκεῖνο
1010 3304 1112 3364 μιμη-

112 3375 256 3461 σόμεθα,
279 3381 336 3443 καί
351 3401 381 3443 τι
399 3382 493 3444 λίνον
514 3374 603 3463 παρά
621 3384 678 3462 τῆς
694 3382 848 3461 τραγικῆς
862 3372 1035 3461 Ἀριάδνης
1050 3385 1111 3445 λα-
