2550 3825
448 210 754 269 ΕΡΜΟΤΙΜΟΣ
1043 203 1106 268 373

105 371 243 453 καὶπερὶ
254 359 303 436 ὅν
315 366 580 455 ἀμφισβητοῦσιν
589 366 731 445 ἅπαντες
741 363 882 454 ἀφανῶν
892 366 1008 436 ὅντων,
1023 363 1107 434 (ὅστε

106 472 210 552 ἔγωγε
225 463 288 533 ούκ
303 471 365 551 ἔχω
378 472 480 534 εἰπεῖν
494 462 575 534 καθ’
590 465 652 535 ὅτι
662 487 717 534 σοι
732 464 846 552 ὅμοιος
857 470 1037 551 φιλοσοφία
1052 465 1107 532 καί

105 563 210 647 οἶνος,
228 569 260 632 εί
271 561 315 650 μὴ
328 563 393 650 ἀρα
407 563 489 633 κατά
498 572 596 634 τοῦτο
607 566 731 650 μόνον,
746 563 797 632 ὅτι
811 566 865 633 καὶ
879 569 914 632 οί
924 563 1106 651 φιλόσοφοι

92 659 320 740 ,ἀποδίδονται
334 661 374 730 τά
385 662 564 749 μαθήματα
576 660 687 745 ὅσπερ
702 669 736 731 οἱ
748 664 905 750 κάπηλοι,
921 661 1107 746 κερασάμε-

105 767 161 828 νοί
168 786 206 846 γε
218 765 252 830 οί
263 765 379 830 πολλοὶ
389 763 444 830 καὶ
455 761 660 840 δολώσαντες
670 765 725 828 καὶ
735 768 1024 848 κακομετροῦντες.
1045 756 1107 826 οῦ-

105 862 185 926 τωσί
203 857 239 926 δέ
261 861 534 946 ἐπισκοπήσωμεν
553 857 617 927 ὅτι
637 863 692 928 καὶ
707 863 827 946 λέγεις·
853 857 914 926 τὸν
932 857 1026 925 οἶνον
1040 854 1107 943 φὴς

105 957 165 1024 τὸν
180 960 217 1024 ἐν
237 964 282 1047 τῷ
297 964 387 1049 πίθφ
405 953 486 1027 ὅλον
501 956 606 1027 αύτὸν
627 957 716 1049 αύτῷ
733 958 851 1045 ὅμοιον
865 957 967 1042 εἶναι,
991 960 1046 1023 καὶ
1059 951 1105 1040 μά

107 1055 165 1126 Δί’
182 1054 282 1126 οῦδὲν
299 1056 439 1127 ἀτοπον·
460 1058 544 1128 ἀλλὰ
559 1060 614 1127 καί
625 1069 659 1126 εί
667 1085 717 1137 τις
730 1059 885 1145 γεύσαιτο
896 1056 1107 1142 ἀρυσάμενος

105 1154 219 1242 ὀλίγον
230 1153 311 1223 ὅσον
326 1156 445 1244 αύτοῦ,
462 1167 610 1226 τίσεσθαι
624 1155 742 1225 αὐτίκα
756 1154 869 1234 ὁποῖος
880 1153 966 1234 ἀπας
977 1152 996 1222 ὅ
1007 1164 1108 1231 πίθος

105 1256 204 1336 ἐστίν,
220 1250 414 1321 ἀκόλουθον
424 1256 595 1340 καὶτοῦτο,
611 1256 666 1322 καί
677 1252 777 1323 οῦδέν
788 1250 831 1321 ἀν
841 1254 946 1339 ε’γοιγέ
954 1279 986 1320 τι
997 1250 1092 1319 ἀντεῖ

106 1374 180 1421 τιον.
203 1347 265 1436 ὅρα
282 1347 322 1436 δὴ
339 1353 394 1419 καὶ
408 1350 444 1420 τδ
462 1351 543 1438 μετά
558 1359 674 1420 τοῦτο·
696 1357 877 1439 φιλοσοφία
891 1353 946 1419 καί
964 1354 998 1418 οί
1008 1357 1106 1435 φιλο-

105 1455 289 1535 σοφοῦντες
299 1445 400 1517 οἷονὸ
414 1451 612 1529 διδάσκαλος
622 1448 641 1518 ὁ
653 1452 720 1534 σός,
736 1444 801 1537 άρα
811 1447 915 1518 ταύτὰ
925 1446 1009 1533 πρὸς
1018 1446 1105 1533 ῦμοῖς

105 1549 192 1631 λέγει
215 1544 373 1633 ὁσημέραι
398 1549 548 1632 καὶπερὶ
573 1555 641 1615 τῶν
661 1545 788 1632 αύτῶν,
813 1543 836 1632 ἢ
863 1545 947 1614 ἀλλα
969 1545 1103 1625 ἀλλοτες
1122 1561 1175 1616 80⁰

107 1640 212 1712 πολλά
227 1644 291 1729 γάρ
307 1647 391 1731 ἐστι,
409 1646 593 1732 πρόδηλον,
615 1638 643 1711 ιά
658 1647 780 1730 ἑταῖρε·
805 1641 826 1731 ἢ
842 1641 904 1712 ούκ
919 1639 963 1710 ἀν
979 1652 1106 1710 είκοσιν

106 1748 162 1826 ἐτη
182 1743 362 1829 παρέμενες
376 1740 466 1834 αύτῷ
483 1743 566 1812 κατὰ
580 1741 641 1811 τόν
652 1741 808 1811 Ὀδυσσέα
829 1747 1035 1828 περινοστῶν
1050 1741 1106 1808 καὶ

105 1840 411 1929 περιπλανώμενος,
428 1847 458 1910 εί
469 1839 509 1909 τά
524 1839 608 1910 αύτά
626 1847 753 1927 ἔλεγεν,
769 1838 841 1909 ἀλλ’
854 1837 977 1927 ἀπέχρη
992 1837 1036 1906 ἀν
1052 1856 1105 1904 σοι

106 1940 160 2003 καὶ
177 1935 262 2015 ἀπαξ
278 1936 468 2006 ἀκούσαντι.
598 2004 600 2009 ,

188 2037 237 2099 60.
260 2039 364 2103 ΕΡΜ.
385 2041 464 2111 Πῶς
476 2032 541 2119 γάρ
558 2034 616 2115 οῦς

187 2135 286 2196 ΛΤΚ.
309 2137 388 2209 Πῶς
397 2125 461 2197 οῦν
473 2126 547 2199 οἷόν
557 2136 594 2199 τέ
606 2151 660 2200 σοι
674 2126 717 2219 ἦν
729 2132 793 2200 ἀπὸ
805 2141 865 2201 τοῦ
876 2133 1010 2216 πρύτον
1024 2132 1105 2215 γεύ-

104 2251 206 2311 ματος
222 2228 343 2294 είδέναι
363 2226 403 2295 τά
426 2227 548 2307 πάντας
575 2228 616 2296 ού
636 2229 701 2315 γάρ
717 2229 758 2297 τά
779 2229 864 2298 αύτά
885 2257 939 2317 γε,
962 2227 1034 2297 ἀλλ’
1054 2227 1105 2296 ἀεὶ

104 2327 199 2409 ἕτερα
215 2324 313 2392 καινά
326 2328 378 2393 ἐπὶ
390 2342 517 2406 καινοῖς
531 2328 676 2414 ἐλέγετο,
693 2326 753 2413 ούχ
766 2326 876 2413 ὅσπερ
891 2325 909 2395 ὁ
922 2326 1011 2406 οἶνος
1025 2325 1104 2395 ἀεὶὸ

104 2422 204 2501 αύτδς
219 2418 272 2509 ἦν.
295 2422 394 2508 ὥστε,
412 2418 571 2511 ύέταίρε,
587 2422 631 2513 ἢν
642 2426 685 2512 μὴ
698 2424 779 2494 ὅλον
790 2428 902 2513 ἐκπίῃς
915 2422 975 2492 τδν
989 2432 1104 2510 πίθον,

104 2525 159 2590 καὶ
169 2520 277 2601 ἀλλοις
287 2525 427 2609 μεθύων
441 2523 600 2612 περιῄεις·
623 2523 766 2610 ἀτεχνῶς
776 2522 841 2609 γάρ
853 2527 889 2592 ἐν
900 2531 946 2614 τῷ
957 2526 1105 2609 πυθμένι

105 2626 199 2689 δοκεῖ
209 2649 265 2708 μοι
280 2619 297 2689 ὅ
316 2620 397 2701 θεὸς
409 2622 618 2706 κατακρύψαι
631 2621 668 2690 τό
682 2630 880 2709 φιλοσοφίας
894 2620 1027 2707 ἀγαθὸν
1038 2620 1103 2690 ύπὸ

104 2717 165 2806 τὴν
180 2718 285 2804 τρύγα
301 2717 414 2806 αὐτην.
443 2718 552 2805 δεήσει
566 2713 631 2787 ούν
647 2718 728 2788 ὅλον
742 2722 934 2804 ἐξαντλῆσαι
955 2722 987 2798 ἐς
1003 2724 1103 2806 τέλος,
1133 2755 1135 2758 ·

103 2814 124 2904 ἦ
139 2816 256 2886 οὔποτ’
270 2815 314 2885 ἀν
329 2817 440 2902 εῦροις
455 2816 491 2897 τὸ
507 2820 687 2905 νεκτάρεον
701 2822 807 2887 έκεῖνο
822 2817 928 2904 πόμα,
943 2809 987 2885 ού
1001 2820 1103 2887 πάλαι
1120 2836 1172 2891 801

45 2950 47 2953 ·
104 2920 206 3001 διψῆν
223 2943 279 3002 μοι
295 2921 410 2995 δοκεῖς.
435 2915 478 2983 σύ
496 2918 531 2984 δέ
548 2926 610 2986 οίει
623 2915 661 2987 τό
677 2924 832 2985 τοιοῦτον
846 2914 927 2984 αύτδ
943 2915 1043 2999 εἶναι,
1061 2915 1104 2995 ὡς

104 3019 134 3079 εί
145 3013 252 3099 μόνον
261 3013 398 3099 γεύσαιο
414 3012 519 3082 αύτοῦ
528 3020 583 3083 καὶ
595 3016 735 3094 σπάσαις
746 3012 867 3102 μικρὰν
877 3014 970 3101 ὅσον,
986 3015 1104 3082 αύτίκοι

104 3133 140 3179 σε
152 3113 331 3197 πάνσοφον
342 3112 585 3199 γενησόμενον,
602 3112 712 3200 ὅσπερ
728 3117 830 3200 φασὶν
840 3117 877 3182 ἐν
887 3123 1032 3201 Δελφοῖς
1042 3112 1105 3199 την

103 3210 305 3295 πρόμαντιν,
322 3207 457 3279 ἐπειδάν
470 3218 528 3299 πίη
544 3219 603 3278 τοῦ
619 3216 713 3296 ίεροῦ
728 3212 889 3298 νάματος,
909 3217 1031 3279 ἔνθεον
1046 3209 1105 3278 εύ-
1204 3222 1208 3231 ’

103 3301 169 3383 θῦς
182 3313 359 3393 γίγνεσθαι
370 3309 424 3375 καὶ
434 3314 519 3392 χρᾶν
530 3322 596 3386 τοῖς
608 3316 814 3393 προσιοῦσιν.
837 3306 911 3377 ἀλλ’
928 3309 989 3394 ούχ
999 3306 1104 3387 ούτοις

102 3408 188 3489 ἔχειν
203 3412 305 3473 ἔοικε·
328 3403 415 3493 σύγ’
429 3397 493 3473 οῦν
507 3402 591 3492 ὑπὲρ
602 3404 704 3493 ἥμισυ
717 3415 777 3476 τοῦ
788 3413 895 3482 πίθον
906 3404 1104 3488 ἐκπεπωκάς
