2550 3825
386 139 532 196 ’ΘΕίὶΝ
555 139 816 199 ΔΙΛΛΟΓΟΙ.
1064 140 1105 206 97

105 292 168 382 ἐμοῦ
186 297 314 382 μέντοι,
337 301 367 364 εί
379 294 439 383 χρὴ
462 295 605 384 τάληθὲς
622 305 743 384 εἰπεῖν,
764 298 940 384 ἐφθόνουν
954 308 999 393 τῷ
1012 301 1105 386 Ἀρει

104 393 147 482 μή
160 393 267 479 μόνον
277 396 490 480 μοιχεύσαντι
502 394 565 486 τήν
578 403 757 483 καλλίστην
766 398 868 484 θεόν,
884 397 968 466 άλλά
979 403 1034 467 καὶ
1049 403 1105 467 δε-

105 495 231 583 δεμένῳ
248 490 319 578 μετ’
338 491 447 579 αὐτῆς.

187 599 260 658 An.
285 590 422 660 Οὐκοῦν
436 593 490 659 καὶ
507 595 663 660 δεδέσθαι
674 586 717 658 άν
728 590 906 678 ὑπέμεινας
917 594 969 660 ἐντὶ
980 593 1103 685 τούτρις
1122 605 1173 662 247

187 695 291 758 EPM.
313 687 368 758 Σῦ
384 687 415 756 δ’
433 687 495 757 οῦκ
511 687 570 774 ἄν,
589 683 808 768 ῦ”Ατιολλον;
824 691 873 758 ἰδὲ
888 690 994 776 μόνον
1009 694 1105 758 ἐτελ-

103 785 194 855 θύν·
225 788 438 874 ἐπαινέσομαι
454 786 520 874 γάρ
542 807 596 873 σε,
622 784 666 873 ήν
688 785 731 873 μή
754 785 794 853 τά
816 786 913 873 ὅμοια
934 792 989 856 καὶ
1006 786 1105 865 αῦτός

2 893 3 906 ’
105 883 184 970 ε’ῦξη
197 883 289 953 ίδιόν.

578 1079 628 1142 18.

408 1192 535 1243 ΗΡΑΣ
564 1192 647 1243 ΚΑΙ
672 1191 799 1244 ΔΙΟΣ.

189 1305 217 1367 l.
247 1307 346 1370 HPA.
372 1298 453 1386 Ἑγῦ
471 1303 533 1386 μὲν
553 1297 748 1388 ᾐσχυνόμην
768 1299 826 1384 άν,
854 1292 881 1366 οῦ
894 1307 977 1385 Ζεῦ,
1004 1316 1037 1367 εί
1048 1327 1105 1385 μοι
1137 1285 1141 1293 ἐ

107 1405 253 1477 τοιοῦτος
268 1397 340 1477 υίὸς
353 1390 396 1486 ήν
409 1405 517 1485 θήλυς
534 1396 622 1466 οῦτοι
636 1399 691 1464 καὶ
705 1401 952 1483 διεφθαρμένος
968 1395 1033 1465 ῦτιό
1049 1407 1106 1485 τῆς

104 1501 226 1585 μέθης,
242 1505 340 1587 μίτρᾳ
355 1498 417 1583 μὲν
432 1496 671 1582 ἀναδεδεμένος
683 1493 745 1581 τήν
758 1497 883 1581 κόμην,
898 1494 937 1562 τά
952 1495 1057 1568 πολλοὶ
1069 1496 1105 1564 δὲ

104 1600 320 1683 μαινομέναις
333 1609 403 1674 ταῖς
413 1598 544 1681 γυναιξὶ
556 1594 689 1677 συνών,
704 1591 883 1680 ἁβρότερος
893 1592 1006 1662 αῦτιῦν
1020 1597 1106 1663 ἐκεί-

105 1718 191 1777 νων,
216 1689 281 1758 ῦτιό
296 1691 481 1778 τυμπάνοις
496 1695 549 1759 καὶ
567 1688 658 1780 αὐλῷ
672 1692 726 1757 καὶ
746 1691 929 1777 κυμβάλοις
944 1690 1104 1778 χορεύων,

104 1794 160 1860 καλ
177 1789 262 1868 ὅλως
275 1793 373 1858 παντὶ
390 1797 517 1875 μᾶλλον
534 1783 685 1874 ἐοικύςή
700 1791 751 1856 σοὶ
764 1797 812 1877 τῷ
825 1797 932 1876 πατρί.

188 1897 313 1957 ΖΕΥΣ.
334 1890 400 1957 Καὶ
413 1884 481 1975 μήν
498 1879 596 1965 οῦτός
609 1912 648 1973 με
663 1884 680 1954 ὁ
696 1894 918 1975 θηλυμίτρης,
935 1885 1104 1976 ὁόιβρότε-

104 2016 163 2077 ρος
175 1998 242 2057 των
259 1995 431 2076 γυναικῶν
446 1985 488 2055 οῦ
504 1986 627 2073 μόνον,
648 1979 784 2072 οῦἭρα,
801 1986 864 2073 τήν
877 1992 1007 2055 Λυδίαν
1021 1990 1106 2074 ἐχει-
1121 2006 1172 2061 248

104 2088 233 2174 ριόσατο
260 2089 315 2154 καὶ
334 2083 413 2163 τοῦς
432 2090 669 2162 κατοικοῦντας
688 2081 748 2150 τόν
775 2091 913 2168 Τμῶλον
934 2090 1030 2171 ἐλαβε
1050 2085 1105 2150 καὶ

103 2180 182 2261 τοῦς
193 2190 325 2271 Θρᾷκας
338 2180 546 2267 ὑπηγάγετο,
562 2178 711 2248 ἀλλὰκαὶ
725 2177 776 2248 ἐπ’
790 2177 915 2259 Ἰνδούς
930 2182 1049 2259 ἐλάσας
1058 2188 1102 2270 τῷ

102 2287 282 2373 γυναικείῳ
293 2283 400 2372 τούτῳ
412 2289 633 2370 στρατιωτικῷ
643 2281 722 2358 τούς
736 2306 771 2346 τε
782 2282 961 2364 ἐλέφαντας
973 2275 1037 2347 εἷλε
1049 2283 1103 2347 καὶ

102 2389 160 2468 τῆς
173 2381 281 2466 χώρας
295 2380 454 2465 ἐκράτησε
469 2381 524 2446 καλ
538 2376 598 2445 τόν
618 2379 755 2465 βασιλέα
774 2374 858 2460 πρός
878 2374 990 2461 ὀλίγον
1009 2374 1103 2442 άντι-

102 2487 221 2567 στήναι
230 2478 439 2565 τολμήσαντα
450 2478 657 2563 αἰχμάλωτον
668 2474 827 2562 άτιήχαμε,
838 2477 1005 2541 καὶταῦτα
1015 2472 1104 2541 νιάν-

102 2604 142 2645 τα
158 2581 300 2662 ἔπραξεν
315 2574 516 2661 ὀρχούμενος
537 2572 604 2660 ἅμα
619 2575 675 2641 καὶ
693 2571 844 2658 χορεύων
859 2572 1003 2659 θύρσοις
1015 2572 1103 2658 χρύ-

101 2699 202 2760 μενος
218 2680 390 2758 κιττίνοις,
411 2672 570 2758 μεθύων,
593 2671 636 2749 ὥς
651 2672 732 2757 φής,
751 2673 805 2739 καλ
819 2672 994 2753 ἐνθεάζων.
1025 2678 1054 2739 εί
1066 2673 1105 2739 δέ

100 2798 150 2849 τις
164 2774 352 2857 ἐπεχείρησε
366 2771 628 2858 λοιδορήσασθαι
643 2767 733 2860 αῦτχῦ
744 2768 883 2856 ὑβρίσας
897 2773 929 2848 ἐς
939 2768 1001 2856 τήν
1011 2777 1103 2837 τελε-

101 2868 179 2954 τήν,
194 2869 251 2935 καὶ
261 2875 381 2935 τοῦτον
395 2868 617 2955 ἐτιμωρήσατο
628 2863 650 2953 ή
662 2868 847 2954 καταδήσας
857 2879 925 2945 τοίς
938 2866 1103 2956 κλήμασιν

100 2961 123 3053 ἢ
137 2970 385 3052 διασπασθῆναι
400 2967 538 3051 ποιήσας
552 2963 619 3032 ῦττό
633 2972 692 3051 τῆς
704 2963 827 3051 μητρὸς
842 2964 953 3051 ὥσπερ
968 2967 1099 3053 νεβρόν.

101 3060 180 3157 ὁρᾷς
195 3060 240 3142 ὡς
254 3061 390 3150 άνδρεῑα
399 3072 508 3139 ,ταῦτα
522 3067 577 3132 καὶ
588 3061 650 3131 οῦκ
664 3062 783 3145 ἀνάξια
797 3070 858 3132 τοῦ
868 3064 1008 3149 πατρός;
1026 3071 1055 3132 εί
1065 3063 1101 3131 δὲ

99 3161 215 3230 τιαιδιόι
230 3166 285 3231 καὶ
299 3163 410 3251 τρυφή
425 3164 603 3250 πρόσεστιν
614 3162 741 3250 αῦτοίς,
757 3162 867 3243 οὐδεὶς
883 3164 1031 3251 φθόνος,
1046 3167 1101 3233 καὶ

100 3260 241 3346 μάλιστα
254 3267 284 3330 εί
292 3263 459 3349 λογίσαιτό
475 3289 541 3349 τις,
560 3258 629 3343 οἷος
640 3258 684 3331 άν
698 3255 795 3341 οὗτος
805 3261 925 3349 νήωων
935 3255 995 3349 ήν,
1014 3261 1101 3330 ὅπου

99 3365 202 3427 ταῦτα
216 3360 357 3446 μεθύων
371 3375 466 3429 ποιεῖ.

181 3470 287 3510 Luem«.
308 3456 328 3509 l.
917 3449 936 3507 λ
