<?xml version="1.0" encoding="UTF-8"?>
<!DOCTYPE html PUBLIC "-//W3C//DTD XHTML 1.0 Transitional//EN"
    "http://www.w3.org/TR/xhtml1/DTD/xhtml1-transitional.dtd">
<html xmlns="http://www.w3.org/1999/xhtml" xml:lang="en" lang="en">
 <head>
  <title>
</title>
<meta http-equiv="Content-Type" content="text/html;charset=utf-8" />
  <meta name='ocr-system' content='tesseract 3.04.00' />
  <meta name='ocr-capabilities' content='ocr_page ocr_carea ocr_par ocr_line ocrx_word'/>
</head>
<body>
  <div class='ocr_page' id='page_1' title='image "./lucianisamosate03jacogoog/lucianisamosate03jacogoog_0077.png"; bbox 0 0 2550 3825; ppageno 0'>
   <div class='ocr_carea' id='block_1_1' title="bbox 91 188 846 267">
    <p class='ocr_par' dir='ltr' id='par_1_1' title="bbox 91 188 846 267">
     <span class='ocr_line' id='line_1_1' title="bbox 91 188 846 267; baseline -0.004 -15"><span class='ocrx_word' id='word_1_1' title='bbox 91 261 93 267; x_wconf 56' lang='grc'><strong><em>,</em></strong></span> <span class='ocrx_word' id='word_1_2' title='bbox 183 188 223 251; x_wconf 72' lang='grc' dir='ltr'><strong><em>τε</em></strong></span> <span class='ocrx_word' id='word_1_3' title='bbox 518 188 846 267; x_wconf 75' lang='grc' dir='ltr'><strong><em>[Λοναικοον]</em></strong></span> 
     </span>
    </p>
   </div>
   <div class='ocr_carea' id='block_1_2' title="bbox 184 344 1182 538">
    <p class='ocr_par' dir='ltr' id='par_1_2' title="bbox 184 344 1182 538">
     <span class='ocr_line' id='line_1_2' title="bbox 184 344 1182 439; baseline 0 -22"><span class='ocrx_word' id='word_1_4' title='bbox 184 372 245 419; x_wconf 88' lang='grc' dir='ltr'><strong><em>σον</em></strong></span> <span class='ocrx_word' id='word_1_5' title='bbox 260 345 364 417; x_wconf 79' lang='grc' dir='ltr'><strong><em>αὐτὸν</em></strong></span> <span class='ocrx_word' id='word_1_6' title='bbox 381 351 416 415; x_wconf 81' lang='grc' dir='ltr'><strong><em>ἐκ</em></strong></span> <span class='ocrx_word' id='word_1_7' title='bbox 430 355 487 434; x_wconf 82' lang='grc' dir='ltr'><strong><em>τῆς</em></strong></span> <span class='ocrx_word' id='word_1_8' title='bbox 501 354 605 426; x_wconf 80' lang='grc' dir='ltr'><strong><em>οἰκίας</em></strong></span> <span class='ocrx_word' id='word_1_9' title='bbox 619 346 698 435; x_wconf 87' lang='grc' dir='ltr'><strong><em>μηδ’</em></strong></span> <span class='ocrx_word' id='word_1_10' title='bbox 712 344 835 437; x_wconf 79' lang='grc' dir='ltr'><strong><em>ὀβολὸν</em></strong></span> <span class='ocrx_word' id='word_1_11' title='bbox 849 346 938 439; x_wconf 77' lang='grc' dir='ltr'><strong><em>αὑτῷ</em></strong></span> <span class='ocrx_word' id='word_1_12' title='bbox 953 346 1060 435; x_wconf 78' lang='grc' dir='ltr'><strong><em>ἀνείς,</em></strong></span> <span class='ocrx_word' id='word_1_13' title='bbox 1076 354 1182 417; x_wconf 87' lang='grc' dir='ltr'><strong><em>διαδι-</em></strong></span> 
     </span>
     <span class='ocr_line' id='line_1_3' title="bbox 184 439 1182 538; baseline -0.003 -21"><span class='ocrx_word' id='word_1_14' title='bbox 184 448 264 527; x_wconf 81' lang='grc' dir='ltr'><strong><em>δοδς</em></strong></span> <span class='ocrx_word' id='word_1_15' title='bbox 277 446 380 515; x_wconf 78' lang='grc' dir='ltr'><strong><em>ἅπασι</em></strong></span> <span class='ocrx_word' id='word_1_16' title='bbox 393 461 461 526; x_wconf 86' lang='grc' dir='ltr'><strong><em>τοῖς</em></strong></span> <span class='ocrx_word' id='word_1_17' title='bbox 481 451 666 533; x_wconf 74' lang='grc' dir='ltr'><strong><em>δεομένοις,</em></strong></span> <span class='ocrx_word' id='word_1_18' title='bbox 688 440 715 537; x_wconf 79' lang='grc' dir='ltr'><em>ᾦ</em></span> <span class='ocrx_word' id='word_1_19' title='bbox 728 450 791 532; x_wconf 77' lang='grc' dir='ltr'><strong><em>μὲν</em></strong></span> <span class='ocrx_word' id='word_1_20' title='bbox 807 450 906 514; x_wconf 81' lang='grc' dir='ltr'><strong><em>πέντε</em></strong></span> <span class='ocrx_word' id='word_1_21' title='bbox 920 446 1082 534; x_wconf 85' lang='grc' dir='ltr'><strong><em>δραχμάς,</em></strong></span> <span class='ocrx_word' id='word_1_22' title='bbox 1106 439 1182 538; x_wconf 72' lang='grc' dir='ltr'><strong><em>ᾦδὶ</em></strong></span> 
     </span>
    </p>
   </div>
   <div class='ocr_carea' id='block_1_3' title="bbox 119 538 1268 2783">
    <p class='ocr_par' dir='ltr' id='par_1_3' title="bbox 183 538 1268 1225">
     <span class='ocr_line' id='line_1_4' title="bbox 184 538 1268 636; baseline -0.003 -21"><span class='ocrx_word' id='word_1_23' title='bbox 184 554 289 635; x_wconf 79' lang='grc' dir='ltr'><strong><em>μνᾶν,</em></strong></span> <span class='ocrx_word' id='word_1_24' title='bbox 306 538 380 636; x_wconf 74' lang='grc' dir='ltr'><strong><em>ᾦδὲ</em></strong></span> <span class='ocrx_word' id='word_1_25' title='bbox 390 542 628 631; x_wconf 73' lang='grc' dir='ltr'><strong><em>ἡμιτάλαντον·</em></strong></span> <span class='ocrx_word' id='word_1_26' title='bbox 651 551 682 613; x_wconf 84' lang='grc' dir='ltr'><strong><em>εἰ</em></strong></span> <span class='ocrx_word' id='word_1_27' title='bbox 689 549 728 613; x_wconf 83' lang='grc' dir='ltr'><strong><em>δέ</em></strong></span> <span class='ocrx_word' id='word_1_28' title='bbox 736 572 785 623; x_wconf 92' lang='grc' dir='ltr'><strong><em>τις</em></strong></span> <span class='ocrx_word' id='word_1_29' title='bbox 796 545 983 632; x_wconf 89' lang='grc' dir='ltr'><strong><em>φιλόσοφος</em></strong></span> <span class='ocrx_word' id='word_1_30' title='bbox 994 553 1060 631; x_wconf 81' lang='grc' dir='ltr'><strong><em>εἰη,</em></strong></span> <span class='ocrx_word' id='word_1_31' title='bbox 1076 548 1183 631; x_wconf 90' lang='grc' dir='ltr'><strong><em>διμοι-</em></strong></span> <span class='ocrx_word' id='word_1_32' title='bbox 1267 565 1268 634; x_wconf 48' lang='grc' dir='ltr'><strong><em>λ</em></strong></span> 
     </span>
     <span class='ocr_line' id='line_1_5' title="bbox 184 640 1268 734; baseline -0.006 -19"><span class='ocrx_word' id='word_1_33' title='bbox 184 654 261 734; x_wconf 90' lang='grc' dir='ltr'><strong><em>ρίαν</em></strong></span> <span class='ocrx_word' id='word_1_34' title='bbox 280 640 302 731; x_wconf 87' lang='grc' dir='ltr'><strong><em>ή</em></strong></span> <span class='ocrx_word' id='word_1_35' title='bbox 322 650 510 730; x_wconf 78' lang='grc' dir='ltr'><strong><em>τριμοιρίαν</em></strong></span> <span class='ocrx_word' id='word_1_36' title='bbox 525 644 689 729; x_wconf 78' lang='grc' dir='ltr'><strong><em>φέρεσθαι</em></strong></span> <span class='ocrx_word' id='word_1_37' title='bbox 706 648 848 720; x_wconf 89' lang='grc' dir='ltr'><strong><em>δίκαιος·</em></strong></span> <span class='ocrx_word' id='word_1_38' title='bbox 875 645 947 729; x_wconf 75' lang='grc' dir='ltr'><strong><em>ἐμοὶ</em></strong></span> <span class='ocrx_word' id='word_1_39' title='bbox 966 643 1003 711; x_wconf 70' lang='grc' dir='ltr'><strong><em>δὲ</em></strong></span> <span class='ocrx_word' id='word_1_40' title='bbox 1025 683 1061 693; x_wconf 91' lang='grc'><strong>-</strong></span> <span class='ocrx_word' id='word_1_41' title='bbox 1077 649 1184 710; x_wconf 88' lang='grc' dir='ltr'><strong><em>καίτοι</em></strong></span> <span class='ocrx_word' id='word_1_42' title='bbox 1267 671 1268 684; x_wconf 62' lang='lat'>³</span> 
     </span>
     <span class='ocr_line' id='line_1_6' title="bbox 184 739 1184 830; baseline -0.004 -17"><span class='ocrx_word' id='word_1_43' title='bbox 184 742 246 813; x_wconf 81' lang='grc' dir='ltr'><strong><em>οὐκ</em></strong></span> <span class='ocrx_word' id='word_1_44' title='bbox 258 747 404 830; x_wconf 78' lang='grc' dir='ltr'><strong><em>ἐμαυτοῦ</em></strong></span> <span class='ocrx_word' id='word_1_45' title='bbox 417 742 516 827; x_wconf 89' lang='grc' dir='ltr'><strong><em>χάριν</em></strong></span> <span class='ocrx_word' id='word_1_46' title='bbox 525 748 623 825; x_wconf 90' lang='grc' dir='ltr'><strong><em>αἰτῶ,</em></strong></span> <span class='ocrx_word' id='word_1_47' title='bbox 639 739 713 811; x_wconf 72' lang='grc' dir='ltr'><strong><em>ἀλλ’</em></strong></span> <span class='ocrx_word' id='word_1_48' title='bbox 725 740 816 820; x_wconf 81' lang='grc' dir='ltr'><strong><em>ὅπως</em></strong></span> <span class='ocrx_word' id='word_1_49' title='bbox 825 746 954 828; x_wconf 82' lang='grc' dir='ltr'><strong><em>μεταδῶ</em></strong></span> <span class='ocrx_word' id='word_1_50' title='bbox 963 748 1032 809; x_wconf 89' lang='grc' dir='ltr'><strong><em>τῶν</em></strong></span> <span class='ocrx_word' id='word_1_51' title='bbox 1046 745 1184 828; x_wconf 82' lang='grc' dir='ltr'><strong><em>ἑταίρων</em></strong></span> 
     </span>
     <span class='ocr_line' id='line_1_7' title="bbox 184 836 1184 929; baseline -0.002 -19"><span class='ocrx_word' id='word_1_52' title='bbox 184 856 252 921; x_wconf 86' lang='grc' dir='ltr'><strong><em>τοῖς</em></strong></span> <span class='ocrx_word' id='word_1_53' title='bbox 267 843 437 926; x_wconf 76' lang='grc' dir='ltr'><strong><em>δεομένοις</em></strong></span> <span class='ocrx_word' id='word_1_54' title='bbox 454 882 490 891; x_wconf 94' lang='grc'>-</span> <span class='ocrx_word' id='word_1_55' title='bbox 507 836 625 907; x_wconf 85' lang='grc' dir='ltr'><strong><em>ἰκανὸν</em></strong></span> <span class='ocrx_word' id='word_1_56' title='bbox 643 845 674 907; x_wconf 86' lang='grc' dir='ltr'><strong><em>εἰ</em></strong></span> <span class='ocrx_word' id='word_1_57' title='bbox 690 842 828 926; x_wconf 82' lang='grc' dir='ltr'><strong><em>ταυτηνὶ</em></strong></span> <span class='ocrx_word' id='word_1_58' title='bbox 848 838 910 929; x_wconf 82' lang='grc' dir='ltr'><strong><em>τήν</em></strong></span> <span class='ocrx_word' id='word_1_59' title='bbox 931 841 1043 928; x_wconf 80' lang='grc' dir='ltr'><strong><em>πήραν</em></strong></span> <span class='ocrx_word' id='word_1_60' title='bbox 1061 840 1184 926; x_wconf 84' lang='grc' dir='ltr'><strong><em>ἐκπλή-</em></strong></span> 
     </span>
     <span class='ocr_line' id='line_1_8' title="bbox 185 935 1185 1027; baseline -0.002 -20"><span class='ocrx_word' id='word_1_61' title='bbox 185 962 244 1018; x_wconf 91' lang='grc' dir='ltr'><strong><em>σας</em></strong></span> <span class='ocrx_word' id='word_1_62' title='bbox 258 937 427 1027; x_wconf 76' lang='grc' dir='ltr'><strong><em>παράσχῃς</em></strong></span> <span class='ocrx_word' id='word_1_63' title='bbox 448 935 527 1005; x_wconf 80' lang='grc' dir='ltr'><strong><em>οὐδὲ</em></strong></span> <span class='ocrx_word' id='word_1_64' title='bbox 541 936 642 1016; x_wconf 81' lang='grc' dir='ltr'><strong><em>ὅλους</em></strong></span> <span class='ocrx_word' id='word_1_65' title='bbox 659 939 721 1005; x_wconf 82' lang='grc' dir='ltr'><strong><em>δύο</em></strong></span> <span class='ocrx_word' id='word_1_66' title='bbox 741 942 920 1024; x_wconf 73' lang='grc' dir='ltr'><strong><em>μεδίμνους</em></strong></span> <span class='ocrx_word' id='word_1_67' title='bbox 933 946 1108 1027; x_wconf 83' lang='grc' dir='ltr'><strong><em>χωροῦσαν</em></strong></span> <span class='ocrx_word' id='word_1_68' title='bbox 1121 944 1185 1006; x_wconf 86' lang='grc' dir='ltr'><strong><em>Αἰ-</em></strong></span> 
     </span>
     <span class='ocr_line' id='line_1_9' title="bbox 183 1034 1165 1126; baseline -0.004 -18"><span class='ocrx_word' id='word_1_69' title='bbox 183 1037 383 1126; x_wconf 81' lang='grc' dir='ltr'><strong><em>γινητικούς.</em></strong></span> <span class='ocrx_word' id='word_1_70' title='bbox 407 1034 568 1124; x_wconf 78' lang='grc' dir='ltr'><strong><em>ὀλιγαρκῆ</em></strong></span> <span class='ocrx_word' id='word_1_71' title='bbox 579 1038 615 1104; x_wconf 73' lang='grc' dir='ltr'><strong><em>δὲ</em></strong></span> <span class='ocrx_word' id='word_1_72' title='bbox 625 1039 680 1105; x_wconf 82' lang='grc' dir='ltr'><strong><em>καὶ</em></strong></span> <span class='ocrx_word' id='word_1_73' title='bbox 693 1040 827 1124; x_wconf 84' lang='grc' dir='ltr'><strong><em>μέτριον</em></strong></span> <span class='ocrx_word' id='word_1_74' title='bbox 841 1034 902 1124; x_wconf 87' lang='grc' dir='ltr'><strong><em>χρή</em></strong></span> <span class='ocrx_word' id='word_1_75' title='bbox 918 1036 1002 1105; x_wconf 87' lang='grc' dir='ltr'><strong><em>εἰναι</em></strong></span> <span class='ocrx_word' id='word_1_76' title='bbox 1013 1034 1072 1105; x_wconf 89' lang='grc' dir='ltr'><strong><em>τδν</em></strong></span> <span class='ocrx_word' id='word_1_77' title='bbox 1086 1045 1165 1123; x_wconf 85' lang='grc' dir='ltr'><strong><em>φιλο</em></strong></span> 
     </span>
     <span class='ocr_line' id='line_1_10' title="bbox 185 1131 1098 1225; baseline -0.004 -18"><span class='ocrx_word' id='word_1_78' title='bbox 185 1143 356 1225; x_wconf 83' lang='grc' dir='ltr'><strong><em>σοφοῦντα</em></strong></span> <span class='ocrx_word' id='word_1_79' title='bbox 370 1140 425 1203; x_wconf 79' lang='grc' dir='ltr'><strong><em>καὶ</em></strong></span> <span class='ocrx_word' id='word_1_80' title='bbox 439 1136 543 1222; x_wconf 78' lang='grc' dir='ltr'><strong><em>μηδὲν</em></strong></span> <span class='ocrx_word' id='word_1_81' title='bbox 558 1132 642 1219; x_wconf 78' lang='grc' dir='ltr'><strong><em>ὑπὲρ</em></strong></span> <span class='ocrx_word' id='word_1_82' title='bbox 656 1132 719 1221; x_wconf 83' lang='grc' dir='ltr'><strong><em>τήν</em></strong></span> <span class='ocrx_word' id='word_1_83' title='bbox 732 1136 843 1222; x_wconf 87' lang='grc' dir='ltr'><strong><em>πήραν</em></strong></span> <span class='ocrx_word' id='word_1_84' title='bbox 860 1148 1008 1220; x_wconf 88' lang='grc' dir='ltr'><strong><em>φρονεῖν.</em></strong></span> <span class='ocrx_word' id='word_1_85' title='bbox 1032 1149 1034 1152; x_wconf 83' lang='grc'><strong>’</strong></span> <span class='ocrx_word' id='word_1_86' title='bbox 1094 1131 1098 1137; x_wconf 66' lang='grc'><strong>’</strong></span> 
     </span>
    </p>

    <p class='ocr_par' dir='ltr' id='par_1_4' title="bbox 119 1226 1185 1517">
     <span class='ocr_line' id='line_1_11' title="bbox 119 1226 1184 1318; baseline -0.007 -12"><span class='ocrx_word' id='word_1_87' title='bbox 119 1250 167 1307; x_wconf 76' lang='lat'><strong><em>1⁷5</em></strong></span> <span class='ocrx_word' id='word_1_88' title='bbox 272 1240 367 1302; x_wconf 86' lang='lat' dir='ltr'><em>TIM.</em></span> <span class='ocrx_word' id='word_1_89' title='bbox 380 1230 522 1301; x_wconf 81' lang='grc' dir='ltr'><strong><em>Ἐπαινῶ</em></strong></span> <span class='ocrx_word' id='word_1_90' title='bbox 533 1232 637 1299; x_wconf 81' lang='grc' dir='ltr'><strong><em>ταῦτά</em></strong></span> <span class='ocrx_word' id='word_1_91' title='bbox 649 1252 729 1318; x_wconf 91' lang='grc' dir='ltr'><strong><em>σου,</em></strong></span> <span class='ocrx_word' id='word_1_92' title='bbox 741 1226 768 1300; x_wconf 86' lang='grc' dir='ltr'><strong><em>ῶ</em></strong></span> <span class='ocrx_word' id='word_1_93' title='bbox 778 1234 1000 1317; x_wconf 78' lang='grc' dir='ltr'><strong><em>Θρασύκλεις·</em></strong></span> <span class='ocrx_word' id='word_1_94' title='bbox 1022 1230 1087 1318; x_wconf 88' lang='grc' dir='ltr'><strong><em>πρδ</em></strong></span> <span class='ocrx_word' id='word_1_95' title='bbox 1098 1238 1184 1318; x_wconf 83' lang='grc' dir='ltr'><strong><em>γοῦν</em></strong></span> 
     </span>
     <span class='ocr_line' id='line_1_12' title="bbox 185 1327 1185 1421; baseline -0.007 -19"><span class='ocrx_word' id='word_1_96' title='bbox 185 1340 243 1421; x_wconf 88' lang='grc' dir='ltr'><strong><em>τής</em></strong></span> <span class='ocrx_word' id='word_1_97' title='bbox 252 1332 375 1417; x_wconf 89' lang='grc' dir='ltr'><strong><em>πήρας,</em></strong></span> <span class='ocrx_word' id='word_1_98' title='bbox 387 1336 418 1398; x_wconf 87' lang='grc' dir='ltr'><strong><em>εἰ</em></strong></span> <span class='ocrx_word' id='word_1_99' title='bbox 427 1334 534 1415; x_wconf 88' lang='grc' dir='ltr'><strong><em>δοκεῖ,</em></strong></span> <span class='ocrx_word' id='word_1_100' title='bbox 550 1331 630 1416; x_wconf 81' lang='grc' dir='ltr'><strong><em>φέρε</em></strong></span> <span class='ocrx_word' id='word_1_101' title='bbox 642 1350 695 1398; x_wconf 92' lang='grc' dir='ltr'><strong><em>σοι</em></strong></span> <span class='ocrx_word' id='word_1_102' title='bbox 706 1327 768 1417; x_wconf 87' lang='grc' dir='ltr'><strong><em>τήν</em></strong></span> <span class='ocrx_word' id='word_1_103' title='bbox 778 1329 928 1417; x_wconf 89' lang='grc' dir='ltr'><strong><em>κεφαλήν</em></strong></span> <span class='ocrx_word' id='word_1_104' title='bbox 939 1330 1093 1417; x_wconf 82' lang='grc' dir='ltr'><strong><em>ἐμπλήσω</em></strong></span> <span class='ocrx_word' id='word_1_105' title='bbox 1103 1355 1185 1397; x_wconf 82' lang='grc' dir='ltr'><strong><em>κον-</em></strong></span> 
     </span>
     <span class='ocr_line' id='line_1_13' title="bbox 186 1427 740 1517; baseline -0.005 -19"><span class='ocrx_word' id='word_1_106' title='bbox 186 1432 298 1498; x_wconf 85' lang='grc' dir='ltr'><strong><em>δύλων</em></strong></span> <span class='ocrx_word' id='word_1_107' title='bbox 312 1427 528 1514; x_wconf 79' lang='grc' dir='ltr'><strong><em>ἐπιμετρήσας</em></strong></span> <span class='ocrx_word' id='word_1_108' title='bbox 544 1436 584 1515; x_wconf 80' lang='grc' dir='ltr'><strong><em>τῇ</em></strong></span> <span class='ocrx_word' id='word_1_109' title='bbox 599 1428 740 1517; x_wconf 81' lang='grc' dir='ltr'><strong><em>δικέλλῃ.</em></strong></span> 
     </span>
    </p>

    <p class='ocr_par' dir='ltr' id='par_1_5' title="bbox 186 1520 1185 1712">
     <span class='ocr_line' id='line_1_14' title="bbox 269 1520 1185 1612; baseline -0.009 -16"><span class='ocrx_word' id='word_1_110' title='bbox 269 1534 394 1596; x_wconf 55' lang='lat' dir='ltr'><strong><em>&amp;PAR</em></strong></span> <span class='ocrx_word' id='word_1_111' title='bbox 414 1520 453 1593; x_wconf 80' lang='grc' dir='ltr'><em>Ὦ</em></span> <span class='ocrx_word' id='word_1_112' title='bbox 462 1530 664 1612; x_wconf 86' lang='grc' dir='ltr'><strong><em>δημοκρατία</em></strong></span> <span class='ocrx_word' id='word_1_113' title='bbox 676 1529 730 1593; x_wconf 87' lang='grc' dir='ltr'><strong><em>καί</em></strong></span> <span class='ocrx_word' id='word_1_114' title='bbox 740 1524 854 1611; x_wconf 86' lang='grc' dir='ltr'><strong><em>νόμοι,</em></strong></span> <span class='ocrx_word' id='word_1_115' title='bbox 865 1524 1033 1610; x_wconf 79' lang='grc' dir='ltr'><strong><em>παιόμεθα</em></strong></span> <span class='ocrx_word' id='word_1_116' title='bbox 1044 1520 1110 1590; x_wconf 79' lang='grc' dir='ltr'><strong><em>ὑπὸ</em></strong></span> <span class='ocrx_word' id='word_1_117' title='bbox 1123 1528 1185 1589; x_wconf 80' lang='grc' dir='ltr'><strong><em>τοῦ</em></strong></span> 
     </span>
     <span class='ocr_line' id='line_1_15' title="bbox 186 1623 841 1712; baseline -0.002 -20"><span class='ocrx_word' id='word_1_118' title='bbox 186 1623 373 1709; x_wconf 88' lang='grc' dir='ltr'><strong><em>καταράτου</em></strong></span> <span class='ocrx_word' id='word_1_119' title='bbox 387 1627 425 1691; x_wconf 80' lang='grc' dir='ltr'><strong><em>ἐν</em></strong></span> <span class='ocrx_word' id='word_1_120' title='bbox 437 1624 598 1712; x_wconf 69' lang='grc' dir='ltr'><strong><em>ἐλευθέρᾳ</em></strong></span> <span class='ocrx_word' id='word_1_121' title='bbox 610 1630 650 1712; x_wconf 79' lang='grc' dir='ltr'><strong><em>τῇ</em></strong></span> <span class='ocrx_word' id='word_1_122' title='bbox 664 1624 769 1691; x_wconf 87' lang='grc' dir='ltr'><strong><em>πόλει.</em></strong></span> <span class='ocrx_word' id='word_1_123' title='bbox 838 1666 841 1671; x_wconf 97' lang='grc'>-</span> 
     </span>
    </p>

    <p class='ocr_par' dir='ltr' id='par_1_6' title="bbox 185 1714 1216 2490">
     <span class='ocr_line' id='line_1_16' title="bbox 273 1714 1166 1807; baseline -0.004 -19"><span class='ocrx_word' id='word_1_124' title='bbox 273 1728 366 1789; x_wconf 86' lang='grc' dir='ltr'><strong><em>ΤΙΜ.</em></strong></span> <span class='ocrx_word' id='word_1_125' title='bbox 392 1728 433 1789; x_wconf 87' lang='grc' dir='ltr'><strong><em>Τί</em></strong></span> <span class='ocrx_word' id='word_1_126' title='bbox 441 1719 654 1807; x_wconf 81' lang='grc' dir='ltr'><strong><em>ἀγανακτεῖς,</em></strong></span> <span class='ocrx_word' id='word_1_127' title='bbox 668 1714 797 1806; x_wconf 80' lang='grc' dir='ltr'><strong><em>ῶγαθί;</em></strong></span> <span class='ocrx_word' id='word_1_128' title='bbox 811 1728 845 1789; x_wconf 87' lang='grc' dir='ltr'><strong><em>τί</em></strong></span> <span class='ocrx_word' id='word_1_129' title='bbox 848 1749 858 1801; x_wconf 84' lang='grc'><strong>;</strong></span> <span class='ocrx_word' id='word_1_130' title='bbox 872 1727 945 1807; x_wconf 86' lang='grc' dir='ltr'><strong><em>μῶν</em></strong></span> <span class='ocrx_word' id='word_1_131' title='bbox 954 1722 1166 1805; x_wconf 82' lang='grc' dir='ltr'><strong><em>παρακίκρον</em></strong></span> 
     </span>
     <span class='ocr_line' id='line_1_17' title="bbox 186 1815 1182 1905; baseline -0.004 -18"><span class='ocrx_word' id='word_1_132' title='bbox 186 1825 268 1904; x_wconf 89' lang='grc' dir='ltr'><strong><em>σμαί</em></strong></span> <span class='ocrx_word' id='word_1_133' title='bbox 278 1840 331 1896; x_wconf 91' lang='grc' dir='ltr'><strong><em>σε;</em></strong></span> <span class='ocrx_word' id='word_1_134' title='bbox 354 1820 408 1885; x_wconf 83' lang='grc' dir='ltr'><strong><em>καί</em></strong></span> <span class='ocrx_word' id='word_1_135' title='bbox 419 1817 487 1904; x_wconf 87' lang='grc' dir='ltr'><strong><em>μήν</em></strong></span> <span class='ocrx_word' id='word_1_136' title='bbox 498 1822 671 1905; x_wconf 80' lang='grc' dir='ltr'><strong><em>ἐπεμβαλῶ</em></strong></span> <span class='ocrx_word' id='word_1_137' title='bbox 680 1825 825 1905; x_wconf 89' lang='grc' dir='ltr'><strong><em>χοίνικας</em></strong></span> <span class='ocrx_word' id='word_1_138' title='bbox 835 1816 919 1904; x_wconf 75' lang='grc' dir='ltr'><strong><em>ὑπὲρ</em></strong></span> <span class='ocrx_word' id='word_1_139' title='bbox 931 1815 968 1885; x_wconf 82' lang='grc' dir='ltr'><strong><em>τδ</em></strong></span> <span class='ocrx_word' id='word_1_140' title='bbox 981 1821 1102 1904; x_wconf 83' lang='grc' dir='ltr'><strong><em>μέτρον</em></strong></span> <span class='ocrx_word' id='word_1_141' title='bbox 1111 1817 1182 1883; x_wconf 85' lang='grc' dir='ltr'><strong><em>τίτ-</em></strong></span> 
     </span>
     <span class='ocr_line' id='line_1_18' title="bbox 185 1914 1184 2002; baseline -0.004 -16"><span class='ocrx_word' id='word_1_142' title='bbox 185 1943 294 1999; x_wconf 88' lang='grc' dir='ltr'><strong><em>ταρας.</em></strong></span> <span class='ocrx_word' id='word_1_143' title='bbox 317 1921 367 1986; x_wconf 83' lang='grc'><strong><em>58.</em></strong></span> <span class='ocrx_word' id='word_1_144' title='bbox 384 1914 467 1984; x_wconf 80' lang='grc' dir='ltr'><strong><em>ἄλλα</em></strong></span> <span class='ocrx_word' id='word_1_145' title='bbox 479 1923 513 1985; x_wconf 89' lang='grc' dir='ltr'><strong><em>τί</em></strong></span> <span class='ocrx_word' id='word_1_146' title='bbox 525 1924 641 1998; x_wconf 80' lang='grc' dir='ltr'><strong><em>τοῦτο;</em></strong></span> <span class='ocrx_word' id='word_1_147' title='bbox 660 1919 776 1986; x_wconf 81' lang='grc' dir='ltr'><strong><em>πολλοὶ</em></strong></span> <span class='ocrx_word' id='word_1_148' title='bbox 793 1919 1020 2002; x_wconf 77' lang='grc' dir='ltr'><strong><em>ξυνέρχονται·</em></strong></span> <span class='ocrx_word' id='word_1_149' title='bbox 1041 1922 1184 1997; x_wconf 75' lang='grc' dir='ltr'><strong><em>Βλεψίας</em></strong></span> 
     </span>
     <span class='ocr_line' id='line_1_19' title="bbox 187 2011 1183 2101; baseline -0.003 -18"><span class='ocrx_word' id='word_1_150' title='bbox 187 2019 310 2094; x_wconf 86' lang='grc' dir='ltr'><strong><em>ἐκεῖνος</em></strong></span> <span class='ocrx_word' id='word_1_151' title='bbox 320 2016 376 2082; x_wconf 87' lang='grc' dir='ltr'><strong><em>καί</em></strong></span> <span class='ocrx_word' id='word_1_152' title='bbox 385 2014 496 2101; x_wconf 80' lang='grc' dir='ltr'><strong><em>Λάχης</em></strong></span> <span class='ocrx_word' id='word_1_153' title='bbox 506 2015 562 2082; x_wconf 87' lang='grc' dir='ltr'><strong><em>καί</em></strong></span> <span class='ocrx_word' id='word_1_154' title='bbox 575 2020 714 2101; x_wconf 82' lang='grc' dir='ltr'><strong><em>Γνίφων</em></strong></span> <span class='ocrx_word' id='word_1_155' title='bbox 725 2016 779 2082; x_wconf 83' lang='grc' dir='ltr'><strong><em>καὶ</em></strong></span> <span class='ocrx_word' id='word_1_156' title='bbox 790 2013 875 2093; x_wconf 84' lang='grc' dir='ltr'><strong><em>ὅλως</em></strong></span> <span class='ocrx_word' id='word_1_157' title='bbox 885 2011 922 2081; x_wconf 84' lang='grc' dir='ltr'><strong><em>τὸ</em></strong></span> <span class='ocrx_word' id='word_1_158' title='bbox 934 2012 1106 2099; x_wconf 80' lang='grc' dir='ltr'><strong><em>σύνταγμα</em></strong></span> <span class='ocrx_word' id='word_1_159' title='bbox 1115 2020 1183 2081; x_wconf 86' lang='grc' dir='ltr'><strong><em>τῶν</em></strong></span> 
     </span>
     <span class='ocr_line' id='line_1_20' title="bbox 187 2108 1182 2199; baseline -0.001 -20"><span class='ocrx_word' id='word_1_160' title='bbox 187 2116 427 2198; x_wconf 80' lang='grc' dir='ltr'><strong><em>οἰμωξομένων.</em></strong></span> <span class='ocrx_word' id='word_1_161' title='bbox 449 2108 533 2180; x_wconf 87' lang='grc' dir='ltr'><strong><em>ῶστε</em></strong></span> <span class='ocrx_word' id='word_1_162' title='bbox 547 2117 580 2179; x_wconf 89' lang='grc' dir='ltr'><strong><em>τί</em></strong></span> <span class='ocrx_word' id='word_1_163' title='bbox 591 2110 654 2179; x_wconf 80' lang='grc' dir='ltr'><strong><em>οὐκ</em></strong></span> <span class='ocrx_word' id='word_1_164' title='bbox 670 2114 722 2180; x_wconf 80' lang='grc' dir='ltr'><strong><em>ἐπὶ</em></strong></span> <span class='ocrx_word' id='word_1_165' title='bbox 735 2109 796 2198; x_wconf 84' lang='grc' dir='ltr'><strong><em>τήν</em></strong></span> <span class='ocrx_word' id='word_1_166' title='bbox 812 2116 937 2199; x_wconf 82' lang='grc' dir='ltr'><strong><em>πέτραν</em></strong></span> <span class='ocrx_word' id='word_1_167' title='bbox 950 2110 1074 2197; x_wconf 78' lang='grc' dir='ltr'><strong><em>ταύτην</em></strong></span> <span class='ocrx_word' id='word_1_168' title='bbox 1085 2109 1182 2178; x_wconf 80' lang='grc' dir='ltr'><strong><em>άνελ·</em></strong></span> 
     </span>
     <span class='ocr_line' id='line_1_21' title="bbox 186 2206 1216 2296; baseline -0.002 -19"><span class='ocrx_word' id='word_1_169' title='bbox 186 2208 262 2278; x_wconf 77' lang='grc' dir='ltr'><strong><em>θῶν</em></strong></span> <span class='ocrx_word' id='word_1_170' title='bbox 275 2206 337 2295; x_wconf 84' lang='grc' dir='ltr'><strong><em>τήν</em></strong></span> <span class='ocrx_word' id='word_1_171' title='bbox 352 2208 414 2295; x_wconf 73' lang='grc' dir='ltr'><strong><em>μὲν</em></strong></span> <span class='ocrx_word' id='word_1_172' title='bbox 435 2214 589 2277; x_wconf 91' lang='grc' dir='ltr'><strong><em>δίκελλαν</em></strong></span> <span class='ocrx_word' id='word_1_173' title='bbox 602 2209 717 2296; x_wconf 86' lang='grc' dir='ltr'><strong><em>ὀλίγον</em></strong></span> <span class='ocrx_word' id='word_1_174' title='bbox 736 2207 899 2277; x_wconf 85' lang='grc' dir='ltr'><strong><em>άναπαάω</em></strong></span> <span class='ocrx_word' id='word_1_175' title='bbox 914 2209 1016 2278; x_wconf 87' lang='grc' dir='ltr'><strong><em>πάλαι</em></strong></span> <span class='ocrx_word' id='word_1_176' title='bbox 1036 2233 1181 2294; x_wconf 82' lang='grc' dir='ltr'><strong><em>πεπονή-</em></strong></span> <span class='ocrx_word' id='word_1_177' title='bbox 1213 2290 1216 2295; x_wconf 25' lang='lat'><strong>¹</strong></span> 
     </span>
     <span class='ocr_line' id='line_1_22' title="bbox 187 2303 1184 2394; baseline -0.004 -18"><span class='ocrx_word' id='word_1_178' title='bbox 187 2322 299 2393; x_wconf 88' lang='grc' dir='ltr'><strong><em>κνῖαν,</em></strong></span> <span class='ocrx_word' id='word_1_179' title='bbox 313 2303 412 2386; x_wconf 83' lang='grc' dir='ltr'><strong><em>αάτδς</em></strong></span> <span class='ocrx_word' id='word_1_180' title='bbox 423 2309 459 2374; x_wconf 79' lang='grc' dir='ltr'><strong><em>δὲ</em></strong></span> <span class='ocrx_word' id='word_1_181' title='bbox 470 2305 521 2374; x_wconf 85' lang='grc' dir='ltr'><strong><em>ὅτι</em></strong></span> <span class='ocrx_word' id='word_1_182' title='bbox 533 2315 706 2387; x_wconf 82' lang='grc' dir='ltr'><strong><em>πλείστους</em></strong></span> <span class='ocrx_word' id='word_1_183' title='bbox 715 2314 834 2387; x_wconf 74' lang='grc' dir='ltr'><strong><em>λίθους</em></strong></span> <span class='ocrx_word' id='word_1_184' title='bbox 845 2306 1059 2394; x_wconf 84' lang='grc' dir='ltr'><strong><em>ξυμφορήσας</em></strong></span> <span class='ocrx_word' id='word_1_185' title='bbox 1070 2309 1184 2392; x_wconf 82' lang='grc' dir='ltr'><strong><em>ἐπιχα-</em></strong></span> 
     </span>
     <span class='ocr_line' id='line_1_23' title="bbox 185 2402 618 2490; baseline -0.007 -15"><span class='ocrx_word' id='word_1_186' title='bbox 185 2413 269 2486; x_wconf 81' lang='grc' dir='ltr'><strong><em>λαζῶ</em></strong></span> <span class='ocrx_word' id='word_1_187' title='bbox 285 2403 466 2490; x_wconf 78' lang='grc' dir='ltr'><strong><em>πόρρωθεν</em></strong></span> <span class='ocrx_word' id='word_1_188' title='bbox 481 2402 618 2488; x_wconf 79' lang='grc' dir='ltr'><strong><em>αὐτοάς;</em></strong></span> 
     </span>
    </p>

    <p class='ocr_par' dir='ltr' id='par_1_7' title="bbox 268 2496 1043 2590">
     <span class='ocr_line' id='line_1_24' title="bbox 268 2496 1043 2590; baseline -0.004 -19"><span class='ocrx_word' id='word_1_189' title='bbox 268 2511 402 2571; x_wconf 67' lang='lat' dir='ltr'><strong><em>Bm.</em></strong></span> <span class='ocrx_word' id='word_1_190' title='bbox 426 2500 485 2588; x_wconf 81' lang='grc' dir='ltr'><strong><em>Μή</em></strong></span> <span class='ocrx_word' id='word_1_191' title='bbox 501 2504 620 2590; x_wconf 82' lang='grc' dir='ltr'><strong><em>βάλλε,</em></strong></span> <span class='ocrx_word' id='word_1_192' title='bbox 639 2496 666 2570; x_wconf 86' lang='grc' dir='ltr'><strong><em>ῶ</em></strong></span> <span class='ocrx_word' id='word_1_193' title='bbox 683 2510 811 2589; x_wconf 84' lang='grc' dir='ltr'><strong><em>Τίμων·</em></strong></span> <span class='ocrx_word' id='word_1_194' title='bbox 834 2504 955 2589; x_wconf 79' lang='grc' dir='ltr'><strong><em>ἄπιμεν</em></strong></span> <span class='ocrx_word' id='word_1_195' title='bbox 969 2502 1043 2589; x_wconf 89' lang='grc' dir='ltr'><strong><em>γάρ.</em></strong></span> 
     </span>
    </p>

    <p class='ocr_par' dir='ltr' id='par_1_8' title="bbox 184 2596 1190 2783">
     <span class='ocr_line' id='line_1_25' title="bbox 209 2596 1190 2690; baseline 0.004 -25"><span class='ocrx_word' id='word_1_196' title='bbox 209 2637 211 2642; x_wconf 84' lang='grc'><strong><em>·</em></strong></span> <span class='ocrx_word' id='word_1_197' title='bbox 272 2605 365 2666; x_wconf 87' lang='grc' dir='ltr'><strong><em>ΤΙΜ.</em></strong></span> <span class='ocrx_word' id='word_1_198' title='bbox 383 2596 469 2667; x_wconf 76' lang='grc' dir='ltr'><strong><em>Ἀλλ’</em></strong></span> <span class='ocrx_word' id='word_1_199' title='bbox 486 2597 548 2666; x_wconf 84' lang='grc' dir='ltr'><strong><em>οὐκ</em></strong></span> <span class='ocrx_word' id='word_1_200' title='bbox 563 2596 728 2685; x_wconf 79' lang='grc' dir='ltr'><strong><em>ἀναιμωτί</em></strong></span> <span class='ocrx_word' id='word_1_201' title='bbox 737 2625 776 2686; x_wconf 89' lang='grc' dir='ltr'><strong><em>γε</em></strong></span> <span class='ocrx_word' id='word_1_202' title='bbox 787 2598 880 2685; x_wconf 82' lang='grc' dir='ltr'><strong><em>ὑμεῖς</em></strong></span> <span class='ocrx_word' id='word_1_203' title='bbox 891 2598 970 2669; x_wconf 78' lang='grc' dir='ltr'><strong><em>οὐδὲ</em></strong></span> <span class='ocrx_word' id='word_1_204' title='bbox 982 2597 1066 2667; x_wconf 76' lang='grc' dir='ltr'><strong><em>ἄνευ</em></strong></span> <span class='ocrx_word' id='word_1_205' title='bbox 1086 2624 1190 2690; x_wconf 89' lang='grc' dir='ltr'><strong><em>τραν-</em></strong></span> 
     </span>
     <span class='ocr_line' id='line_1_26' title="bbox 184 2721 306 2783; baseline 0 -21"><span class='ocrx_word' id='word_1_206' title='bbox 184 2721 306 2783; x_wconf 84' lang='grc' dir='ltr'><strong><em>ματον.</em></strong></span> 
     </span>
    </p>
   </div>
   <div class='ocr_carea' id='block_1_4' title="bbox 583 2847 791 2856">
    <p class='ocr_par' dir='ltr' id='par_1_9' title="bbox 583 2847 791 2856">
     <span class='ocr_line' id='line_1_27' title="bbox 583 2847 791 2856; baseline 0 0"><span class='ocrx_word' id='word_1_207' title='bbox 583 2847 791 2856; x_wconf 76' lang='lat'>———————.</span> 
     </span>
    </p>
   </div>
   <div class='ocr_carea' id='block_1_5' title="bbox 117 2982 1119 3191">
    <p class='ocr_par' dir='ltr' id='par_1_10' title="bbox 117 2982 1119 3191">
     <span class='ocr_line' id='line_1_28' title="bbox 117 2982 1119 3057; baseline 0.002 -2"><span class='ocrx_word' id='word_1_208' title='bbox 117 3002 166 3057; x_wconf 80' lang='grc' dir='ltr'><strong><em>ιιι</em></strong></span> <span class='ocrx_word' id='word_1_209' title='bbox 257 2982 460 3050; x_wconf 70' lang='grc' dir='ltr'><em>ΑΛΚΥΩΝ</em></span> <span class='ocrx_word' id='word_1_210' title='bbox 475 2991 511 3047; x_wconf 80' lang='grc' dir='ltr'><em>Η</em></span> <span class='ocrx_word' id='word_1_211' title='bbox 527 2984 647 3052; x_wconf 79' lang='grc' dir='ltr'><em>ΠΕΡΙ</em></span> <span class='ocrx_word' id='word_1_212' title='bbox 667 2985 1119 3057; x_wconf 70' lang='grc' dir='ltr'><strong><em>ΜΕΤΑΜΟΡΦΩΣΕΩΣ.</em></strong></span> 
     </span>
     <span class='ocr_line' id='line_1_29' title="bbox 461 3121 902 3191; baseline 0.009 -19"><span class='ocrx_word' id='word_1_213' title='bbox 461 3121 671 3191; x_wconf 65' lang='lat' dir='ltr'><strong><em>mmm,</em></strong></span> <span class='ocrx_word' id='word_1_214' title='bbox 690 3123 902 3176; x_wconf 73' lang='grc' dir='ltr'><strong><em>εαιιεινοε.</em></strong></span> 
     </span>
    </p>
   </div>
   <div class='ocr_carea' id='block_1_6' title="bbox 181 3266 1191 3457">
    <p class='ocr_par' dir='ltr' id='par_1_11' title="bbox 181 3266 1191 3457">
     <span class='ocr_line' id='line_1_30' title="bbox 266 3266 1191 3358; baseline -0.027 -5"><span class='ocrx_word' id='word_1_215' title='bbox 266 3272 294 3335; x_wconf 77' lang='lat' dir='ltr'><strong><em>l·</em></strong></span> <span class='ocrx_word' id='word_1_216' title='bbox 317 3275 431 3336; x_wconf 72' lang='grc' dir='ltr'><em>ΧΛῙΡ·</em></span> <span class='ocrx_word' id='word_1_217' title='bbox 458 3274 515 3347; x_wconf 72' lang='grc' dir='ltr'><strong><em>Τίς</em></strong></span> <span class='ocrx_word' id='word_1_218' title='bbox 526 3266 547 3355; x_wconf 76' lang='grc' dir='ltr'><em>ἡ</em></span> <span class='ocrx_word' id='word_1_219' title='bbox 560 3267 656 3355; x_wconf 65' lang='grc' dir='ltr'><strong><em>φωνή</em></strong></span> <span class='ocrx_word' id='word_1_220' title='bbox 668 3273 875 3357; x_wconf 82' lang='grc' dir='ltr'><strong><em>προσέβαλεν</em></strong></span> <span class='ocrx_word' id='word_1_221' title='bbox 887 3268 978 3356; x_wconf 78' lang='grc' dir='ltr'><strong><em>ἡμῖν,</em></strong></span> <span class='ocrx_word' id='word_1_222' title='bbox 998 3296 1025 3336; x_wconf 86' lang='grc' dir='ltr'><strong><em>ω</em></strong></span> <span class='ocrx_word' id='word_1_223' title='bbox 1042 3273 1191 3358; x_wconf 66' lang='grc' dir='ltr'><strong><em>Σώκρα.</em></strong></span> 
     </span>
     <span class='ocr_line' id='line_1_31' title="bbox 181 3363 1191 3457; baseline 0.001 -21"><span class='ocrx_word' id='word_1_224' title='bbox 181 3391 250 3452; x_wconf 87' lang='grc' dir='ltr'><strong><em>τες,</em></strong></span> <span class='ocrx_word' id='word_1_225' title='bbox 265 3363 445 3450; x_wconf 80' lang='grc' dir='ltr'><strong><em>πόρρωθεν</em></strong></span> <span class='ocrx_word' id='word_1_226' title='bbox 459 3363 523 3434; x_wconf 84' lang='grc' dir='ltr'><strong><em>άπὸ</em></strong></span> <span class='ocrx_word' id='word_1_227' title='bbox 536 3374 603 3434; x_wconf 89' lang='grc' dir='ltr'><strong><em>τῶν</em></strong></span> <span class='ocrx_word' id='word_1_228' title='bbox 614 3373 774 3454; x_wconf 77' lang='grc' dir='ltr'><strong><em>αἰγιαλῶν</em></strong></span> <span class='ocrx_word' id='word_1_229' title='bbox 788 3369 910 3452; x_wconf 77' lang='grc' dir='ltr'><strong><em>καὶτῆς</em></strong></span> <span class='ocrx_word' id='word_1_230' title='bbox 923 3369 1029 3457; x_wconf 84' lang='grc' dir='ltr'><strong><em>άκρας</em></strong></span> <span class='ocrx_word' id='word_1_231' title='bbox 1042 3373 1191 3456; x_wconf 57' lang='grc' dir='ltr'><strong><em>ἐκείνως</em></strong></span> 
     </span>
    </p>
   </div>
   <div class='ocr_carea' id='block_1_7' title="bbox 0 0 1283 3825">
    <p class='ocr_par' dir='ltr' id='par_1_12' title="bbox 0 0 1283 3825">
     <span class='ocr_line' id='line_1_32' title="bbox 0 0 1283 3825; baseline 0 0"><span class='ocrx_word' id='word_1_232' title='bbox 0 0 1283 3825; x_wconf 95' lang='lat' dir='ltr'><strong><em> </em></strong></span> 
     </span>
    </p>
   </div>
  </div>
 </body>
</html>
