<?xml version="1.0" encoding="UTF-8"?>
<!DOCTYPE html PUBLIC "-//W3C//DTD XHTML 1.0 Transitional//EN"
    "http://www.w3.org/TR/xhtml1/DTD/xhtml1-transitional.dtd">
<html xmlns="http://www.w3.org/1999/xhtml" xml:lang="en" lang="en">
 <head>
  <title>
</title>
<meta http-equiv="Content-Type" content="text/html;charset=utf-8" />
  <meta name='ocr-system' content='tesseract 3.04.00' />
  <meta name='ocr-capabilities' content='ocr_page ocr_carea ocr_par ocr_line ocrx_word'/>
</head>
<body>
  <div class='ocr_page' id='page_1' title='image "./lucianisamosate03jacogoog_0217.png"; bbox 0 0 2550 3825; ppageno 0'>
   <div class='ocr_carea' id='block_1_1' title="bbox 129 183 781 245">
    <p class='ocr_par' dir='ltr' id='par_1_1' title="bbox 129 183 781 245">
     <span class='ocr_line' id='line_1_1' title="bbox 129 183 781 245; baseline 0 0"><span class='ocrx_word' id='word_1_1' title='bbox 129 183 188 245; x_wconf 82' lang='grc'><strong><em>188</em></strong></span> <span class='ocrx_word' id='word_1_2' title='bbox 473 186 781 245; x_wconf 74' lang='grc' dir='ltr'><em>ΛΟΤΚΙΑΝΟΤ</em></span> 
     </span>
    </p>
   </div>
   <div class='ocr_carea' id='block_1_2' title="bbox 53 339 1127 3076">
    <p class='ocr_par' dir='ltr' id='par_1_2' title="bbox 124 339 1126 720">
     <span class='ocr_line' id='line_1_2' title="bbox 125 339 1126 433; baseline 0.002 -24"><span class='ocrx_word' id='word_1_3' title='bbox 125 345 184 411; x_wconf 85' lang='grc' dir='ltr'><strong><em>σέα</em></strong></span> <span class='ocrx_word' id='word_1_4' title='bbox 198 344 254 411; x_wconf 77' lang='grc' dir='ltr'><strong><em>καί</em></strong></span> <span class='ocrx_word' id='word_1_5' title='bbox 264 343 381 433; x_wconf 77' lang='grc' dir='ltr'><strong><em>πρῴην</em></strong></span> <span class='ocrx_word' id='word_1_6' title='bbox 392 340 468 411; x_wconf 84' lang='grc' dir='ltr'><strong><em>οὑτε</em></strong></span> <span class='ocrx_word' id='word_1_7' title='bbox 482 344 709 429; x_wconf 74' lang='grc' dir='ltr'><strong><em>προσέβλεψας</em></strong></span> <span class='ocrx_word' id='word_1_8' title='bbox 723 339 843 429; x_wconf 81' lang='grc' dir='ltr'><strong><em>αὐτόν,</em></strong></span> <span class='ocrx_word' id='word_1_9' title='bbox 861 342 960 412; x_wconf 87' lang='grc' dir='ltr'><strong><em>ὁπότε</em></strong></span> <span class='ocrx_word' id='word_1_10' title='bbox 970 339 1030 431; x_wconf 75' lang='grc' dir='ltr'><strong><em>ἧκε</em></strong></span> <span class='ocrx_word' id='word_1_11' title='bbox 1041 370 1126 432; x_wconf 56' lang='grc' dir='ltr'><strong><em>μανι</em></strong></span> 
     </span>
     <span class='ocr_line' id='line_1_3' title="bbox 124 438 1126 528; baseline 0.002 -19"><span class='ocrx_word' id='word_1_12' title='bbox 124 440 339 527; x_wconf 82' lang='grc' dir='ltr'><strong><em>πευσόμενος,</em></strong></span> <span class='ocrx_word' id='word_1_13' title='bbox 354 440 432 507; x_wconf 83' lang='grc' dir='ltr'><strong><em>ου”τε</em></strong></span> <span class='ocrx_word' id='word_1_14' title='bbox 445 452 637 525; x_wconf 76' lang='grc' dir='ltr'><strong><em>προσειπεῖν</em></strong></span> <span class='ocrx_word' id='word_1_15' title='bbox 647 438 787 526; x_wconf 80' lang='grc' dir='ltr'><strong><em>ἠξίωσας</em></strong></span> <span class='ocrx_word' id='word_1_16' title='bbox 800 438 908 526; x_wconf 83' lang='grc' dir='ltr'><strong><em>ἀνδρα</em></strong></span> <span class='ocrx_word' id='word_1_17' title='bbox 923 442 1126 528; x_wconf 85' lang='grc' dir='ltr'><strong><em>συστρατιῶ-</em></strong></span> 
     </span>
     <span class='ocr_line' id='line_1_4' title="bbox 126 535 1126 627; baseline 0.002 -21"><span class='ocrx_word' id='word_1_18' title='bbox 126 564 186 624; x_wconf 89' lang='grc' dir='ltr'><strong><em>την</em></strong></span> <span class='ocrx_word' id='word_1_19' title='bbox 200 540 253 607; x_wconf 84' lang='grc' dir='ltr'><strong><em>καλ</em></strong></span> <span class='ocrx_word' id='word_1_20' title='bbox 268 540 416 624; x_wconf 79' lang='grc' dir='ltr'><strong><em>ἑταῖρον.</em></strong></span> <span class='ocrx_word' id='word_1_21' title='bbox 431 535 505 606; x_wconf 88' lang='grc' dir='ltr'><strong><em>ἀλλ’</em></strong></span> <span class='ocrx_word' id='word_1_22' title='bbox 519 537 748 623; x_wconf 79' lang='grc' dir='ltr'><strong><em>ὑπεροπτικῶς</em></strong></span> <span class='ocrx_word' id='word_1_23' title='bbox 758 540 885 625; x_wconf 76' lang='grc' dir='ltr'><strong><em>μεγάλοι</em></strong></span> <span class='ocrx_word' id='word_1_24' title='bbox 899 546 1028 627; x_wconf 81' lang='grc' dir='ltr'><strong><em>βαίνων</em></strong></span> <span class='ocrx_word' id='word_1_25' title='bbox 1040 566 1126 626; x_wconf 84' lang='grc' dir='ltr'><strong><em>παρ-</em></strong></span> 
     </span>
     <span class='ocr_line' id='line_1_5' title="bbox 125 642 246 720; baseline -0.041 0"><span class='ocrx_word' id='word_1_26' title='bbox 125 642 246 720; x_wconf 69' lang='grc' dir='ltr'><strong><em>ἠίθεοι</em></strong></span> 
     </span>
    </p>

    <p class='ocr_par' dir='ltr' id='par_1_3' title="bbox 125 726 1127 1007">
     <span class='ocr_line' id='line_1_6' title="bbox 211 726 1125 822; baseline 0.004 -22"><span class='ocrx_word' id='word_1_27' title='bbox 211 740 334 801; x_wconf 83' lang='grc' dir='ltr'><em>ΛΙΑΣ.</em></span> <span class='ocrx_word' id='word_1_28' title='bbox 364 733 528 819; x_wconf 85' lang='grc' dir='ltr'><strong><em>Είκότως,</em></strong></span> <span class='ocrx_word' id='word_1_29' title='bbox 557 726 584 799; x_wconf 81' lang='grc' dir='ltr'><strong><em>ῶ</em></strong></span> <span class='ocrx_word' id='word_1_30' title='bbox 609 730 831 819; x_wconf 76' lang='grc' dir='ltr'><strong><em>Ἀγάμεμνον·</em></strong></span> <span class='ocrx_word' id='word_1_31' title='bbox 862 734 962 814; x_wconf 85' lang='grc' dir='ltr'><strong><em>αὑτός</em></strong></span> <span class='ocrx_word' id='word_1_32' title='bbox 983 736 1047 822; x_wconf 90' lang='grc' dir='ltr'><strong><em>γάρ</em></strong></span> <span class='ocrx_word' id='word_1_33' title='bbox 1071 762 1125 822; x_wconf 89' lang='grc' dir='ltr'><strong><em>μοι</em></strong></span> 
     </span>
     <span class='ocr_line' id='line_1_7' title="bbox 126 830 1127 917; baseline 0.004 -18"><span class='ocrx_word' id='word_1_34' title='bbox 126 839 182 917; x_wconf 82' lang='grc' dir='ltr'><strong><em>τῆς</em></strong></span> <span class='ocrx_word' id='word_1_35' title='bbox 198 838 316 917; x_wconf 87' lang='grc' dir='ltr'><strong><em>μανίας</em></strong></span> <span class='ocrx_word' id='word_1_36' title='bbox 330 840 434 911; x_wconf 89' lang='grc' dir='ltr'><strong><em>αίτιος</em></strong></span> <span class='ocrx_word' id='word_1_37' title='bbox 453 834 591 917; x_wconf 78' lang='grc' dir='ltr'><strong><em>κατέστη</em></strong></span> <span class='ocrx_word' id='word_1_38' title='bbox 607 830 710 917; x_wconf 87' lang='grc' dir='ltr'><strong><em>μόνος</em></strong></span> <span class='ocrx_word' id='word_1_39' title='bbox 729 830 976 913; x_wconf 77' lang='grc' dir='ltr'><strong><em>ἀντεξετασθεὶς</em></strong></span> <span class='ocrx_word' id='word_1_40' title='bbox 992 838 1045 905; x_wconf 80' lang='grc' dir='ltr'><strong><em>ἐπὶ</em></strong></span> <span class='ocrx_word' id='word_1_41' title='bbox 1060 850 1127 914; x_wconf 80' lang='grc' dir='ltr'><strong><em>τοῖς</em></strong></span> 
     </span>
     <span class='ocr_line' id='line_1_8' title="bbox 125 927 248 1007; baseline -0.008 -11"><span class='ocrx_word' id='word_1_42' title='bbox 125 927 248 1007; x_wconf 79' lang='grc' dir='ltr'><strong><em>ὅπλοις.</em></strong></span> 
     </span>
    </p>

    <p class='ocr_par' dir='ltr' id='par_1_4' title="bbox 126 1024 1126 1206">
     <span class='ocr_line' id='line_1_9' title="bbox 208 1024 1126 1112; baseline 0.002 -19"><span class='ocrx_word' id='word_1_43' title='bbox 208 1033 349 1095; x_wconf 87' lang='grc' dir='ltr'><em>ΑΓΑΜ.</em></span> <span class='ocrx_word' id='word_1_44' title='bbox 368 1026 526 1107; x_wconf 81' lang='grc' dir='ltr'><strong><em>Ἠξίωσας</em></strong></span> <span class='ocrx_word' id='word_1_45' title='bbox 537 1030 574 1094; x_wconf 77' lang='grc' dir='ltr'><strong><em>δὲ</em></strong></span> <span class='ocrx_word' id='word_1_46' title='bbox 584 1024 872 1112; x_wconf 72' lang='grc' dir='ltr'><strong><em>ἀνανταγώνιστος</em></strong></span> <span class='ocrx_word' id='word_1_47' title='bbox 886 1026 970 1095; x_wconf 82' lang='grc' dir='ltr'><strong><em>εἶναι</em></strong></span> <span class='ocrx_word' id='word_1_48' title='bbox 980 1029 1035 1095; x_wconf 77' lang='grc' dir='ltr'><strong><em>καί</em></strong></span> <span class='ocrx_word' id='word_1_49' title='bbox 1045 1026 1126 1095; x_wconf 86' lang='grc' dir='ltr'><strong><em>ἀκο-</em></strong></span> 
     </span>
     <span class='ocr_line' id='line_1_10' title="bbox 126 1122 529 1206; baseline 0.005 -18"><span class='ocrx_word' id='word_1_50' title='bbox 126 1127 190 1191; x_wconf 78' lang='grc' dir='ltr'><strong><em>υιτί</em></strong></span> <span class='ocrx_word' id='word_1_51' title='bbox 204 1139 339 1206; x_wconf 77' lang='grc' dir='ltr'><strong><em>κρατεῖν</em></strong></span> <span class='ocrx_word' id='word_1_52' title='bbox 354 1122 529 1204; x_wconf 73' lang='grc' dir='ltr'><strong><em>άπάντωνς</em></strong></span> 
     </span>
    </p>

    <p class='ocr_par' dir='ltr' id='par_1_5' title="bbox 57 1214 1126 1796">
     <span class='ocr_line' id='line_1_11' title="bbox 57 1214 1125 1309; baseline -0.004 -17"><span class='ocrx_word' id='word_1_53' title='bbox 57 1239 106 1292; x_wconf 71' lang='lat'><strong><em>449</em></strong></span> <span class='ocrx_word' id='word_1_54' title='bbox 208 1228 330 1289; x_wconf 86' lang='grc' dir='ltr'><em>ΑΙΑΣ.</em></span> <span class='ocrx_word' id='word_1_55' title='bbox 353 1229 439 1306; x_wconf 88' lang='grc' dir='ltr'><strong><em>Ναί,</em></strong></span> <span class='ocrx_word' id='word_1_56' title='bbox 460 1222 500 1289; x_wconf 90' lang='grc' dir='ltr'><strong><em>τά</em></strong></span> <span class='ocrx_word' id='word_1_57' title='bbox 521 1247 560 1308; x_wconf 87' lang='grc' dir='ltr'><strong><em>γε</em></strong></span> <span class='ocrx_word' id='word_1_58' title='bbox 577 1228 731 1288; x_wconf 80' lang='grc' dir='ltr'><strong><em>τοιαῦτα·</em></strong></span> <span class='ocrx_word' id='word_1_59' title='bbox 765 1227 868 1289; x_wconf 90' lang='grc' dir='ltr'><strong><em>οίκεία</em></strong></span> <span class='ocrx_word' id='word_1_60' title='bbox 887 1222 951 1307; x_wconf 88' lang='grc' dir='ltr'><strong><em>γάρ</em></strong></span> <span class='ocrx_word' id='word_1_61' title='bbox 973 1248 1029 1308; x_wconf 91' lang='grc' dir='ltr'><strong><em>μοι</em></strong></span> <span class='ocrx_word' id='word_1_62' title='bbox 1045 1214 1125 1309; x_wconf 78' lang='grc' dir='ltr'><strong><em>ἦνὴ</em></strong></span> 
     </span>
     <span class='ocr_line' id='line_1_12' title="bbox 123 1312 1126 1407; baseline 0.002 -22"><span class='ocrx_word' id='word_1_63' title='bbox 123 1325 290 1387; x_wconf 85' lang='grc' dir='ltr'><strong><em>πανοπλία</em></strong></span> <span class='ocrx_word' id='word_1_64' title='bbox 306 1327 367 1387; x_wconf 84' lang='grc' dir='ltr'><strong><em>τοῦ</em></strong></span> <span class='ocrx_word' id='word_1_65' title='bbox 383 1318 524 1401; x_wconf 75' lang='grc' dir='ltr'><strong><em>ἀνεψιοῦ</em></strong></span> <span class='ocrx_word' id='word_1_66' title='bbox 538 1346 577 1406; x_wconf 86' lang='grc' dir='ltr'><strong><em>γε</em></strong></span> <span class='ocrx_word' id='word_1_67' title='bbox 592 1312 687 1387; x_wconf 83' lang='grc' dir='ltr'><strong><em>οὑσα.</em></strong></span> <span class='ocrx_word' id='word_1_68' title='bbox 710 1321 764 1387; x_wconf 81' lang='grc' dir='ltr'><strong><em>καί</em></strong></span> <span class='ocrx_word' id='word_1_69' title='bbox 777 1317 871 1407; x_wconf 88' lang='grc' dir='ltr'><strong><em>ὑμεῖς</em></strong></span> <span class='ocrx_word' id='word_1_70' title='bbox 885 1324 919 1388; x_wconf 82' lang='grc' dir='ltr'><strong><em>οί</em></strong></span> <span class='ocrx_word' id='word_1_71' title='bbox 931 1319 1027 1389; x_wconf 86' lang='grc' dir='ltr'><strong><em>ἀλλοι</em></strong></span> <span class='ocrx_word' id='word_1_72' title='bbox 1040 1318 1126 1389; x_wconf 89' lang='grc' dir='ltr'><strong><em>πολὺ</em></strong></span> 
     </span>
     <span class='ocr_line' id='line_1_13' title="bbox 124 1414 1126 1504; baseline 0.004 -21"><span class='ocrx_word' id='word_1_73' title='bbox 124 1414 280 1502; x_wconf 87' lang='grc' dir='ltr'><strong><em>ἀμείνους</em></strong></span> <span class='ocrx_word' id='word_1_74' title='bbox 294 1414 388 1496; x_wconf 88' lang='grc' dir='ltr'><strong><em>ὄντες</em></strong></span> <span class='ocrx_word' id='word_1_75' title='bbox 402 1416 590 1485; x_wconf 80' lang='grc' dir='ltr'><strong><em>ἀπείπασθε</em></strong></span> <span class='ocrx_word' id='word_1_76' title='bbox 603 1416 664 1486; x_wconf 86' lang='grc' dir='ltr'><strong><em>τόν</em></strong></span> <span class='ocrx_word' id='word_1_77' title='bbox 680 1416 794 1503; x_wconf 86' lang='grc' dir='ltr'><strong><em>ἀγῶνα</em></strong></span> <span class='ocrx_word' id='word_1_78' title='bbox 809 1422 864 1485; x_wconf 85' lang='grc' dir='ltr'><strong><em>καλ</em></strong></span> <span class='ocrx_word' id='word_1_79' title='bbox 875 1418 1126 1504; x_wconf 81' lang='grc' dir='ltr'><strong><em>παρεχωρήσατε</em></strong></span> 
     </span>
     <span class='ocr_line' id='line_1_14' title="bbox 123 1512 1126 1601; baseline 0.004 -20"><span class='ocrx_word' id='word_1_80' title='bbox 123 1541 196 1601; x_wconf 88' lang='grc' dir='ltr'><strong><em>μοι,</em></strong></span> <span class='ocrx_word' id='word_1_81' title='bbox 213 1512 231 1583; x_wconf 87' lang='grc' dir='ltr'><strong><em>ό</em></strong></span> <span class='ocrx_word' id='word_1_82' title='bbox 244 1517 280 1582; x_wconf 79' lang='grc' dir='ltr'><strong><em>δὲ</em></strong></span> <span class='ocrx_word' id='word_1_83' title='bbox 288 1518 456 1600; x_wconf 91' lang='grc' dir='ltr'><strong><em>Λαέρτου,</em></strong></span> <span class='ocrx_word' id='word_1_84' title='bbox 469 1512 510 1582; x_wconf 85' lang='grc' dir='ltr'><strong><em>όν</em></strong></span> <span class='ocrx_word' id='word_1_85' title='bbox 521 1514 585 1601; x_wconf 84' lang='grc' dir='ltr'><strong><em>ε’γῶ</em></strong></span> <span class='ocrx_word' id='word_1_86' title='bbox 595 1518 756 1594; x_wconf 82' lang='grc' dir='ltr'><strong><em>πολλάκις</em></strong></span> <span class='ocrx_word' id='word_1_87' title='bbox 765 1522 872 1583; x_wconf 83' lang='grc' dir='ltr'><strong><em>ἔσωσα</em></strong></span> <span class='ocrx_word' id='word_1_88' title='bbox 883 1519 1126 1585; x_wconf 84' lang='grc' dir='ltr'><strong><em>κινδυνεύοντα</em></strong></span> 
     </span>
     <span class='ocr_line' id='line_1_15' title="bbox 123 1610 1126 1701; baseline 0.004 -21"><span class='ocrx_word' id='word_1_89' title='bbox 123 1610 375 1699; x_wconf 77' lang='grc' dir='ltr'><strong><em>κατακεκόφθαι</em></strong></span> <span class='ocrx_word' id='word_1_90' title='bbox 395 1611 462 1680; x_wconf 85' lang='grc' dir='ltr'><strong><em>ὑπὸ</em></strong></span> <span class='ocrx_word' id='word_1_91' title='bbox 484 1621 553 1681; x_wconf 90' lang='grc' dir='ltr'><strong><em>τῶν</em></strong></span> <span class='ocrx_word' id='word_1_92' title='bbox 571 1622 734 1701; x_wconf 82' lang='grc' dir='ltr'><strong><em>Φρυγῶν,</em></strong></span> <span class='ocrx_word' id='word_1_93' title='bbox 760 1614 906 1701; x_wconf 87' lang='grc' dir='ltr'><strong><em>ἀμείνων</em></strong></span> <span class='ocrx_word' id='word_1_94' title='bbox 927 1613 1021 1701; x_wconf 81' lang='grc' dir='ltr'><strong><em>ἠξίου</em></strong></span> <span class='ocrx_word' id='word_1_95' title='bbox 1042 1614 1126 1684; x_wconf 75' lang='grc' dir='ltr'><strong><em>εἶναι</em></strong></span> 
     </span>
     <span class='ocr_line' id='line_1_16' title="bbox 123 1710 714 1796; baseline 0.003 -18"><span class='ocrx_word' id='word_1_96' title='bbox 123 1715 178 1779; x_wconf 84' lang='grc' dir='ltr'><strong><em>καλ</em></strong></span> <span class='ocrx_word' id='word_1_97' title='bbox 192 1711 452 1796; x_wconf 77' lang='grc' dir='ltr'><strong><em>ἐπιτηδειότερος</em></strong></span> <span class='ocrx_word' id='word_1_98' title='bbox 466 1716 553 1796; x_wconf 83' lang='grc' dir='ltr'><strong><em>ἔχειν</em></strong></span> <span class='ocrx_word' id='word_1_99' title='bbox 565 1710 605 1777; x_wconf 86' lang='grc' dir='ltr'><strong><em>τά</em></strong></span> <span class='ocrx_word' id='word_1_100' title='bbox 618 1710 714 1780; x_wconf 84' lang='grc' dir='ltr'><strong><em>ὅπλα.</em></strong></span> 
     </span>
    </p>

    <p class='ocr_par' dir='ltr' id='par_1_6' title="bbox 121 1802 1126 2094">
     <span class='ocr_line' id='line_1_17' title="bbox 207 1802 1126 1902; baseline 0.001 -25"><span class='ocrx_word' id='word_1_101' title='bbox 207 1818 236 1878; x_wconf 75' lang='lat'><strong><em>2.</em></strong></span> <span class='ocrx_word' id='word_1_102' title='bbox 254 1816 395 1878; x_wconf 82' lang='grc' dir='ltr'><em>ΑΓΑΜ.</em></span> <span class='ocrx_word' id='word_1_103' title='bbox 416 1816 519 1877; x_wconf 86' lang='grc' dir='ltr'><strong><em>Αίτιῶ</em></strong></span> <span class='ocrx_word' id='word_1_104' title='bbox 532 1819 727 1897; x_wconf 85' lang='grc' dir='ltr'><strong><em>τοιγαροῦν,</em></strong></span> <span class='ocrx_word' id='word_1_105' title='bbox 743 1802 770 1877; x_wconf 82' lang='grc' dir='ltr'><strong><em>ῶ</em></strong></span> <span class='ocrx_word' id='word_1_106' title='bbox 779 1825 928 1897; x_wconf 83' lang='grc' dir='ltr'><strong><em>γενναῖε,</em></strong></span> <span class='ocrx_word' id='word_1_107' title='bbox 944 1809 1005 1897; x_wconf 76' lang='grc' dir='ltr'><strong><em>τὴν</em></strong></span> <span class='ocrx_word' id='word_1_108' title='bbox 1016 1816 1126 1902; x_wconf 77' lang='grc' dir='ltr'><strong><em>Θέτιν,</em></strong></span> 
     </span>
     <span class='ocr_line' id='line_1_18' title="bbox 122 1906 1126 1998; baseline 0 -20"><span class='ocrx_word' id='word_1_109' title='bbox 122 1907 144 1998; x_wconf 77' lang='grc' dir='ltr'><strong><em>ἢ</em></strong></span> <span class='ocrx_word' id='word_1_110' title='bbox 155 1912 232 1979; x_wconf 88' lang='grc' dir='ltr'><strong><em>δέον</em></strong></span> <span class='ocrx_word' id='word_1_111' title='bbox 244 1911 296 1978; x_wconf 85' lang='grc' dir='ltr'><strong><em>σολ</em></strong></span> <span class='ocrx_word' id='word_1_112' title='bbox 307 1906 369 1996; x_wconf 78' lang='grc' dir='ltr'><strong><em>τὴν</em></strong></span> <span class='ocrx_word' id='word_1_113' title='bbox 379 1915 603 1996; x_wconf 85' lang='grc' dir='ltr'><strong><em>κληρονομίαν</em></strong></span> <span class='ocrx_word' id='word_1_114' title='bbox 615 1914 824 1995; x_wconf 88' lang='grc' dir='ltr'><strong><em>παραδοῦναι</em></strong></span> <span class='ocrx_word' id='word_1_115' title='bbox 838 1917 905 1978; x_wconf 87' lang='grc' dir='ltr'><strong><em>τῶν</em></strong></span> <span class='ocrx_word' id='word_1_116' title='bbox 917 1907 1030 1978; x_wconf 83' lang='grc' dir='ltr'><strong><em>ὅπλων</em></strong></span> <span class='ocrx_word' id='word_1_117' title='bbox 1041 1931 1126 1998; x_wconf 75' lang='grc' dir='ltr'><strong><em>συγ·</em></strong></span> 
     </span>
     <span class='ocr_line' id='line_1_19' title="bbox 121 2005 1053 2094; baseline 0.001 -18"><span class='ocrx_word' id='word_1_118' title='bbox 121 2022 216 2093; x_wconf 87' lang='grc' dir='ltr'><strong><em>γενεῖ</em></strong></span> <span class='ocrx_word' id='word_1_119' title='bbox 226 2034 265 2094; x_wconf 83' lang='grc' dir='ltr'><strong><em>γε</em></strong></span> <span class='ocrx_word' id='word_1_120' title='bbox 279 2006 369 2092; x_wconf 85' lang='grc' dir='ltr'><strong><em>όντι,</em></strong></span> <span class='ocrx_word' id='word_1_121' title='bbox 386 2010 537 2094; x_wconf 84' lang='grc' dir='ltr'><strong><em>φέρουσα</em></strong></span> <span class='ocrx_word' id='word_1_122' title='bbox 552 2011 585 2086; x_wconf 84' lang='grc' dir='ltr'><strong><em>ἐς</em></strong></span> <span class='ocrx_word' id='word_1_123' title='bbox 600 2005 637 2076; x_wconf 85' lang='grc' dir='ltr'><strong><em>τό</em></strong></span> <span class='ocrx_word' id='word_1_124' title='bbox 655 2006 772 2075; x_wconf 84' lang='grc' dir='ltr'><strong><em>κοινόν</em></strong></span> <span class='ocrx_word' id='word_1_125' title='bbox 787 2012 945 2077; x_wconf 82' lang='grc' dir='ltr'><strong><em>κατέθετο</em></strong></span> <span class='ocrx_word' id='word_1_126' title='bbox 959 2008 1053 2078; x_wconf 84' lang='grc' dir='ltr'><strong><em>αὑτά.</em></strong></span> 
     </span>
    </p>

    <p class='ocr_par' dir='ltr' id='par_1_7' title="bbox 122 2102 1125 2289">
     <span class='ocr_line' id='line_1_20' title="bbox 205 2102 1125 2194; baseline 0.002 -21"><span class='ocrx_word' id='word_1_127' title='bbox 205 2113 328 2174; x_wconf 85' lang='grc' dir='ltr'><em>ΑΙΑΣ.</em></span> <span class='ocrx_word' id='word_1_128' title='bbox 365 2102 453 2189; x_wconf 86' lang='grc' dir='ltr'><strong><em>Οὔκ,</em></strong></span> <span class='ocrx_word' id='word_1_129' title='bbox 481 2102 564 2173; x_wconf 86' lang='grc' dir='ltr'><strong><em>ἀλλά</em></strong></span> <span class='ocrx_word' id='word_1_130' title='bbox 584 2103 644 2173; x_wconf 85' lang='grc' dir='ltr'><strong><em>τόν</em></strong></span> <span class='ocrx_word' id='word_1_131' title='bbox 662 2105 834 2192; x_wconf 84' lang='grc' dir='ltr'><strong><em>Ὀδυσσέα,</em></strong></span> <span class='ocrx_word' id='word_1_132' title='bbox 861 2103 898 2183; x_wconf 79' lang='grc' dir='ltr'><strong><em>ὃς</em></strong></span> <span class='ocrx_word' id='word_1_133' title='bbox 920 2104 1125 2194; x_wconf 81' lang='grc' dir='ltr'><strong><em>ἀντεποιήθη</em></strong></span> 
     </span>
     <span class='ocr_line' id='line_1_21' title="bbox 122 2229 234 2289; baseline 0 -18"><span class='ocrx_word' id='word_1_134' title='bbox 122 2229 234 2289; x_wconf 91' lang='grc' dir='ltr'><strong><em>μονος.</em></strong></span> 
     </span>
    </p>

    <p class='ocr_par' dir='ltr' id='par_1_8' title="bbox 120 2294 1125 2585">
     <span class='ocr_line' id='line_1_22' title="bbox 205 2294 1125 2388; baseline 0 -17"><span class='ocrx_word' id='word_1_135' title='bbox 205 2309 346 2371; x_wconf 90' lang='grc' dir='ltr'><em>ΑΓΑΜ.</em></span> <span class='ocrx_word' id='word_1_136' title='bbox 369 2303 575 2388; x_wconf 86' lang='grc' dir='ltr'><strong><em>Συγγνῶμη,</em></strong></span> <span class='ocrx_word' id='word_1_137' title='bbox 589 2294 730 2388; x_wconf 83' lang='grc' dir='ltr'><strong><em>ῶΑίαν,</em></strong></span> <span class='ocrx_word' id='word_1_138' title='bbox 748 2309 778 2371; x_wconf 86' lang='grc' dir='ltr'><strong><em>εί</em></strong></span> <span class='ocrx_word' id='word_1_139' title='bbox 791 2301 971 2387; x_wconf 80' lang='grc' dir='ltr'><strong><em>ἅνθρωπος</em></strong></span> <span class='ocrx_word' id='word_1_140' title='bbox 982 2299 1030 2370; x_wconf 83' lang='grc' dir='ltr'><strong><em>ῶν</em></strong></span> <span class='ocrx_word' id='word_1_141' title='bbox 1041 2299 1125 2387; x_wconf 83' lang='grc' dir='ltr'><strong><em>ἀρέ-</em></strong></span> 
     </span>
     <span class='ocr_line' id='line_1_23' title="bbox 120 2393 1124 2488; baseline -0.002 -20"><span class='ocrx_word' id='word_1_142' title='bbox 120 2411 186 2488; x_wconf 85' lang='grc' dir='ltr'><strong><em>χθη</em></strong></span> <span class='ocrx_word' id='word_1_143' title='bbox 201 2401 297 2486; x_wconf 81' lang='grc' dir='ltr'><strong><em>δόξης</em></strong></span> <span class='ocrx_word' id='word_1_144' title='bbox 315 2397 454 2487; x_wconf 78' lang='grc' dir='ltr'><strong><em>ἡδίστου</em></strong></span> <span class='ocrx_word' id='word_1_145' title='bbox 469 2400 677 2484; x_wconf 89' lang='grc' dir='ltr'><strong><em>πράγματος,</em></strong></span> <span class='ocrx_word' id='word_1_146' title='bbox 696 2396 779 2482; x_wconf 78' lang='grc' dir='ltr'><strong><em>ὑπὲρ</em></strong></span> <span class='ocrx_word' id='word_1_147' title='bbox 801 2393 843 2467; x_wconf 88' lang='grc' dir='ltr'><strong><em>οὑ</em></strong></span> <span class='ocrx_word' id='word_1_148' title='bbox 863 2404 917 2469; x_wconf 78' lang='grc' dir='ltr'><strong><em>καὶ</em></strong></span> <span class='ocrx_word' id='word_1_149' title='bbox 931 2398 1026 2487; x_wconf 84' lang='grc' dir='ltr'><strong><em>ἡμῶν</em></strong></span> <span class='ocrx_word' id='word_1_150' title='bbox 1046 2402 1124 2468; x_wconf 79' lang='grc' dir='ltr'><strong><em>ἕκα-</em></strong></span> 
     </span>
     <span class='ocr_line' id='line_1_24' title="bbox 123 2495 1124 2585; baseline 0 -19"><span class='ocrx_word' id='word_1_151' title='bbox 123 2521 199 2578; x_wconf 83' lang='grc' dir='ltr'><strong><em>στος</em></strong></span> <span class='ocrx_word' id='word_1_152' title='bbox 219 2497 401 2576; x_wconf 78' lang='grc' dir='ltr'><strong><em>κινδύνους</em></strong></span> <span class='ocrx_word' id='word_1_153' title='bbox 427 2495 608 2584; x_wconf 81' lang='grc' dir='ltr'><strong><em>ὑπέμενεν,</em></strong></span> <span class='ocrx_word' id='word_1_154' title='bbox 635 2498 706 2565; x_wconf 79' lang='grc' dir='ltr'><strong><em>ἐπεὶ</em></strong></span> <span class='ocrx_word' id='word_1_155' title='bbox 729 2499 783 2564; x_wconf 81' lang='grc' dir='ltr'><strong><em>καὶ</em></strong></span> <span class='ocrx_word' id='word_1_156' title='bbox 807 2499 967 2585; x_wconf 81' lang='grc' dir='ltr'><strong><em>ἐκράτησέ</em></strong></span> <span class='ocrx_word' id='word_1_157' title='bbox 986 2519 1048 2566; x_wconf 92' lang='grc' dir='ltr'><strong><em>σου</em></strong></span> <span class='ocrx_word' id='word_1_158' title='bbox 1069 2501 1124 2566; x_wconf 79' lang='grc' dir='ltr'><strong><em>καί</em></strong></span> 
     </span>
    </p>

    <p class='ocr_par' dir='ltr' id='par_1_9' title="bbox 53 2597 611 2678">
     <span class='ocr_line' id='line_1_25' title="bbox 53 2597 611 2678; baseline -0.005 -15"><span class='ocrx_word' id='word_1_159' title='bbox 53 2620 103 2671; x_wconf 69' lang='lat'><strong><em>450</em></strong></span> <span class='ocrx_word' id='word_1_160' title='bbox 120 2603 224 2663; x_wconf 82' lang='grc' dir='ltr'><strong><em>ταῦτα</em></strong></span> <span class='ocrx_word' id='word_1_161' title='bbox 239 2597 292 2664; x_wconf 75' lang='grc' dir='ltr'><strong><em>ἐπὶ</em></strong></span> <span class='ocrx_word' id='word_1_162' title='bbox 311 2598 421 2678; x_wconf 84' lang='grc' dir='ltr'><strong><em>Τρωσὶ</em></strong></span> <span class='ocrx_word' id='word_1_163' title='bbox 435 2599 611 2672; x_wconf 87' lang='grc' dir='ltr'><strong><em>δικασταῖς.</em></strong></span> 
     </span>
    </p>

    <p class='ocr_par' dir='ltr' id='par_1_10' title="bbox 119 2691 1123 3076">
     <span class='ocr_line' id='line_1_26' title="bbox 205 2691 1123 2780; baseline 0 -19"><span class='ocrx_word' id='word_1_164' title='bbox 205 2701 328 2763; x_wconf 86' lang='grc' dir='ltr'><em>ΑΙΑΣ.</em></span> <span class='ocrx_word' id='word_1_165' title='bbox 360 2691 443 2761; x_wconf 76' lang='grc' dir='ltr'><strong><em>Οἶδα</em></strong></span> <span class='ocrx_word' id='word_1_166' title='bbox 459 2693 540 2780; x_wconf 77' lang='grc' dir='ltr'><strong><em>ἐγῶ,</em></strong></span> <span class='ocrx_word' id='word_1_167' title='bbox 560 2692 631 2780; x_wconf 82' lang='grc' dir='ltr'><strong><em>ἥτις</em></strong></span> <span class='ocrx_word' id='word_1_168' title='bbox 648 2719 713 2780; x_wconf 87' lang='grc' dir='ltr'><strong><em>μου</em></strong></span> <span class='ocrx_word' id='word_1_169' title='bbox 733 2699 961 2762; x_wconf 85' lang='grc' dir='ltr'><strong><em>κατεδίκασεν·</em></strong></span> <span class='ocrx_word' id='word_1_170' title='bbox 991 2692 1123 2764; x_wconf 83' lang='grc' dir='ltr'><strong><em>ἀλλὀὐ</em></strong></span> 
     </span>
     <span class='ocr_line' id='line_1_27' title="bbox 119 2785 1121 2880; baseline -0.002 -18"><span class='ocrx_word' id='word_1_171' title='bbox 119 2795 217 2880; x_wconf 84' lang='grc' dir='ltr'><strong><em>θέμις</em></strong></span> <span class='ocrx_word' id='word_1_172' title='bbox 228 2795 338 2877; x_wconf 83' lang='grc' dir='ltr'><strong><em>λέγειν</em></strong></span> <span class='ocrx_word' id='word_1_173' title='bbox 352 2820 384 2860; x_wconf 94' lang='grc' dir='ltr'><strong><em>τι</em></strong></span> <span class='ocrx_word' id='word_1_174' title='bbox 399 2796 474 2876; x_wconf 77' lang='grc' dir='ltr'><strong><em>περὶ</em></strong></span> <span class='ocrx_word' id='word_1_175' title='bbox 491 2800 561 2858; x_wconf 89' lang='grc' dir='ltr'><strong><em>τῶν</em></strong></span> <span class='ocrx_word' id='word_1_176' title='bbox 572 2798 675 2859; x_wconf 86' lang='grc' dir='ltr'><strong><em>θεῶν.</em></strong></span> <span class='ocrx_word' id='word_1_177' title='bbox 698 2788 758 2858; x_wconf 83' lang='grc' dir='ltr'><strong><em>τόν</em></strong></span> <span class='ocrx_word' id='word_1_178' title='bbox 775 2791 805 2858; x_wconf 90' lang='grc' dir='ltr'><strong><em>δ’</em></strong></span> <span class='ocrx_word' id='word_1_179' title='bbox 822 2785 887 2861; x_wconf 88' lang='grc' dir='ltr'><strong><em>οὑν</em></strong></span> <span class='ocrx_word' id='word_1_180' title='bbox 904 2791 1062 2861; x_wconf 88' lang='grc' dir='ltr'><strong><em>Ὀδυσσέα</em></strong></span> <span class='ocrx_word' id='word_1_181' title='bbox 1076 2791 1121 2879; x_wconf 77' lang='grc' dir='ltr'><strong><em>μὴ</em></strong></span> 
     </span>
     <span class='ocr_line' id='line_1_28' title="bbox 120 2881 1121 2978; baseline -0.002 -18"><span class='ocrx_word' id='word_1_182' title='bbox 120 2890 192 2978; x_wconf 79' lang='grc' dir='ltr'><strong><em>οάχλ</em></strong></span> <span class='ocrx_word' id='word_1_183' title='bbox 203 2905 313 2977; x_wconf 89' lang='grc' dir='ltr'><strong><em>μισεῖν</em></strong></span> <span class='ocrx_word' id='word_1_184' title='bbox 324 2889 387 2958; x_wconf 83' lang='grc' dir='ltr'><strong><em>οὑκ</em></strong></span> <span class='ocrx_word' id='word_1_185' title='bbox 398 2886 441 2958; x_wconf 80' lang='grc' dir='ltr'><strong><em>ἀν</em></strong></span> <span class='ocrx_word' id='word_1_186' title='bbox 453 2895 627 2977; x_wconf 86' lang='grc' dir='ltr'><strong><em>δυναίμην,</em></strong></span> <span class='ocrx_word' id='word_1_187' title='bbox 645 2881 671 2955; x_wconf 85' lang='grc' dir='ltr'><strong><em>ῶ</em></strong></span> <span class='ocrx_word' id='word_1_188' title='bbox 686 2887 899 2976; x_wconf 85' lang='grc' dir='ltr'><strong><em>Ἀγάμεμνον,</em></strong></span> <span class='ocrx_word' id='word_1_189' title='bbox 912 2887 985 2958; x_wconf 79' lang='grc' dir='ltr'><strong><em>οὐδ’</em></strong></span> <span class='ocrx_word' id='word_1_190' title='bbox 1000 2896 1030 2958; x_wconf 90' lang='grc' dir='ltr'><strong><em>εί</em></strong></span> <span class='ocrx_word' id='word_1_191' title='bbox 1038 2889 1121 2976; x_wconf 76' lang='grc' dir='ltr'><strong><em>αὕτη</em></strong></span> 
     </span>
     <span class='ocr_line' id='line_1_29' title="bbox 119 2985 642 3076; baseline -0.01 -18"><span class='ocrx_word' id='word_1_192' title='bbox 119 3015 176 3076; x_wconf 90' lang='grc' dir='ltr'><strong><em>μοι</em></strong></span> <span class='ocrx_word' id='word_1_193' title='bbox 190 2985 210 3065; x_wconf 85' lang='grc' dir='ltr'><strong><em>ὑ</em></strong></span> <span class='ocrx_word' id='word_1_194' title='bbox 222 2985 349 3075; x_wconf 83' lang='grc' dir='ltr'><strong><em>Ἀθηνᾶ</em></strong></span> <span class='ocrx_word' id='word_1_195' title='bbox 364 2985 454 3056; x_wconf 85' lang='grc' dir='ltr'><strong><em>τοῦτ’</em></strong></span> <span class='ocrx_word' id='word_1_196' title='bbox 472 2988 642 3055; x_wconf 78' lang='grc' dir='ltr'><strong><em>ἐπιτάττοι.</em></strong></span> 
     </span>
    </p>
   </div>
   <div class='ocr_carea' id='block_1_3' title="bbox 513 3259 720 3271">
    <p class='ocr_par' dir='ltr' id='par_1_11' title="bbox 513 3259 720 3271">
     <span class='ocr_line' id='line_1_30' title="bbox 513 3259 720 3271; baseline 0 -4"><span class='ocrx_word' id='word_1_197' title='bbox 513 3259 720 3271; x_wconf 53' lang='lat' dir='ltr'><em>-e—-ae—</em></span> 
     </span>
    </p>
   </div>
   <div class='ocr_carea' id='block_1_4' title="bbox 0 0 1280 3825">
    <p class='ocr_par' dir='ltr' id='par_1_12' title="bbox 0 0 1280 3825">
     <span class='ocr_line' id='line_1_31' title="bbox 0 0 1280 3825; baseline 0 1"><span class='ocrx_word' id='word_1_198' title='bbox 0 0 1280 3825; x_wconf 95' lang='lat' dir='ltr'><strong><em> </em></strong></span> 
     </span>
    </p>
   </div>
  </div>
 </body>
</html>
