2550 3825
172 202 293 260 ΠΕΡΙ
312 202 413 261 ΤΩΝ
431 204 521 262 ΕΠΙ
539 202 707 261 ΜΙΣΘΩ
728 204 1017 264 ΣΥΝΟΝΤΩΝ.
1051 200 1114 264 313

2 435 4 456 ρ
111 366 268 444 κείμενος.
291 361 327 430 τό
346 359 377 429 δ’
395 359 493 447 ὅλον,
510 367 581 428 τίνα
596 357 728 427 άλλουὸ
743 361 880 445 μάταιος
891 365 1021 450 ἐμαυτῷ
1032 363 1114 449 βιά-

111 479 209 544 σομαι
224 467 300 547 βίον
314 459 374 529 τόν
385 461 533 544 παρόντα
545 465 665 526 τοῦτον
682 458 770 549 άλλφ
785 461 970 546 βεβιωκός;
997 466 1048 529 31.
1067 464 1114 527 ἔτι

68 601 71 610 1
111 580 174 625 σου
188 565 291 626 ταῦτα
307 561 577 644 διαλογιζομένου
591 555 609 623 ὁ
626 558 746 625 κόδων
761 555 877 644 ἤχησε,
902 563 956 626 καὶ
970 556 1031 644 χρὴ
1046 564 1114 625 τῶν

111 653 235 742 ὁμοίων
247 663 381 743 ἔχεσθαι
392 659 447 725 καὶ
457 670 665 742 περινοστεῖν
677 659 731 723 καὶ
743 657 876 724 ἑστάναι
885 655 1114 737 ὑπαλείψαντά

110 780 148 839 γε
167 755 331 839 πρότερον
351 752 429 833 τούς
444 761 620 841 βουβῶνας
642 752 774 832 καὶτὰς
794 755 929 841 ίγνάας,
955 761 984 822 εί
1004 757 1115 830 θέλεις

111 855 280 936 διαρκέσαι
300 849 383 934 πρός
402 850 463 920 τόν
483 845 609 920 άθλον·
642 850 710 920 είτα
727 857 863 920 δεῖπνον
877 850 997 938 ὅμοιον
1011 853 1065 919 καί
1082 852 1114 927 ἐς

110 946 170 1034 την
193 946 297 1035 αὐτὴν
322 947 414 1035 ὤραν
433 954 673 1037 περιηγμένον,
700 957 759 1018 καί
777 970 831 1017 σοι
852 949 969 1037 τάπης
989 953 1114 1034 διαίτης

110 1043 193 1128 πρός
210 1044 270 1114 τόν
285 1048 386 1116 πάλαι
401 1053 477 1134 βίον
494 1047 698 1134 άυτίστροφα
711 1051 764 1116 καί
785 1046 806 1134 ἡ
823 1046 991 1133 ἀγρυπνία
1008 1047 1114 1114 δὲκαὶ

110 1142 127 1210 ὁ
142 1142 241 1231 ίδράς
255 1149 309 1214 καὶ
324 1144 340 1213 ὁ
360 1147 505 1232 κάματος
513 1144 620 1232 ἠρέμα
631 1146 695 1233 ἤδη
707 1139 984 1229 ὑπορύττουσινῆ
997 1141 1113 1228 φθόην

109 1239 129 1328 ἢ
144 1250 427 1330 περιπνευμονίαν
443 1241 465 1331 ἢ
487 1247 598 1313 κεόλου
613 1241 780 1332 άλγημαῆ
800 1243 863 1329 τὴν
883 1241 989 1329 καλὴν
1006 1242 1113 1310 ποδά-

109 1367 195 1426 γραν
205 1339 477 1422 ἀναπλάττοντες.
500 1339 645 1428 άντέχεις
656 1347 692 1411 δὲ
703 1342 803 1430 ὅμως,
814 1345 870 1410 καλ
880 1341 1039 1418 πολλάκις
1051 1366 1113 1406 κα-

108 1448 281 1506 τακεῖσθαι
297 1442 391 1525 δέον,
416 1437 496 1509 οὐδὲ
510 1447 609 1507 τοῦτο
624 1440 885 1525 συγκεχώρηται·
914 1445 1033 1524 σκῆψις
1047 1433 1113 1522 γάρ

108 1533 127 1621 ἡ
139 1535 238 1613 νόσος
252 1540 306 1605 καὶ
317 1535 409 1624 φυγὴ
420 1546 487 1605 τῶν
498 1539 719 1623 καθηκόντων
729 1543 850 1617 ἔδοξεν.
867 1533 947 1603 ὥστ’
959 1541 992 1614 έξ
1003 1532 1111 1602 άπάν-
1129 1552 1178 1606 δλλ

109 1659 176 1700 των
198 1631 302 1718 ὠχρός
324 1633 374 1704 άελ
401 1637 455 1704 καί
481 1635 563 1704 ὅσον
585 1635 717 1704 οὐδέπω
741 1636 972 1722 τεθνηξομένῳ
994 1638 1110 1708 ἔοικας.

109 1735 159 1797 32.
181 1731 235 1798 καὶ
247 1730 288 1797 τά
303 1731 364 1817 μέν
379 1735 416 1800 έν
429 1739 469 1820 τῇ
485 1734 580 1801 πόλει
595 1741 708 1800 ταῦτα.
731 1729 774 1819 ἢν
786 1735 824 1800 δέ
837 1757 905 1799 που
919 1733 974 1798 καὶ
985 1727 1113 1813 ἀποδη-

108 1835 208 1912 μῆσαι
225 1831 296 1917 δέη,
311 1827 351 1896 τά
367 1833 429 1917 μέν
444 1829 527 1898 ἄλλα
539 1833 597 1897 έολ·
621 1829 741 1909 ὕοντος
754 1830 790 1898 δὲ
804 1829 963 1905 πολλάκις
973 1824 1112 1901 ὕστατος

109 1926 221 1994 έλθων
236 1936 420 1995 -τοιοῦτο
437 1930 502 2013 γάρ
523 1952 577 1997 σοι
598 1928 869 2017 άποκεκληρωται
884 1968 927 1978 -
940 1925 977 1995 τό
1000 1932 1112 2010 ζεῦγος

108 2027 309 2109 περιμένεις,
325 2023 391 2092 ἔστ’
406 2021 449 2092 άν
459 2024 568 2093 οὐκέτ’
583 2026 685 2113 οὔσης
699 2035 890 2113 καταγωγῆς
904 2033 950 2114 τῷ
966 2030 1111 2110 μαγείρῳ

109 2142 145 2188 σε
164 2118 186 2205 ἦ
206 2130 251 2212 τῷ
264 2130 321 2207 τῆς
337 2126 511 2208 δεσποίνης
529 2134 686 2209 κομμωτῇ
709 2123 1016 2209 συμπαραβύσωσιν
1032 2117 1112 2186 οὐδὲ

108 2225 175 2285 τῶν
192 2220 377 2304 φρυγάνων
398 2224 544 2299 δαψιλῶς
564 2219 797 2309 ὑποβαλόντες.
821 2228 871 2288 33.
891 2217 953 2285 οὐκ
970 2216 1059 2283 ὀκνοῖ
1076 2216 1114 2281 δι’

109 2340 162 2383 σοι
179 2320 233 2385 καὶ
249 2318 472 2402 διηγήσασθαι
487 2316 507 2383 ὅ
520 2345 576 2404 μοι
591 2320 800 2403 Θεσμόπολις
813 2309 910 2393 οὗτος
926 2312 944 2382 ὁ
961 2310 1113 2389 Στωικός

109 2417 289 2502 διηγήσατο
311 2414 442 2502 ξυμβάν
462 2414 552 2504 αὐτῷ
574 2418 666 2483 πάνυ
687 2426 818 2502 γελοίου
837 2418 891 2483 καὶ
912 2412 954 2500 νὴ
969 2410 1028 2480 Δί’
1051 2407 1112 2477 οὐκ

109 2511 323 2598 ἀνέλπιστον,
337 2509 380 2591 ὡς
391 2510 434 2580 άν
447 2517 500 2582 καὶ
512 2512 600 2605 άλλη]
613 2513 736 2583 ταύτὸν
746 2522 908 2601 συμβαίη·
931 2518 1039 2596 συνῆν
1051 2510 1112 2596 μέν

108 2610 173 2697 γάρ
187 2618 330 2701 πλουσίᾳ
344 2615 409 2680 τινὶ
419 2616 474 2681 καί
484 2614 646 2703 τρυφόση
661 2616 796 2699 γυναικί
808 2621 876 2681 τῶν
887 2615 1061 2697 ἐπιφανῶν
1074 2610 1112 2675 έν

110 2718 147 2799 τῇ
164 2711 277 2778 πόλει·
300 2715 423 2797 δεῆσαν
440 2716 544 2781 δὲκαὶ
566 2712 778 2799 ἀποδημῆσαί
792 2736 870 2777 ποτε
890 2707 927 2777 τό
942 2710 1004 2794 μὲν
1018 2712 1111 2790 πρω-

107 2834 166 2875 τον
181 2812 287 2877 έκεῖνο
299 2819 422 2877 παθεῖν
440 2815 503 2895 ἔφη
514 2812 740 2895 γελοιότατον,
756 2814 1018 2894 σνγκαθιζεσθαι
1030 2809 1107 2886 παρ’

109 2906 197 2997 αὐτῷ
219 2908 470 2992 παραδεδόσθαι
489 2910 665 3000 φιλοσόφῳ
686 2908 758 2978 όντι
778 2908 930 2976 κίναιδόν
946 2932 1020 2973 τινα
1043 2909 1111 2969 τῶν

109 3009 364 3091 πεπιττωμένων
383 3003 423 3073 τά
444 3010 543 3092 σκέλη
559 3011 614 3075 καὶ
630 3006 690 3075 τόν
710 3008 855 3091 πώγωνα
875 3002 1111 3090 περιεξυρημέ-

109 3128 195 3170 νων·
224 3101 279 3171 διά
294 3111 388 3190 τιμῆς
402 3101 433 3171 δ’
451 3102 555 3172 αὐτόν
570 3109 695 3191 έκείνη,
717 3103 761 3183 ὡς
775 3103 812 3171 τό
828 3104 930 3188 είκός,
942 3146 946 3152 ⁴
956 3097 1033 3188 ἦγε,
1057 3102 1111 3168 καὶ

107 3201 255 3290 τοῦνομα
269 3203 305 3272 δὲ
317 3212 377 3271 τοῦ
388 3209 540 3273 κιναίδου
551 3202 821 3289 άπεμνημόνευε,
836 3200 1034 3270 Χελιδόνιον
1045 3197 1110 3284 γάρ

106 3310 289 3371 καλεῖσθαι.
312 3311 409 3371 τοῦτο
425 3311 541 3371 τοίνυν
552 3309 686 3386 πρῶτον
695 3299 828 3387 ἡλίκον,
846 3305 1036 3387 σκυθρωπῷ
1053 3300 1108 3364 καὶ
1126 3308 1178 3361 692

105 3402 237 3483 γέροντι
248 3399 345 3485 άνδρὶ
357 3404 412 3469 καὶ
423 3409 527 3492 πολιῷ
538 3400 574 3468 τό
588 3404 718 3486 γένειον
730 3439 768 3451 -
782 3398 882 3466 οἶσθα
893 3402 929 3464 δὲ
941 3394 984 3475 ως
994 3392 1109 3481 βυθόν
