2550 3825
171 163 233 226 122
523 162 824 221 AOYKIANOY'

252 331 384 394 ΠΡΩΤ.
407 319 461 390 Σύ
473 324 512 389 δέ
520 346 592 407 μοι,
603 325 772 405 Μενέλαε,
785 323 892 395 δοκείς
904 314 982 385 οῦδὲ
993 315 1169 384 πολύπουν

146 435 149 440 ’
170 424 348 503 ἑωρακέναι
364 418 495 487 πύποτε
509 414 588 485 οῦδὲ
604 414 624 484 ὃ
639 418 755 502 πάσχει
776 414 793 483 ὁ
810 422 908 501 ἰχθυς
925 407 1022 493 ούτος
1037 418 1167 483 εἰδέναι.

253 525 364 588 ΜΕΝ.
385 515 480 585 Ἀλλά
496 513 631 602 τὸνμὲν
644 515 819 582 πολύπουν
836 511 941 599 εἶδον,
957 511 979 580 ά
993 512 1109 598 πάσχει
1121 514 1168 600 δέ,

168 613 272 701 ήδέως
287 610 331 681 άυ
346 615 488 700 μάθοιμι
502 611 591 699 παρά
608 618 680 678 σοῦ.

252 719 282 780 3.
302 717 435 779 Hm.
453 707 568 799 Ὁποίᾳ
579 705 622 777 άν
637 710 739 798 πέτρᾳ
753 706 953 795 προσελθων
967 705 1096 797 άρμόση
1110 706 1167 789 τάς

168 808 309 887 κοτύλας
319 809 373 876 καὶ
384 804 537 893 προσφὺς
548 812 658 892 ἔχηται
669 803 763 890 [κατά
775 803 833 884 τάς
843 804 1049 890 πλεκτάνας],
1058 806 1170 894 ἐκείνη

102 924 152 981 500
171 903 288 991 ὅμοιον
299 901 512 990 ἀπεργάζεται
523 902 643 972 ἑαυτὸν
654 906 708 971 καί
719 904 914 990 μεταβάλλει
926 901 987 990 τήν
997 903 1101 989 χρόαν
1112 929 1171 989 μι-
1241 923 1246 930 ·

169 1002 335 1087 μούμενος
349 999 411 1086 τήν
425 1005 566 1088 πέτραν,
583 998 627 1079 ὥς
638 996 682 1069 άν
697 1002 788 1090 λάθη
800 998 879 1080 τούς
889 999 1000 1081 ἁλιέας
1014 999 1059 1088 μή
1074 1005 1171 1068 διαλ-

169 1099 296 1168 λάττων
306 1097 388 1185 μηδὲ
400 1097 544 1185 φανερὸς
556 1095 604 1166 οῦν
616 1097 671 1168 διά
679 1106 788 1185 τοῦτο,
798 1096 881 1167 άλλά
890 1098 1004 1178 ἐοικοδς
1014 1106 1060 1189 τῷ
1070 1106 1168 1189 λίθω.

252 1204 363 1265 ΜΕΝ.
386 1199 472 1264 Φασὶ
485 1204 603 1265 ταῦτα·
631 1196 668 1266 τὰ
686 1202 722 1265 δέ
743 1195 805 1264 σδν
820 1204 932 1289 πολλῷ
946 1198 1170 1285 παραδοξότε-

170 1321 247 1382 ρον,
266 1289 293 1364 ύ
307 1303 456 1380 Πρωτεῦ.

253 1398 385 1461 Hm.
416 1391 488 1460 Ούιι
510 1392 599 1478 οἶδα,
626 1386 654 1460 ά
669 1397 839 1478 Μενέλαε,
862 1399 928 1461 τίνι
944 1389 988 1462 άν
1007 1392 1096 1484 άλλφ
1111 1415 1169 1459 πι-

170 1492 340 1569 στεύσειας
355 1506 422 1568 τοῖς
438 1493 557 1559 ἑαυτοῦ
573 1489 761 1578 ὀφθαλμοῖς
775 1489 932 1559 ἀπιστῶν.

253 1595 365 1658 ΜΕΝ.
393 1587 510 1655 Εἶδον·
530 1587 612 1658 άλλά
627 1587 664 1658 τό
680 1596 815 1676 πρᾶγμα
828 1590 1018 1677 τεράστιον,
1039 1586 1171 1670 ὁαύτός

169 1692 237 1767 πῦρ
252 1689 308 1753 καὶ
323 1684 424 1767 ὕδωρ.

565 1834 770 1844 --..

655 1943 683 2003 5.

363 2051 604 2105 ΠΑΝΟΠΗΣ
629 2056 711 2107 ΚΑΙ
737 2058 978 2116 ΓΑΛΗΝΗΣ.

254 2193 281 2255 l.
308 2194 415 2256 ΠΑΝ.
443 2184 556 2273 Εἶδες,
578 2180 605 2253 d
625 2186 775 2275 Γαλήνη,
797 2192 877 2275 χθὲς
898 2188 951 2259 οἷα
970 2195 1124 2280 ἐποίησεν
1142 2191 1163 2277 ἡ

167 2285 257 2373 Ἔρις
278 2283 367 2371 παρά
388 2283 424 2352 τὰ
441 2290 578 2353 δείπνου
598 2288 635 2353 ἐν
650 2294 823 2377 Θετταλία,
845 2289 928 2357 διότι
949 2288 993 2376 μή
1014 2293 1069 2358 καὶ
1084 2288 1166 2378 αύτή

169 2385 295 2470 ἐκλήθη
311 2386 343 2462 ἐς
358 2380 395 2451 τύ
412 2384 614 2469 συμπόσιον;

252 2488 352 2550 ΓΛΛ.
378 2479 429 2549 ov}
444 2482 683 2569 ξυνειστιώμην
696 2480 777 2568 ύμῖν
793 2488 912 2569 ἔγωγε·
934 2482 951 2551 ὁ
966 2481 1032 2571 γάρ
1046 2481 1172 2554 Ποσει-

170 2588 239 2650 δῦν
260 2582 414 2648 ἐκέλευσέ
432 2607 487 2667 με,
517 2574 719 2667 άΠανόπη,
750 2580 942 2668 άκύμαυτον
964 2585 1001 2650 ἐν
1021 2583 1171 2675 τοσούτφ

170 2678 349 2765 φυλάττειν
369 2674 405 2744 τό
430 2681 579 2764 πέλαγος.
612 2686 647 2747 τί
665 2677 698 2745 δ’
721 2670 784 2744 ούν
807 2681 959 2766 ἐποίησεν
980 2678 1103 2769 ήἝρις
1123 2680 1170 2768 μῦ

170 2782 341 2862 παρούσας

252 2881 359 2941 ΠΑΝ.
383 2870 427 2940 Ἡ
437 2876 529 2953 Θέτις
550 2874 611 2960 μέν
624 2872 687 2959 ἤδη
709 2877 763 2941 καὶ
780 2871 799 2941 ὁ
814 2873 946 2962 Πηλεύς
960 2873 1173 2962 ἀπεληλύθε-

170 2994 233 3037 σαν
249 2973 281 3048 ές
299 2966 357 3036 τὸν
374 2969 530 3057 θάλαμον
544 2969 610 3039 ύπὸ
625 2978 683 3057 τῆς
693 2968 903 3059 Ἀμφιτρίτης
914 2976 1039 3042 καὶτοῦ
1046 2983 1174 3043 Ποσει-

171 3073 277 3147 δῶνος
292 3071 607 3155 παραπεμφθέντες,
623 3068 739 3156 ήἝρις
753 3074 789 3137 δὲ
804 3074 841 3138 έν
854 3072 1002 3163 τοσούτῳ
1017 3080 1173 3141 λαθοῦσα

101 3191 149 3245 301
169 3166 347 3243 πάντας-
357 3167 506 3253 ἐδυνήθη
519 3169 555 3235 δὲ
570 3170 708 3257 ῥᾳδίως,
725 3176 792 3235 τῶν
803 3171 865 3257 μέν
876 3170 1055 3257 πινόντων,
1071 3173 1173 3238 ἐνίων

170 3264 206 3333 δὲ
221 3262 432 3350 κροτούντων
445 3261 467 3351 ή
481 3272 526 3355 τῷ
540 3266 722 3334 Ἀπόλλωνι
733 3273 937 3352 κνθαριῖοντι
952 3263 975 3354 ἢ
989 3282 1059 3346 ταῖς
1068 3269 1173 3335 Μού-

169 3389 243 3447 σαις
258 3362 416 3449 ᾀδούσαις
436 3368 668 3454 προσεχόντων
683 3365 743 3435 τὰν
753 3374 845 3435 νοῦν
857 3407 901 3421 -
914 3370 1071 3454 ἐνέβαλεν
1085 3371 1118 3448 ἐς
1132 3370 1172 3436 τὸ
