2550 3825
153 163 214 225 124
523 170 829 229 ΛΟΤΚΙΑΝΟΤ

151 327 266 393 δάσκει
281 328 335 393 καὶ
345 330 464 412 πέμπει
476 325 568 410 ύδωρ
581 353 617 395 τε
628 325 836 414 ἀρυσομένας
849 332 904 398 καὶ
918 327 1002 417 πρὸς
1015 325 1054 396 τά
1068 327 1151 397 ἀλλα

150 423 302 490 παιδεύει
317 421 462 503 ἀόκνους
476 423 560 492 εἶναι
575 423 686 504 αὑτάς.

235 526 263 588 2.
286 531 390 591 ΠΟΣ.
412 525 514 611 Μόνη
536 524 572 591 δὲ
594 531 811 610 παραγίνεται
830 522 963 612 μακράν
984 523 1072 593 οὕτω
1090 522 1151 610 τήν

151 616 233 686 ὁδόν
250 620 433 709 έξἌργους
449 625 482 702 ἐς
496 626 645 705 Λέρνανς

237 726 347 788 ΤΡΙΤ.
370 721 489 810 Μόνη·
512 727 713 802 πολυδίψιον
728 725 764 790 δὲ
778 721 815 789 τό
825 721 961 810 Ἄργος,
979 720 1022 800 ὡς
1036 719 1150 789 οἶσθα·

153 814 236 884 ύστε
251 815 381 904 ἀνάγκη
397 817 448 887 ἀεὶ
462 818 676 907 ὑδροφορεῖν.

234 922 340 984 ΠΟΣ.
358 909 397 984 Ὦ
414 923 558 1004 Τρίτων,
575 917 616 987 οῦ
630 927 769 1006 μετρίως
783 920 975 1005 διετάραξάς
989 945 1029 1005 με
1049 915 1152 985 είπύν

151 1011 191 1080 τά
207 1017 282 1096 περὶ
297 1022 354 1100 τῆς
366 1016 499 1095 παιδός·
523 1015 607 1084 ὥστε
622 1028 726 1105 ἴωμεν
742 1016 794 1086 ἐπ’
810 1017 924 1104 αὑτήν.

238 1119 349 1181 ΤΡΙΤ.
369 1110 504 1200 Ἴωμεν·
533 1113 595 1202 ήδη
617 1125 704 1202 γοῦν
718 1115 834 1202 καιρός
854 1127 911 1204 τῆς
930 1116 1150 1203 ὑδροφορίας·

152 1213 206 1278 καὶ
220 1211 338 1296 σχεδόν
352 1235 419 1279 που
434 1211 515 1280 κατά
532 1219 636 1300 μέσην
651 1213 714 1302 τήν
730 1213 812 1283 ὁδόν
826 1219 915 1283 ἐστιν
929 1222 1026 1283 ἰοῦσα
1043 1217 1077 1293 ἐς
1090 1212 1152 1300 τήν
1167 1296 1170 1302 ¹

151 1312 293 1396 Λέρναν.

234 1415 338 1476 ΠΟΣ.
361 1407 498 1479 Οὐκοῦν
509 1418 621 1493 ζεῦξον
632 1411 670 1481 τό
686 1413 791 1501 ἅρμα·
810 1410 941 1500 ήτοῦτο
952 1415 1014 1500 μὲν
1024 1408 1152 1496 πολλήν

151 1512 215 1593 έηει
231 1504 293 1594 τήν
315 1507 489 1597 διατριβήν
503 1508 646 1597 ὑπάγειν
666 1514 744 1590 τοῦς
763 1515 887 1589 ἵππους
902 1520 942 1599 τῇ
958 1511 1076 1598 ζεύγλη
1097 1513 1152 1577 καὶ

150 1603 187 1673 τό
204 1604 294 1693 άρμα
309 1609 550 1693 ἐπισκευάζειν,
568 1608 611 1677 σύ
623 1610 659 1679 δὲ
674 1607 758 1678 ἀλλά
773 1611 912 1696 δελφῖνά
926 1617 985 1695 μοί
995 1636 1071 1677 τινα
1083 1616 1150 1675 τῶν

153 1701 264 1772 ὠκέων
276 1705 504 1792 παράστησον·
519 1709 746 1794 ἐφιππάσομαι
757 1707 821 1795 γάρ
833 1704 879 1776 ἐπ’
892 1707 997 1776 αὑτοῦ
1007 1709 1149 1794 τάχιστα.

83 1816 134 1868 304
239 1811 313 1871 ΤΡΙ
314 1811 349 1870 Τ.
367 1801 453 1872 Ἰδού
468 1823 521 1872 σοι
536 1802 649 1874 οὑτοσὶ
664 1812 831 1893 δελφίνων
846 1806 863 1875 ὁ
881 1804 1054 1884 ὠκύτατος.

234 1910 339 1971 ΠΟΣ.
362 1896 415 1972 Εύ
428 1930 482 1990 γε·
506 1902 762 1992 ἀπελαύνωμεν·
786 1904 829 1974 σύ
845 1908 881 1975 δὲ
895 1905 1106 1993 παρανήχου,
1124 1897 1151 1971 ύ

155 2009 292 2087 Τρίτων.
312 2000 453 2089 κάπειδή
467 2004 637 2090 πάρεσμεν
651 2008 684 2083 ές
698 2004 760 2092 τήν
773 2010 922 2093 Λέρναν,
937 2003 1000 2091 έγύ
1015 2004 1077 2091 μὲν
1093 2013 1154 2071 λυ·

150 2100 240 2189 χήσω
265 2103 413 2171 ἐνταῦθά
434 2126 517 2189 που,
543 2100 586 2170 σύ
611 2105 648 2171 δὲ
669 2102 870 2173 ἀποσκόπει·
902 2102 1027 2172 ὁπόταν
1048 2113 1152 2190 αίσθη

151 2209 357 2288 προσιοῦσαν
372 2200 478 2287 αύτήν
490 2242 533 2252 -

238 2308 348 2369 ΤΡΙΤ.
373 2299 467 2386 Αὕτη
482 2320 535 2368 σοι
549 2308 698 2385 πλησίον.

235 2407 264 2468 3.
286 2408 391 2468 ΠΟΣ.
414 2400 525 2486 Καλή,
548 2393 575 2467 ιδ
600 2407 744 2486 Τρίτων,
766 2405 821 2468 καὶ
842 2397 946 2483 ὡραία
966 2401 1150 2485 παρθένος·

152 2496 235 2567 ἀλλά
252 2503 439 2584 συλληπτέα
452 2497 532 2586 ἡμῖν
547 2502 646 2567 ἐστιν.

234 2605 316 2664 ΑΜ.
329 2595 527 2683 Ἄνθρωπε,
548 2612 607 2665 ποί
620 2625 661 2684 με
676 2595 888 2678 ξυναρπάσας
902 2594 1009 2681 άγεις;
1026 2594 1152 2681 ἀνδρα-

152 2692 307 2780 ποδιστής
319 2692 362 2779 εί,
374 2697 429 2762 καὶ
438 2700 545 2774 ἔοικας
556 2693 635 2782 ἡμῖν
646 2691 705 2762 ὑπ’
719 2694 893 2779 Αἰγύπτου
904 2702 965 2760 τοῦ
972 2700 1070 2761 θείου
1082 2696 1150 2761 ἐπι-

152 2798 363 2877 πεμφθῆναι·
388 2790 471 2858 όίστε
485 2793 649 2879 βοήσομαι
663 2790 723 2859 τόν
739 2795 873 2876 πατέρα.

238 2896 313 2957 TPI
314 2896 350 2955 T.
373 2888 571 2976 Σιεόκησον,
590 2882 617 2957 ά
627 2889 819 2976 Ἀμυμώνη·
842 2893 1017 2956 Ποσειδῶν
1031 2890 1108 2955 ἐστι.

234 2993 315 3053 AM.
341 2994 384 3055 Τί
393 2993 566 3055 Ποσειδῶν
579 2989 695 3074 λέγεις;
718 2993 753 3055 τί
763 2988 859 3075 βιάζη
870 3013 927 3073 με,
943 2980 1151 3072 ύάνθρωπε,

151 3086 205 3151 καὶ
220 3086 253 3163 ἐς
270 3081 332 3171 τήν
345 3086 517 3153 θάλατταν
536 3090 727 3167 καθέλκεις;
755 3083 819 3172 ἐγώ
835 3086 871 3153 δὲ
885 3082 1152 3169 ἀποπνιγήσομαι

150 3178 172 3267 ἡ
188 3178 290 3250 ἀθλία
304 3187 483 3251 καταδῦσα.

235 3284 340 3346 ΠΟΣ.
364 3280 504 3366 Θάρρει,
527 3278 627 3348 οὐδὲν
650 3279 763 3347 δεινόν
779 3277 824 3366 μή
841 3278 969 3366 πάθης·
997 3275 1153 3346 ἀλλὰκαὶ

83 3391 134 3445 305
151 3374 263 3464 πηγήν
277 3378 456 3465 ἐπάνυμόν
470 3398 523 3445 σοι
533 3374 743 3465 ἀναδοθῆναι
753 3377 839 3445 ἐάσω
851 3379 999 3444 ἐνταῦθα
1009 3375 1153 3454 πατάξας
