2550 3825
444 150 772 211 ΠΡΟΜΗΘΕΤΣ.
1071 146 1112 210 67

116 308 172 375 τόν
183 306 351 376 δάκτυλον
361 315 422 377 τοῦ
431 312 542 395 ζωμοῦ
553 336 583 376 τι
594 309 867 397 περιελιχμήσατο
874 306 900 397 ἢ
911 309 1114 397 ὀπτωμένων

115 402 308 485 ἀποσπάσας
323 432 355 473 τι
369 406 647 495 κατεβρόχθισεν,
670 404 754 475 ἀλλὰ
770 409 973 495 συγγνώμην
987 406 1113 477 ἀπονέ-

114 524 233 591 μονσιν
246 504 373 585 αὐτοῖς·
394 511 425 574 εί
439 508 476 574 δὲ
492 510 546 575 καὶ
560 508 653 575 πάνυ
667 504 874 595 ὀργισθεῖεν,
888 506 911 594 ἢ
925 510 1112 588 κονδύλους

114 599 366 690 ἐνετρίψαντοή
391 603 475 672 κατὰ
494 604 619 692 κόρρης
632 608 815 692 ἐπάταξαν,
841 604 1109 694 ἀνεσκολοπίσθη
1130 620 1179 676 194

114 700 147 769 δέ
167 698 277 779 ούδεὶς
298 701 373 786 παρ’
391 701 504 782 αὐτοῖς
523 710 592 770 τών
606 705 811 790 τηλικούτων
825 707 931 772 ἕνεκα.
966 705 1110 791 καὶπερὶ

8 798 9 849 ³
113 797 172 883 μὲν
184 805 252 865 τών
260 806 370 882 κρεών
381 808 536 886 τοσαῦτα,
549 798 669 885 αίσχρά
676 800 738 886 μὲν
747 800 845 886 κάμοὶ
858 798 1109 887 ἀπολογεῖσθαι,

112 892 196 962 πολύ
213 896 249 964 δὲ
263 902 377 982 αἰσχίω
392 912 588 983 κατηγορεῖν
603 901 727 988 ἐκείνῳ.
752 905 801 965 ll.
817 902 893 985 περὶ
907 903 944 966 δὲ
955 907 1013 986 τῆς
1024 908 1090 965 πλα

113 999 222 1078 στικῆς
248 996 303 1061 καὶ
330 993 382 1062 ὅτι
401 993 480 1073 τούς
503 994 709 1083 ἀνθρώπους
732 999 886 1084 ἐποίησα,
913 994 1031 1084 καιρὸς
1044 995 1107 1084 ήδη

7 1098 10 1185 f
112 1092 226 1175 λέγειν.
251 1101 348 1160 τοῦτο
363 1096 416 1178 δέ,
439 1085 596 1180 ώἙρμῆ,
612 1092 726 1179 διττὴν
736 1099 812 1179 ἐχον
823 1093 885 1181 τήν
894 1102 1108 1181 κατηγορίαν,

7 1200 8 1205 ’
112 1186 172 1256 ούα
193 1187 266 1257 οἶδα
286 1188 362 1260 καθ’
381 1190 545 1276 ὁπότερον
559 1196 714 1261 αἰτιᾶσθέ
726 1220 809 1279 μου,
830 1194 954 1276 πότερα
970 1192 1015 1272 ὡς
1028 1192 1109 1261 ούδέ

112 1286 195 1368 ὅλως
216 1292 315 1377 ἐχρῆν
335 1289 414 1371 τούς
434 1290 640 1379 ἀνθρώπους
658 1295 850 1378 γεγονέναι,
871 1290 945 1360 ἀλλ’
967 1292 1108 1378 ἀμεινον

7 1412 8 1415 ’
113 1381 151 1476 ἦν
171 1388 324 1477 ἀτρεμεῖν
341 1390 464 1472 αύτούς
480 1401 544 1480 γῆν
560 1394 669 1470 ἄλλως
685 1390 799 1476 ὄντας,
815 1387 838 1478 ἢ
854 1388 898 1469 ὡς
913 1392 1106 1460 πεπλάσθαι

109 1488 170 1573 μὲν
192 1490 307 1575 ἐχρῆν,
329 1489 432 1559 ἀλλον
453 1494 493 1558 δε’
510 1516 585 1558 τινα
600 1494 654 1557 καὶ
669 1487 713 1576 μή
730 1495 852 1556 τοῦτον
864 1491 1106 1574 ἐσχηματίσθαι

111 1584 169 1653 τόν
188 1588 330 1673 τρόπον;
352 1588 417 1675 ἐγώ
439 1590 475 1657 δέ
494 1588 583 1675 ὅμως
598 1586 683 1672 ὑπὲρ
699 1586 826 1673 ἀμφοῖν
841 1589 922 1673 ἐρῶ·
943 1590 999 1654 καὶ
1014 1594 1108 1673 πρώ-

108 1683 236 1771 τόνγε,
269 1683 314 1767 ὦς
328 1684 466 1774 οὐδεμία
481 1701 548 1765 τοῖς
561 1696 655 1763 θεοῖς
669 1681 734 1751 ἀπδ
750 1685 873 1751 τούτου
890 1682 997 1770 βλάβη
1012 1686 1108 1770 γεγά-

108 1808 221 1869 νηται,
242 1792 311 1852 τών
331 1783 526 1872 ἀνθρώπων
547 1787 580 1863 ἐς
595 1782 657 1851 τόν
672 1789 748 1871 βίον
762 1785 1013 1868 παραχθέντων,
1033 1806 1108 1849 πει-

110 1880 254 1968 ρύσομαι
269 1883 453 1952 δεικνύειν·
486 1889 598 1952 ἔπειτα
615 1884 668 1968 δέ,
692 1879 737 1960 ώς
750 1883 804 1949 καὶ
822 1881 1037 1967 συμφέροντα
1051 1880 1108 1948 καὶ
1185 1935 1188 1940 .

107 1974 232 2064 ἀμείνω
252 1978 365 2060 αὐτοῖς
384 1980 468 2050 αύτά
489 1979 579 2068 παρὰ
600 1979 687 2049 πολύ
702 1976 725 2067 ἢ
740 1986 770 2048 εί
783 1979 911 2066 ἐρήμην
926 1981 982 2047 καὶ
997 1977 1107 2046 ἀπάν-

106 2083 250 2158 θρωπον
264 2081 442 2168 συνέβαινε
456 2078 519 2167 τήν
531 2087 595 2166 γῆν
607 2083 730 2165 μένειν.
753 2083 803 2146 12.
816 2072 860 2163 ἦν
874 2085 993 2146 τοίνυν
1003 2079 1107 2144 πάλαι

110 2213 147 2224 -
164 2175 249 2262 ῥᾷον
270 2173 336 2262 γάρ
359 2176 447 2244 οὕτω
462 2181 517 2245 καί
531 2181 634 2262 δῆλον
649 2173 694 2243 ἀν
707 2178 855 2262 γίνοιτο,
876 2185 909 2242 εί
919 2202 951 2242 τι
963 2172 1106 2259 ήδίκηκα

105 2269 171 2358 ἐγώ
192 2277 443 2362 μετακοσμήσας
463 2273 595 2361 ιδπερὶ
611 2271 691 2352 τούς
705 2272 909 2359 ἀνθρώπους
928 2312 966 2323 -
980 2266 1023 2357 ήν
1039 2265 1104 2337 οὖν

105 2369 141 2437 τδ
159 2381 258 2440 θεῖον
268 2374 376 2460 μόνον
385 2378 439 2443 καὶ
452 2373 490 2443 τό
505 2375 709 2459 ἐπουράνιον
719 2375 831 2457 γένος,
851 2368 926 2457 ἡγῇ
939 2369 975 2437 δὲ
985 2368 1106 2454 ἀγριόν
1124 2389 1173 2443 195

104 2495 135 2536 τι
154 2478 265 2558 χρῆμα
283 2475 338 2541 καὶ
358 2473 530 2561 ἀμορφον,
552 2472 649 2552 ὕλαις
670 2471 781 2540 ἅπασα
803 2472 859 2539 καὶ
872 2469 1006 2548 ταύταις
1021 2468 1106 2556 ἀνη-

104 2572 219 2653 μέροις
239 2568 368 2659 λάσιος,
392 2572 468 2640 ούτε
490 2574 526 2641 δὲ
547 2575 654 2659 βωμοὶ
672 2578 765 2639 θεῶν
785 2566 807 2657 ή
830 2577 922 2654 ναοί,
938 2611 975 2620 -
993 2568 1102 2637 πόθεν

5 2657 6 2698 Τ
105 2670 143 2733 δέ
149 2696 159 2748 ;
176 2708 213 2718 -
224 2663 247 2753 ἢ
259 2665 432 2755 ἀγάλματα
444 2666 466 2756 ή
477 2670 579 2750 ξόανα
588 2667 734 2756 ήτιάλλο
745 2676 909 2754 τοιοῦτον,
932 2664 986 2737 οἷα
996 2670 1103 2736 πολλὰ·

103 2774 171 2833 νῦν
193 2763 400 2854 ἁπανταχόθι
418 2775 569 2854 φαίνεται
586 2765 667 2853 μετὰ
680 2768 788 2853 πάσης
803 2770 986 2854 ἐπιμελείας
1000 2768 1103 2854 τιμώ-

102 2891 205 2948 μενα·
230 2863 294 2950 ἐγώ
306 2869 342 2935 δέ
357 2908 395 2920 -
412 2866 463 2937 ἀεὶ
475 2867 539 2954 γάρ
554 2896 585 2935 τι
596 2866 815 2954 προβουλεύω
827 2869 860 2944 ἐς
871 2863 908 2932 τό
920 2863 1038 2934 κοινόν
1048 2869 1104 2933 καὶ

102 2971 220 3034 σκοποῖ
240 2963 330 3044 ὅπως
350 2963 574 3053 αὐξηθήσεται
592 2962 706 3052 μέντά
728 2971 796 3031 τῶν
816 2969 926 3049 θεῶν,
948 2965 1103 3031 ἐπιδώσει

102 3063 139 3128 δέ
161 3063 218 3129 καὶ
237 3053 340 3130 τᾶλλα
361 3063 469 3130 πάντα
490 3066 523 3141 ἐς
544 3064 672 3150 κόσμον
685 3066 741 3131 καὶ
753 3063 929 3143 κάλλος-
941 3065 1102 3150 ἐνενόησα

104 3155 150 3238 ὥς
175 3157 316 3246 ἀμεινον
343 3169 394 3247 είη
416 3158 536 3245 ἀλίγον
556 3160 640 3230 ὅσον
659 3170 720 3229 τού
740 3169 849 3248 πηλοῦ
869 3164 1015 3250 λαβόντα
1036 3162 1101 3250 ζῷά

101 3285 179 3327 τινα
198 3259 429 3346 συστήσασθαι
446 3262 502 3329 καὶ
521 3257 711 3328 ἀναπλάσαι
726 3259 785 3338 τάς
800 3258 932 3346 μορφὰς
945 3261 1008 3348 μὲν
1022 3259 1102 3347 ἡμῖν

104 3354 218 3439 αὐτοῖς
238 3358 472 3443 προσεοικότα·
495 3358 634 3445 καὶγὰρ
657 3362 766 3427 ἐνδεῖν
786 3385 818 3426 τι
839 3357 993 3484 ᾤμηνμῷ
1006 3366 1100 3449 θείμ,
