2550 3825
336 165 582 223 NEKPIKOI
604 168 862 227 ΔΙΑΛΟΓΟΙ.
1038 168 1099 233 115

191 329 312 391 AIAK.
334 320 436 408 Κάγῶ
453 320 516 409 ἤδη
531 322 661 411 ἄπειμι,
678 324 722 411 μὴ
738 334 797 395 καί
807 354 855 405 τις
870 325 955 414 ἡμᾶς
969 337 1099 413 νεκρῶν

103 420 193 507 λύθη
204 420 388 507 διαφυγών.
411 420 451 487 τά
462 420 561 490 λοιπά
573 422 604 490 δ’
617 426 754 503 ἐσαῦθις
766 422 859 510 ὄψει,
875 418 1077 495 ῶΜένιπτιε.

185 523 297 585 ΜΕΝ.
310 515 443 585 Ἄπιθι·
465 521 520 585 καὶ
533 526 625 589 ταυτὶ
640 518 704 607 μάρ
720 524 835 608 ίκανύ,
850 515 877 591 ῶ
891 528 999 592 Αἰακέ.

573 744 624 806 21.

268 856 541 909 ΜΕΝιΠιιον
560 860 644 909 κει
668 860 928 915 πεεεειεον.

186 995 214 1057 l.
233 998 343 1058 MEN.
363 984 609 1077 ὮΚέρβερε-
619 990 781 1078 συγγενὴς
789 994 853 1078 γάρ
866 999 933 1081 εἰμί
941 1016 994 1062 σοι
1006 996 1098 1063 κύων

101 1096 156 1156 καὶ
178 1086 277 1167 αύτός
298 1085 346 1156 ῶν
365 1130 401 1139 -
419 1092 490 1157 εἰπέ
508 1115 564 1174 μοι
585 1088 669 1176 πρὸς
689 1098 745 1175 τῆς
761 1092 906 1178 Στυγός,
935 1090 1003 1172 οἷος
1016 1087 1096 1180 ἦνὸ

101 1187 298 1273 Σωκράτης,
321 1185 421 1255 ὁπότε
443 1185 555 1276 κατῄει
576 1185 655 1271 παρ’
673 1186 773 1273 ὑμᾶς·
802 1187 889 1269 είκός
906 1194 943 1258 δέ
962 1211 998 1257 σε
1015 1190 1098 1259 θεὸν

99 1285 181 1354 ὄντα
196 1283 240 1372 μὴ
252 1283 404 1355 ύλακτείν
415 1286 537 1373 μόνον,
556 1284 640 1354 ἀλλά
651 1288 705 1353 καὶ
716 1285 938 1373 ἀνθρωπίνως
952 1292 1099 1375 φθέγγε-

101 1396 199 1470 σθαι,
215 1382 308 1452 ὁπότ’
325 1387 461 1462 ἐθέλοις.

183 1490 305 1551 ΚΕΡΒ.
327 1483 516 1567 Πόρρωθεν
535 1485 612 1567 μέν,
641 1473 667 1548 ῶ
689 1484 861 1567 Μένιππε,
886 1484 1096 1552 παντάπασιν
1114 1512 1165 1568 4η]

100 1582 208 1650 ἐδόκει
220 1580 367 1671 ἀτρέπτῳ
381 1587 427 1671 τῶ
441 1578 607 1669 κροσῶπφ
624 1581 795 1664 προσιέναι
809 1584 863 1648 καλ
878 1579 919 1648 ού
935 1582 1027 1649 πύνν
1042 1586 1097 1649 δε-

100 1683 207 1748 διέναι
226 1678 286 1747 τόν
301 1678 453 1746 θάνατον
467 1682 579 1745 δοκῶν
599 1680 767 1745 καὶτοῦτο
789 1680 932 1765 ἐμφῆναι
947 1693 1015 1758 τοῖς
1036 1684 1096 1759 ἔξω

99 1784 161 1845 τοῦ
182 1783 318 1862 στομίου
338 1778 476 1844 ἑστῶσιν
497 1777 639 1859 ἐθέλων,
666 1777 735 1843 ἐπεὶ
756 1779 791 1843 δὲ
814 1780 999 1860 κατέκυψεν
1020 1790 1097 1847 είσω

101 1883 160 1943 τού
175 1875 338 1961 χάσματος
353 1877 408 1943 καὶ
423 1872 487 1942 εἶδε
503 1869 563 1941 τόν
578 1874 698 1959 ζόφον,
714 1870 804 1960 κάγῶ
817 1880 864 1942 ἔτι
882 1880 1097 1962 διαμέλλοντα

100 1970 204 2040 αύτὸν
222 1965 334 2041 διικῶν
354 1980 399 2063 τῶ
421 1978 548 2062 κωνείφ
565 1975 752 2041 κατέσπασα
768 1981 829 2041 τοῦ
849 1975 966 2060 ποδός,
986 1974 1097 2061 ῶσπερ

98 2067 140 2137 τά
154 2075 261 2157 βρέφη
274 2071 400 2138 ἐκῶκνε
411 2067 515 2138 καὶτὰ
528 2073 649 2137 ἑαυτοῦ
663 2076 777 2138 παιδία
791 2069 934 2158 ῶδύρετο
946 2075 1002 2142 καὶ
1012 2099 1098 2140 παν-

99 2183 186 2247 τοῖος
204 2171 338 2254 ἐγίνετο.

183 2272 213 2335 2.
233 2275 345 2336 ΜΕΝ.
368 2266 506 2336 Ούκοῦν
520 2265 679 2354 σοφιστὴς
690 2265 707 2335 ὁ
719 2267 898 2354 ἅνθρωπος
911 2262 954 2355 ἦν
967 2273 1022 2337 καὶ
1036 2268 1098 2337 οὐκ

100 2364 236 2451 ἀληθῶς
250 2369 448 2453 κατεφρόνει
463 2375 525 2434 τοῦ
538 2367 745 2453 πράγματος,
778 2360 781 2365 ’

92 2501 101 2517 ·-
184 2471 306 2532 KEPB.
331 2464 420 2550 Ούκ,
442 2462 516 2534 ἀλλ’
541 2467 673 2547 ἐπείπερ
696 2461 879 2548 ἀναγκαῖον
899 2461 979 2531 αὐτὸ
1001 2465 1097 2550 ε’ύρα,

100 2563 367 2646 κατεθρασύνετο
379 2560 424 2641 ῶς
435 2568 540 2648 δῆθεν
551 2559 613 2629 οὐκ
624 2560 717 2628 ἀκων
727 2560 922 2646 πεισόμενος
937 2558 956 2628 δ
967 2561 1098 2639 πύντως

100 2666 167 2729 ἔδει
183 2671 320 2747 παθεῖν,
337 2658 380 2739 ῶς
393 2661 632 2747 θαυμάσωνται
655 2663 689 2726 οί
700 2665 826 2726 θεαταί.
856 2663 910 2726 καὶ
924 2657 1010 2738 ὅλως
1025 2663 1099 2744 περὶ

100 2762 237 2828 πάντων
245 2786 283 2846 με
292 2768 360 2827 τῶν
368 2761 529 2828 τοιούτων
539 2765 643 2827 εἰπεῖν
651 2755 695 2824 ἀν
703 2765 817 2844 ἔχοιμι,
827 2761 887 2836 ἕως
896 2766 956 2826 τοῦ
963 2765 1100 2844 στομίου

100 2859 257 2944 τολμηροὶ
274 2860 329 2926 καλ
343 2856 506 2944 ἀνδρεῖοι,
521 2855 561 2924 τὰ
575 2856 611 2924 δέ
629 2860 770 2924 ἔνδοθεν
786 2861 914 2942 ἐλεγχος
926 2855 1072 2943 ἀκριβής.

184 2963 296 3023 ΜΕΝ.
313 2953 395 3041 Ἐγῶ
410 2958 446 3022 δὲ
461 2963 530 3033 πῶς
544 2974 597 3023 σοι
613 2959 874 3040 κατεληλυθέναι
888 2958 1001 3037 ἔδοξας

184 3061 306 3121 ΚΕΡΒ.
330 3054 465 3138 Μόνος,
490 3045 700 3137 ῶΜένιππε,
715 3051 811 3131 ἀξίως
825 3055 1029 3139 τοῦγένους,
1044 3054 1099 3120 καὶ
1117 3071 1168 3124 4⁶22

100 3155 265 3239 Διογένης
282 3151 345 3240 πρὸ
364 3160 444 3237 σού,
468 3149 519 3219 ότι
538 3148 582 3238 μη
599 3148 859 3238 ἀναγκαζόμενοι
880 3151 1004 3238 ἐσῄειτε
1020 3148 1098 3236 μηδ’

102 3249 310 3338 ὠθούμενοι,
322 3249 394 3320 ἀλλ’
407 3249 611 3336 ἐθελούσιοι,
622 3257 797 3336 γελῶντες,
810 3247 960 3335 οίμῶῖειν
971 3274 1095 3335 παραγ-

100 3359 268 3436 γείλαντες
281 3349 414 3420 ἅπασιν.

499 3467 702 3477 -ι--ψ-
