2550 3825
164 167 207 230 34
515 172 823 231 AOYKIANOY

165 330 319 409 ςούντων
350 332 455 399 ἕωλον
487 333 676 416 θρυαλλίδα
707 335 875 417 φοβηθείη
904 327 949 398 ἀν
972 328 995 419 ἢ
1017 331 1080 421 τὴν
1104 339 1163 400 τοῦ

164 428 417 516 πανδαμάτορος
437 435 607 515 κεραυνοῦ
620 428 746 514 φλόγα·
768 428 857 497 ούτω
875 431 979 500 δαλόν
993 459 1069 501 τινα
1083 433 1164 500 ἐπα-

164 536 375 597 νατείνεσθαι
394 532 501 606 δοκεῖς
523 524 650 612 αύτοῖς,
674 524 718 605 ὡς
737 534 805 613 πύρ
827 531 889 614 μδν
909 524 932 616 ἢ
951 528 1082 598 καπνόν
1103 526 1160 597 ἀπ’

165 623 270 694 αύτοῦ
291 623 335 712 μὴ
362 628 523 710 δεδιέναι,
546 624 654 711 μόνον
669 623 705 691 δὲ
721 632 819 693 τούτο
834 635 967 695 οίεσθαι
980 627 1164 697 ἀπολαύειν

98 734 149 787 102
163 730 224 791 τοῦ
252 724 456 809 τραύματος,
486 721 538 790 ὅτι
565 718 883 809 ἀναπλησθήσονται
910 732 968 811 τῆς
1004 723 1161 813 ἀσβόλου.

165 817 249 888 ὥστε
268 818 332 908 ἤδη
356 818 411 888 διά
427 820 532 888 ταῦτά
546 842 599 887 σοι
615 818 703 888 καὶὸ
722 819 927 907 Σαλμωνεύς
941 821 1164 911 ἀντιβροντᾶν

100 938 146 991 (03
163 918 301 1006 ἐτόλμα,
318 918 359 986 ού
371 918 479 1005 πάντη
496 916 662 994 ἀπίθανος
678 915 743 1003 όν,
759 917 844 1003 πρός
858 918 947 986 οὕτω
958 916 1090 1005 ψυχρόν
1101 915 1165 1003 τὴν

164 1013 270 1103 ὀργὴν
290 1025 357 1086 Δία
384 1012 597 1102 θερμουργὸς
617 1011 705 1100 ἀνὴρ
729 1018 1051 1102 μεγαλαυχούμενος.
1093 1021 1163 1092 πῶς

164 1113 246 1199 χάρη
267 1111 354 1182 ὅπου
373 1141 412 1202 γε
426 1112 581 1197 καθάπερ
598 1110 665 1180 ὑπό
680 1112 897 1200 μανδραγόρα
911 1114 1105 1199 καθεύδεις,
1126 1110 1164 1191 δς

99 1223 146 1276 104
162 1208 239 1279 οὔτε
260 1219 328 1279 τῶν
351 1212 599 1298 ἐπιορκούντων
619 1209 754 1290 ἀκούεις
775 1210 853 1279 ούτε
869 1210 948 1291 τούς
962 1211 1162 1289 ἀδικοῦντας

163 1310 365 1396 ἐπισκοπεῖς,
380 1317 487 1398 λημᾷς
501 1308 537 1377 δὲ
554 1310 608 1377 καὶ
619 1305 843 1396 ἀμβλυώττεις
852 1306 938 1393 πρὸς
948 1308 988 1377 τά
998 1310 1162 1396 γινόμενα

163 1404 264 1475 καὶτά
273 1399 340 1475 ἀτα
354 1409 582 1496 ἐκκεκώφησαι
594 1408 748 1490 καθάπερ
756 1412 790 1475 οί
794 1408 1030 1495 παρηβηκότες.
1046 1415 1076 1477 3.
1090 1411 1162 1477 ἐπεὶ

165 1506 239 1583 υέος
248 1530 287 1590 γε
298 1510 344 1573 ἐτι
356 1508 411 1574 καὶ
420 1503 590 1592 ὀξύθυμος
603 1500 651 1572 ἀν
662 1505 716 1571 καὶ
726 1501 863 1588 ἀκμαῖος
872 1502 934 1591 τὴν
945 1502 1163 1593 όργὴνπολλά

163 1600 246 1670 κατά
265 1610 334 1670 τῶν
357 1601 481 1671 ἀδίκων
502 1606 557 1672 καὶ
572 1608 692 1691 βιαίων
707 1603 828 1679 ἐποίεις
842 1602 896 1669 καὶ
914 1598 1071 1670 ούδέποτε
1084 1595 1164 1688 ἦγες

97 1711 145 1764 105
162 1701 237 1769 τότε
256 1700 339 1787 πρὸς
358 1700 481 1781 αύτούς
502 1705 699 1787 ἐκεχειρίαν,
730 1694 799 1767 ἀλλ’
816 1697 867 1767 ἀεὶ
881 1698 1015 1787 ἐνεργός
1031 1702 1165 1780 πάντως

161 1796 178 1867 ὁ
203 1797 367 1884 κεραυνός
386 1793 430 1887 ἦν
451 1802 506 1868 καὶ
523 1798 545 1886 ἡ
560 1801 645 1885 αλγὶς
658 1801 820 1867 ἐπεσείετο
835 1801 890 1867 καλ
903 1797 925 1886 ἡ
940 1801 1063 1887 βροντὴ
1082 1803 1166 1868 ἐπα-

161 1911 288 1984 ταγεῖτο
309 1895 398 1985 καὶὴ
414 1893 563 1984 ἀστραπὴ
580 1896 714 1983 συνεχὲς
729 1895 840 1984 ὥσπερ
859 1903 904 1977 είς
916 1894 1166 1987 ἀκροβολισμόν

159 2003 425 2083 προηκοντίζετο·
447 2001 481 2064 οί
492 1997 618 2082 σεισμοὶ
633 1996 670 2063 δὲ
684 1993 885 2082 κοσκινηδὸν
899 1999 953 2064 καὶ
967 1994 988 2084 ἡ
1000 1994 1082 2082 χιάν
1096 2017 1165 2064 σω-

160 2093 265 2183 ρηδόν
291 2093 388 2182 καὶὴ
415 2096 536 2181 χάλαζα
563 2096 744 2179 πετρηδόν·
777 2097 832 2162 καί
851 2097 908 2161 ἵνα
926 2115 979 2162 σοι
996 2102 1164 2181 φορτικῶς

159 2198 369 2282 διαλέγωμαι,
385 2191 478 2262 ὑετοί
485 2221 520 2262 τε
532 2197 683 2281 ῥαγδαῖοι
694 2197 748 2263 καὶ
758 2200 871 2281 βίαιοι,
887 2191 1032 2280 ποταμός
1044 2193 1164 2280 ἑκάστη

93 2301 143 2356 106
163 2293 309 2381 σταγόυ·
333 2293 415 2362 ὥστε
432 2292 611 2379 τηλικαύτη
627 2294 665 2360 ἐν
681 2289 800 2376 ἀκαρεῖ
809 2291 937 2376 χρόνου
951 2298 1095 2376 ναυαγία
1111 2293 1165 2358 ἐπὶ

160 2398 222 2458 τοῦ
248 2396 484 2468 Δευκαλίωνος
512 2391 658 2476 ἐγένετο,
688 2388 732 2468 ὡς
764 2386 979 2475 ὑποβρυχίων
1004 2386 1165 2456 ἁπάντων

162 2488 583 2573 καταδεδυκότωνμόγιςὲν
597 2513 628 2554 τι
635 2486 793 2574 κιβοότιον
799 2493 1029 2571 περισωθῆναι
1035 2507 1164 2572 προσο-

158 2594 271 2654 κεῖλαν
289 2594 336 2676 τῷ
353 2594 509 2669 Λυκωρεῖ
524 2584 677 2669 ζύπυρόν
692 2610 724 2652 τι
739 2590 801 2651 τοῦ
817 2581 1037 2667 ἀνθρωπίνου
1059 2588 1164 2668 σπέρ-

160 2708 262 2768 ματος
275 2683 501 2768 διαφυλάττον
516 2688 561 2760 είς
575 2678 734 2768 ἐπιγονὴν
749 2685 865 2759 κακίας
878 2687 1033 2766 μειζονος.
1050 2688 1079 2751 4.
1090 2710 1164 2751 τοι·
1203 2703 1207 2708 ’

159 2779 275 2865 γάρτοι
296 2777 471 2847 ἀκόλουθα
491 2786 548 2865 τῆς
569 2781 736 2867 ῥᾳθυμίας
758 2776 930 2866 τάπίχειρα
949 2788 1063 2870 κομίζη
1082 2778 1160 2866 παρ’

158 2873 287 2959 αὐτῶν,
309 2872 386 2942 ούτε
405 2876 551 2954 θύοντος
571 2882 617 2944 ἐτι
635 2882 690 2943 σοί
704 2902 794 2954 τινος
809 2873 886 2945 ούτε
900 2887 1159 2966 στεφανοῦντος,

158 2978 188 3040 εί
207 2973 252 3060 μη
273 2999 322 3051 τις
342 2971 406 3057 ἀρα
427 2973 596 3061 πάρεργον
607 2971 812 3060 Ὀλυμπίων,
832 2976 887 3043 καὶ
901 2969 999 3055 οὗτος
1014 2974 1055 3044 ού
1067 2976 1164 3045 πάνυ

157 3064 322 3155 ἀναγκαῖα
342 3085 449 3139 ποιεῖν
471 3076 596 3158 δοκῶν,
618 3069 691 3139 ἀλλ’
712 3077 757 3149 είς
780 3077 859 3150 ἔθος
878 3099 910 3140 τι
923 3070 1062 3159 ἀρχαῖον
1076 3093 1163 3142 συν-

157 3173 277 3236 τελεῖν·
298 3169 353 3236 καὶ
363 3166 436 3237 κατ’
449 3167 562 3258 ὀλίγον
572 3170 709 3254 Κρόνου
720 3192 757 3237 σε
763 3195 775 3255 ,·
790 3161 817 3236 ἀ
831 3178 924 3238 θεων
934 3171 1161 3256 γενναιότατε,

91 3267 140 3326 107
158 3262 385 3352 ἀποφαίνουσι
398 3268 633 3356 παρωσάμενοι
647 3275 705 3355 τῆς
716 3275 819 3354 τιμῆς.
848 3270 892 3336 ἐῶ
908 3271 1034 3355 λε’γειν,
1050 3271 1158 3337 ποσά·

157 3390 209 3446 κις
228 3361 290 3452 ἤδη
312 3384 376 3433 σου
395 3362 455 3434 τόν
469 3364 557 3434 νεῶν
572 3367 811 3456 σεσυλήκασιν·
834 3370 869 3433 ολ
882 3368 918 3435 δέ
932 3368 987 3435 καί
1000 3363 1091 3456 αύτῷ
1106 3388 1162 3437 σοι
1268 3374 1269 3377 ’
