2550 3825
178 127 242 190 340
533 133 828 192 AOPKIANOY

87 340 89 346 .
180 291 280 376 ἀλλα,
295 298 354 360 καί
364 316 434 371 κως
449 291 637 378 ἐκηλούμην
652 289 735 377 πρός
749 290 809 358 τόν
823 291 943 378 λόγον,
963 289 1064 359 ὁπότε
1078 290 1114 357 δὲ
1129 293 1187 358 καὶ

180 389 328 456 πλούτου
346 395 479 476 ἔφησθα
499 404 722 475 καταφρονεῖν
742 400 830 475 σφᾶς
846 392 901 457 καὶ
918 391 1015 476 δόξης
1032 392 1086 456 καὶ
1101 386 1186 474 ἡδο-

182 495 250 556 νῶν
261 492 315 556 καὶ
325 491 407 576 μήτε
417 486 605 575 ὀργίζεσθαι
619 489 700 574 μήτε
715 498 911 576 λνπείσθαι,
929 491 1021 557 πάνυ
1034 491 1185 556 ἐνταῦθα

180 625 223 638 -
238 586 331 672 μόνω
355 587 419 672 γάρ
441 590 540 672 ἐσμεν
555 625 599 638 -
612 590 752 672 ἐπέστην
772 584 998 674 ἀναμνησθείς
1019 585 1041 654 ἀ
1064 585 1185 675 πρῴην

182 680 271 750 εἶδον
281 691 442 751 ποιοῦντα
451 725 493 736 -
502 684 617 769 βούλει
628 691 683 769 φῶ
693 690 786 764 τίνας
802 681 955 770 ἦίκανόν
964 688 1018 753 καὶ
1028 684 1111 751 ἀνευ
1122 691 1184 752 τοῦ

182 777 359 867 όνόματος;

265 887 368 947 ΕΡΜ.
391 883 580 966 Μηδαμῶς,
597 877 680 948 ἀλλά
696 883 861 949 καὶτοῦτο
877 881 963 965 είπέ,
981 877 1072 956 ὅστις
1086 870 1139 964 ἦν.

264 984 363 1045 ΛΤΚ.
385 978 595 1055 Διδάσκαλος
615 970 829 1056 αὐτόςοῦτος
850 975 868 1045 ὁ
891 977 964 1061 σός,
987 972 1074 1063 ἀνὴρ
1090 975 1131 1041 τά
1147 1001 1182 1040 τε

182 1070 265 1142 ἀλλα
280 1079 394 1154 αίδοῦς
407 1073 497 1155 ἀξιος
510 1077 564 1142 καὶ
577 1077 688 1161 γέρων
702 1073 766 1162 ἤδη
780 1077 814 1153 ές
827 1072 864 1142 τό
877 1072 1030 1168 ὕστατον.

266 1178 368 1239 ΕΡΜ.
395 1179 437 1240 Τί
448 1165 512 1239 οὖν
527 1171 567 1258 δὴ
586 1176 704 1254 ἐποίεις

264 1276 363 1336 ΛΤΚ.
380 1268 448 1337 Τόν
460 1273 556 1349 ξένον
567 1269 668 1338 οἶσθα
678 1269 738 1339 τόν
748 1270 990 1357 Ἡρακλεώτην,
1005 1268 1042 1347 ὃς
1052 1269 1088 1336 ἐκ
1099 1275 1183 1334 πολ-

181 1371 244 1432 λοῦ
257 1366 517 1453 συνεφιλοσόφει
528 1365 636 1458 αὐτῷ,
653 1366 803 1456 μαθητὴς
814 1368 877 1454 ὥν,
892 1366 952 1436 τόν
963 1367 1108 1449 ξανθόν,
1122 1361 1183 1432 τόν

183 1463 366 1543 έριστικόν;

266 1566 371 1627 ΕΡΜ.
396 1561 479 1630 Οίδα
493 1560 535 1630 όν
549 1568 669 1649 λέγεις·
690 1572 785 1632 Δίων
803 1561 893 1652 αὐτῷ
909 1560 1065 1646 τοῦνομα.

265 1666 365 1726 AYK.
385 1657 531 1729 Ἐκεῖνον
546 1660 666 1748 αὐτόν,
688 1665 758 1731 ἐπεὶ
777 1658 836 1729 τόν
851 1658 991 1746 μισθόν,
1012 1655 1119 1742 οἶμαι,
1144 1683 1189 1741 μη

183 1755 341 1822 ἀπεδίδου
353 1755 434 1824 κατά
447 1761 577 1844 καιρόν,
593 1757 743 1845 ἀπήγαγε
752 1755 842 1844 παρὰ
856 1752 915 1823 τόν
926 1753 1069 1840 ἀρχοντα
1082 1757 1182 1835 §vay-

181 1876 238 1938 χος
253 1859 402 1937 περιθείς
420 1881 459 1940 γε
476 1854 565 1945 αὐτῷ
582 1857 760 1942 θοίμάτιον
776 1856 852 1942 περὶ
868 1849 929 1921 τόν
948 1850 1111 1938 τράχηλον
1127 1848 1186 1915 καὶ
1260 1874 1261 1879 ’

182 1948 261 2036 ἐβόα
276 1952 330 2017 καὶ
346 1959 515 2039 οργίζετο,
534 1956 588 2021 καὶ
604 1960 633 2021 εί
643 1952 687 2039 μὴ
698 1961 766 2022 τῶν
777 1952 939 2039 συνήθων
949 1951 1083 2028 τινὲςέν
1093 1949 1184 2035 μέσφ

115 2064 165 2122 749
182 2049 359 2135 γενόμενοι
370 2049 546 2138 ἀφείλοντο
556 2050 616 2121 τόν
627 2060 804 2120 νεανίσκον
813 2054 849 2117 ἐκ
859 2057 927 2117 τῶν
936 2074 1056 2135 χειρον
1066 2045 1184 2129 αὐτοῦ,

183 2137 223 2213 εὖ
241 2154 314 2216 ἴσθι
330 2150 453 2229 έκείνος
473 2150 628 2237 προσφὺς
650 2146 693 2218 ἀν
708 2148 892 2236 ἀπέτραγεν
908 2146 1013 2215 αὐτοῦ
1028 2143 1089 2234 τὴν
1106 2147 1185 2232 ῥῖνα

182 2240 200 2311 ὁ
215 2247 339 2331 γέρων,
355 2246 461 2326 οὕτως
474 2247 661 2334 ἠγανάκτει.

266 2349 316 2411 10.
337 2352 441 2413 ΕΡΜ.
463 2346 617 2433 Πονηρὸς
632 2346 696 2433 γάρ
715 2352 839 2425 ἐκεῖνος
859 2345 910 2414 ἀεὶ
930 2349 985 2414 καὶ
1004 2342 1185 2428 ἀγνώμων,

183 2434 364 2527 τόΛνκῑνε,
380 2447 455 2529 περὶ
465 2443 524 2524 κάς
539 2444 730 2525 ἀποδόσεις·
752 2449 822 2514 ἐπεὶ
834 2446 914 2523 νοός
926 2470 965 2531 γε
979 2442 1115 2527 ἀλλους,
1133 2437 1186 2519 οἷς

183 2544 336 2625 δανείζει,
353 2540 497 2621 πολλοὺς
512 2540 625 2629 ὄντας,
642 2542 741 2612 οὐδὲν
753 2543 885 2612 τοιοῦτό
896 2566 947 2609 πω
960 2545 1185 2609 διατέθεικεν·

182 2635 380 2706 ἀποδιδόασι
393 2638 457 2725 γάρ
474 2640 564 2730 αὐτῷ
582 2641 663 2710 κατά
681 2640 799 2725 καιρόν
812 2638 891 2718 τούς
905 2640 1034 2717 τόκους.

264 2742 364 2802 ΛΤΚ.
390 2744 433 2804 Τί
446 2742 516 2823 δαί,
532 2737 576 2807 ἀν
586 2738 630 2826 μὴ
642 2739 860 2823 ἀποδιδῶσιν,
877 2730 1073 2823 ἀμακάριε,
1092 2738 1187 2821 μέλει

181 2856 213 2897 τι
227 2828 317 2919 αὐτῷ
334 2840 542 2920 καθαρθέντι
552 2836 616 2924 ἤδη
627 2836 693 2905 ὑπό
706 2843 904 2923 φιλοσοφίας
918 2836 973 2902 καὶ
987 2837 1100 2920 μηκέτι
1115 2843 1187 2901 τῶν

182 2931 219 2996 έν
232 2937 273 3017 τῇ
289 2936 370 3019 Οἴτη
383 2938 690 3021 καταλελειμμένων
704 2939 865 3025 δεομένφ;

266 3036 369 3096 ΕΡΜ.
399 3037 471 3098 oca
491 3030 556 3117 γάρ
579 3031 630 3101 ότι
648 3036 768 3103 ἑαυτοῦ
788 3036 886 3120 χάριν
904 3035 1029 3111 ἐκεῖνος
1048 3034 1123 3115 περὶ
1144 3031 1186 3098 τά
1248 3047 1249 3060 ’

181 3135 317 3197 τοιαῦτα
328 3131 552 3213 ἐσπούδακας
572 3130 646 3200 ἀλλ’
659 3140 748 3201 ἔστιν
759 3131 848 3222 αὐτῷ
859 3136 973 3200 παιδία
984 3130 1117 3217 νεογνά,
1135 3123 1188 3197 ὧν
1247 3147 1248 3158 ’

180 3225 313 3313 κήδεται
330 3224 374 3315 μὴ
391 3230 429 3295 ἐν
442 3225 565 3319 ἀπορία
580 3232 817 3317 καταβιώσωσι.

265 3332 363 3395 AYK.
392 3328 498 3410 Δέον,
522 3321 752 3415 όἘρμότιμε,
776 3326 957 3414 ἀναγαγεῖν
972 3326 1108 3396 κάκεῖνα
1132 3331 1186 3397 ἐπὶ
