2550 3825
169 161 189 222 8
527 168 815 229 AOYKIANOP

170 321 458 412 προστησάμενος,
481 329 610 395 ἐννοῶν
632 324 701 409 οἷος
714 330 776 416 μὲν
789 330 837 398 ἀν
851 332 934 416 πρὸς
954 334 994 401 τά
1013 336 1169 402 κάλλιστα

172 417 310 506 ὥρμησα
332 426 384 491 καί
416 432 565 505 παιδείας
592 429 787 514 ἐπεθύμησα
809 435 914 517 μηδὲν
936 431 1170 511 ἀποδειλιάσας

171 515 254 599 πρὸς
268 516 330 604 τὴν
346 529 465 589 πενίαν
480 521 542 609 τὴν
556 526 641 611 τότε,
662 522 731 607 οἶος
751 531 787 597 δὲ
808 528 891 616 πρός
905 528 991 615 ὑμᾶς
1008 534 1170 617 ἐπανελη-

170 622 271 702 λνθα,
280 623 310 686 εί
323 620 377 687 καί
393 622 497 706 μηδὲν
511 620 602 706 ἄλλο,
616 621 755 704 οὐδενός
770 635 856 713 γοῦν
867 634 934 695 τῶν
949 629 1168 713 λιθογλύφων

169 712 371 803 ἀδοξότερος.

567 897 771 916 —-..-.1..-.-

171 1112 327 1180 ΠΡου
364 1112 479 1181 νον
505 1102 778 1204 ΕιΠοννκ,
814 1119 1175 1191 ΠΡοΜΗοιινν
1264 1125 1267 1136 ·

463 1231 523 1299 ιιι
546 1233 626 1301 ειν
647 1236 864 1303 Λονοιυ.

254 1424 282 1487 1.
313 1412 455 1492 θύκοῦν
475 1428 661 1509 Προμηθέα
683 1453 724 1512 με
745 1424 829 1493 εἶναι
852 1424 933 1512 φής,
956 1430 985 1492 εί
1002 1423 1064 1507 μὲν
1086 1416 1170 1486 κατά

168 1524 277 1600 τοῦτο,
296 1510 322 1585 τό
338 1518 460 1603 ἄριστε,
483 1518 527 1597 ὡς
549 1530 699 1606 πηλίνων
721 1521 818 1610 κάμοὶ
839 1532 906 1592 τῶν
921 1528 1029 1609 έργων
1050 1517 1170 1602 ὄντων,

169 1621 317 1701 γνωρίζω
339 1614 401 1702 τὴν
422 1619 535 1685 είκόνα
555 1628 614 1687 καί
633 1649 718 1709 φημι
739 1621 853 1708 ὅμοιος
876 1620 961 1689 εἶναι
977 1616 1077 1707 αύτῷ,
1093 1612 1169 1685 οὐδ’

171 1713 350 1801 ἀναίνομαι
365 1718 582 1802 πηλοπλάθος
599 1717 747 1806 ἀκούειν,
766 1726 796 1788 εί
811 1722 865 1789 καὶ
880 1720 1086 1804 φαυλότερος
1098 1717 1172 1799 ἐμοὶ

114 1826 150 1879 24
172 1810 190 1879 ὁ
207 1810 311 1899 πηλὸς
327 1808 397 1892 οἷος
410 1817 446 1881 ἐκ
463 1817 611 1902 τριόδου,
629 1819 794 1905 βόρβορός
810 1844 859 1895 τις
873 1814 963 1903 παρά
979 1814 1117 1901 μικρόν·
1143 1818 1176 1879 εί

170 1915 206 1979 δὲ
222 1908 457 1994 ὑπερεπαινῶν
471 1912 549 1994 τούς
566 1919 687 2002 λόγους
704 1915 747 1996 ὡς
762 1922 868 2004 δῆθεν
886 1915 1094 2003 εὐμηχάνους
1110 1911 1173 1979 ὄν-

169 2038 227 2090 τας
247 2009 307 2078 τόν
327 2011 522 2097 σοφώτατον
549 2022 617 2082 των
643 2016 794 2083 Τιτάνων
822 2019 1025 2102 ἐπιφημίζεις
1046 2010 1172 2096 αὐτοῖς,

171 2108 234 2196 ὅρα
251 2111 296 2196 μή
311 2137 360 2190 τις
377 2116 549 2196 εἰρωνείαν
565 2121 614 2200 φῇ
625 2116 680 2180 καὶ
691 2123 843 2200 μυκτῆρα
858 2109 931 2181 οἷον
947 2111 1007 2180 τόν
1022 2107 1175 2178 Ἀττικὸν

172 2223 344 2296 προσεῖναι
360 2215 406 2298 τῷ
423 2211 554 2298 ἐπαίνῳ.
578 2204 600 2295 ἢ
617 2211 728 2278 πόθεν
749 2210 812 2297 γάρ
826 2210 1015 2298 εὐμήχανον
1025 2207 1176 2293 τούμόνς

170 2315 218 2387 τίς
233 2305 264 2374 δ’
280 2305 301 2393 ἡ
321 2306 456 2394 περιττὴ
472 2314 575 2392 σοφία
589 2312 644 2376 καὶ
658 2311 848 2395 προμήθεια
872 2313 908 2377 ἐν
928 2324 996 2387 τοῖς
1016 2308 1176 2394 γράμμα-

170 2431 241 2488 σιν;
258 2404 301 2485 ὡς
316 2414 427 2493 ἔμοιγε
443 2407 571 2490 ίκανόν,
591 2413 622 2474 εί
634 2406 679 2493 μὴ
700 2409 791 2475 πάνυ
806 2428 858 2476 σοι
873 2409 971 2495 γήινα
984 2412 1074 2486 ἔδοξε
1088 2408 1176 2491 μηδὲ

171 2511 290 2594 κομιδῇ
314 2506 388 2586 ἀξια
411 2514 472 2574 τοῦ
495 2507 689 2574 Καυκάσου.
719 2514 826 2575 καίτοι
846 2507 938 2597 πόσῳ
962 2505 1178 2587 δικαιότερον

171 2603 264 2690 ὑμεῖς
280 2601 323 2670 ἀν
341 2604 526 2684 εἰκάζοισθε
542 2612 587 2693 τῷ
603 2613 790 2690 Προμηθεῖ,
805 2602 923 2672 ὁπόσοι
940 2608 976 2672 ἐν
991 2610 1098 2680 δίκαις
1114 2600 1180 2670 εύ-

173 2707 337 2787 δοκιμεῑτε
353 2699 415 2781 ξύν
428 2700 571 2790 ἀληθεία
587 2704 783 2789 ποιούμενοι
804 2701 883 2781 τούς
898 2701 1045 2790 ἀγῶνας;
1066 2708 1177 2783 ζῶντα

115 2818 151 2873 25
172 2806 258 2885 γοῦν
274 2795 317 2876 ὡς
332 2796 466 2884 ἀληθῶς
482 2803 536 2868 καὶ
556 2807 686 2887 ἔμψυχα
709 2799 790 2886 ὑμῖν
803 2800 843 2869 τά
861 2807 952 2887 ἔργα,
974 2803 1029 2869 καὶ
1045 2798 1087 2885 νὴ
1103 2809 1178 2868 Δία

171 2899 226 2966 καὶ
240 2895 276 2964 τό
293 2895 424 2983 θερμόν
439 2896 552 2965 αὐτῶν
568 2902 634 2966 ε’στι
658 2901 840 2986 διάπυρον·
866 2904 920 2968 καὶ
939 2908 1036 2968 τοῦτο
1059 2902 1095 2965 ἐκ
1109 2907 1179 2965 τοῦ

169 2997 378 3081 Προμηθέως
392 2993 435 3063 ἀν
452 3006 512 3084 είη,
528 2997 615 3084 πλὴν
633 3004 663 3066 εί
675 2997 719 3085 μὴ
736 2997 978 3084 διαλλάττοιτε,
1000 2996 1050 3064 ότι
1073 2994 1117 3083 μὴ
1135 2999 1180 3066 ἐκ

170 3101 279 3181 πηλοῦ
294 3095 460 3180 πλάττετε,
475 3095 558 3165 ἀλλά
572 3103 678 3183 χρυσᾶ
694 3095 774 3181 ὑμῖν
790 3109 857 3173 τοῖς
872 3104 1006 3188 πολλοῖς
1030 3093 1070 3162 τά
1085 3095 1181 3162 πλά-

169 3214 285 3280 σματα.
329 3199 358 3260 2.
381 3190 476 3279 ἡμεῖς
496 3198 532 3262 δὲ
553 3201 586 3264 οί
599 3197 631 3272 ἐς
647 3193 687 3262 τά
705 3195 818 3279 πλήθη
840 3194 1017 3278 παριόντες
1043 3194 1097 3259 καὶ
1114 3191 1181 3274 τοὶς

168 3291 323 3371 τοιαύτας
347 3298 415 3358 τῶν
443 3291 639 3379 ἀκροάσεων
665 3296 922 3379 ἐπαγγέλλοντες
946 3296 1067 3359 είδωλα
1090 3289 1180 3361 ἅττα

167 3391 442 3477 ἐπιδεικνύμεθα·
466 3395 522 3460 καὶ
533 3391 569 3460 τό
581 3396 644 3473 μὲν
655 3389 737 3459 ὅλον
749 3395 786 3459 ἐν
797 3398 901 3482 πηλῷ,
918 3399 1072 3474 καθαπερ
1084 3394 1180 3478 ἔφην
