2550 3825
166 171 231 235 274
522 169 810 231 AOYKIANOT

166 359 230 409 μεν
243 331 282 400 τά
297 330 599 496 παραγηελλόμενα.
628 342 687 395 ποῖ
697 329 734 396 δέ
748 329 803 395 καὶ
817 332 950 402 πρῶτον
964 327 1095 391 ἀπιέναι
1113 329 1165 390 δε·

168 450 258 517 ησεις
279 438 352 516 μῶυ
370 433 402 508 ές
437 427 480 515 ἠν
492 426 692 512 Ἀκαδημίαν
704 421 726 510 ἢ
741 427 773 503 ές
786 422 847 510 την
857 431 987 503 Στοαν,

251 533 375 595 ΕΛΕΓ,
395 524 472 593 'And
490 532 551 592 τοῦ
565 530 711 592 Λυκείου
725 522 933 608 ποιησόμεθα
948 517 1010 606 τὴν
1024 517 1137 605 ἀρχήν.

250 632 373 694 ΠΑΡΡ.
398 622 508 692 Οὐδὲν
530 627 645 690 διοίσει
659 627 764 688 τοῦτο.
793 618 881 704 πλὴν
898 616 972 685 οἶδά
986 641 1024 702 με
1043 613 1107 701 έγῶ
1125 613 1166 693 ῶς

92 811 94 816 Ι
169 721 247 790 ὅποι
267 719 341 788 ποτ’
366 716 407 788 ἀν
428 718 643 806 ἀπέλθωμεν,
670 716 792 803 ὀλίγων
812 717 874 802 μὲν
893 723 960 784 τῶν
981 714 1168 799 στεφάνων,

169 827 302 888 πολλῶν
317 820 352 886 δέ
367 825 434 886 τῶν
451 823 641 902 καυτηρίων
655 815 854 901 δεησόμεθα.

565 1022 775 1032 ..-...———-

99 1175 151 1285 ιιι
295 1208 637 1276 maworn
667 1213 703 1268 υ
735 1205 1045 1274 ννΡλΝΝοΣ.

252 1389 280 1450 1.
296 1389 391 1450 ΧΑΡ.
408 1379 503 1465 Εἶεν,
517 1375 709 1466 ῶΚλωθοῑ,
720 1378 757 1447 τὸ
771 1380 832 1465 μὲν
841 1380 970 1464 σκάφος
979 1386 1077 1446 τούτο
1088 1373 1167 1464 ἡμῖν

167 1484 269 1551 πάλαι
285 1478 438 1566 εὐτρεπὲς
449 1483 503 1549 καὶ
517 1479 600 1567 πρὸς
614 1478 793 1566 ἀναγωγὴν
808 1472 846 1546 εύ
860 1479 949 1564 μάλα
960 1497 1168 1563 παρεσκευα-
1271 1552 1272 1555 ¹

167 1581 303 1666 σμένον·
327 1576 348 1644 ὅ
362 1604 397 1644 τε
412 1575 477 1663 γάρ
493 1578 611 1656 άντλος
622 1579 792 1663 ἐκκέχυται
806 1574 893 1643 καὶὸ
910 1573 998 1654 ίστὸς
1014 1572 1168 1661 ῶρθωται

168 1678 222 1745 καὶ
237 1673 257 1762 ἡ
275 1673 384 1760 ὀθόνη
399 1678 685 1761 παρακέκρουσται
699 1678 754 1743 καὶ
767 1681 835 1740 τῶν
848 1680 971 1741 κωπῶν
982 1671 1101 1757 ἑκάστη
1114 1695 1168 1739 τε·

98 1793 149 1846 621
168 1773 350 1858 τρόπωται,
365 1772 488 1840 κωλύει
502 1797 538 1839 τε
552 1770 668 1857 οὐδέν,
685 1771 766 1838 ὅσον
780 1768 832 1839 ἐπ’
851 1774 937 1857 έμοί,
952 1767 988 1838 τό
1004 1767 1168 1856 ἀγκύριον

167 1867 422 1946 ἀνασπάσαντας
445 1865 616 1935 ἀποπλεῖν.
649 1866 719 1936 ὅδὲ
734 1865 852 1954 Ἑρμῆς
866 1867 1044 1954 βραδύνει,
1065 1867 1169 1935 πάλαι

167 1982 320 2055 παρεῖναι
337 1970 428 2035 δέου·
456 1964 556 2035 κενὸν
569 1975 656 2053 γοῦν
670 1971 834 2055 ἐπιβατῶν
843 2018 852 2051 ,
870 1963 914 2045 ῶς
929 1963 1026 2058 ὁρᾷς,
1047 1971 1115 2033 ἔστι
1129 1963 1167 2032 τδ

167 2075 353 2151 πορθμεῖον
361 2066 430 2150 τρλς
439 2063 502 2152 ἤδη
513 2064 658 2152 ιη’μερον
666 2065 950 2133 ἀναπεπλευκέναι
961 2063 1167 2149 δυνάμενον·

167 2168 221 2233 καὶ
236 2159 355 2249 σχεδὸν
374 2160 459 2249 ἀμφὶ
473 2167 641 2251 βουλυτόν
655 2168 760 2250 ἐστιν,
778 2162 871 2250 ἡμεῖς
891 2166 927 2231 δὲ
942 2160 1073 2229 οὐδέπω
1089 2161 1169 2230 οὐδὲ

168 2259 291 2350 ὀβολὸν
306 2262 587 2350 ἐμπεπολήκαμεν.
610 2261 678 2330 εἶτα
694 2261 710 2329 δ
728 2262 891 2330 Πλούτων
908 2255 946 2328 εὖ
961 2260 1034 2329 οἶδα
1049 2260 1100 2329 ὅτι
1112 2262 1169 2345 ἐμὲ

167 2364 334 2451 ῥᾳθυμεῖν
347 2363 384 2428 έν
402 2361 533 2440 τούτοις
547 2359 768 2447 ὑπολήψεται,
790 2362 844 2428 καὶ
860 2369 963 2429 ταῦτα
983 2359 1062 2446 παρ’
1078 2362 1169 2452 άλλη)

167 2456 269 2544 οὔσης
282 2464 339 2543 τῆς
351 2463 463 2536 αἰτίας.
487 2456 504 2525 ὁ
521 2460 556 2525 δὲ
571 2457 672 2537 καλὸς
682 2457 763 2545 ἡμῖν
773 2456 923 2544 κάμαθδς
937 2456 1170 2546 νεκροπομπὸς

97 2578 150 2631 622
170 2555 280 2640 ῶσπερ
297 2582 346 2633 τις
363 2553 461 2634 ἀλλος
476 2558 531 2623 καὶ
545 2554 644 2634 αὐτὸς
656 2554 693 2624 τά
711 2564 767 2643 τῆς
782 2556 853 2623 ἀνω
867 2556 985 2643 Λήθης
1001 2556 1093 2642 ὕδωρ
1108 2580 1169 2622 πε-

167 2650 287 2730 πωκῶς
300 2649 503 2737 ἀναστρέψαι
517 2654 601 2738 πρὸς
611 2654 696 2741 ἡμᾶς
713 2658 934 2741 ἐπιλέλησται,
948 2658 1003 2724 καὶ
1017 2655 1089 2742 ἦτοι
1103 2681 1170 2723 πα-

168 2756 251 2819 λαίει
261 2746 342 2834 μετά
353 2758 421 2817 τῶν
432 2748 597 2838 ἔφη’βωνῆ
609 2758 770 2835 κιθαρίζει
780 2748 802 2838 ἦ
811 2755 932 2839 λόγους
941 2752 1032 2833 τινάς
1043 2759 1169 2841 διεξέρ-

166 2874 255 2935 χεται
272 2849 541 2936 ἐπιδεικνύμενος
555 2850 614 2918 τάν
628 2859 732 2937 λῆρον
747 2848 807 2918 τάν
822 2849 944 2938 αὑτοῦ,
971 2848 992 2938 ἢ
1006 2853 1087 2937 τάχα
1101 2877 1170 2919 που

167 2947 221 3013 καὶ
237 2946 400 3013 κλωπεύει
415 2944 432 3013 ὁ
446 2948 610 3033 γεννάδας
623 2950 820 3032 παρελθῶν·
841 2958 899 3036 μία
913 2948 978 3037 γὰρ
996 2950 1170 3018 αὐτοῦκαὶ

167 3040 251 3129 αύτη
263 3050 331 3111 τῶν
344 3052 478 3130 τεχνῶν.
501 3042 518 3113 ὁ
535 3044 565 3111 δ’
584 3039 648 3113 ούυ
663 3049 885 3133 ἐλευθεριάζει
900 3046 983 3133 πρὸς
996 3045 1097 3135 ἡμᾶς,
1113 3050 1170 3116 καί

167 3148 269 3210 ταῦτα
287 3143 319 3223 ἐξ
336 3139 485 3229 ἡμισείας
497 3141 654 3230 ἡμέτερος
672 3144 727 3212 ῶν.

249 3259 279 3321 2.
298 3260 430 3325 ΚΛΩΘ.
457 3263 497 3324 Τί
512 3259 562 3335 δέ;
584 3254 691 3341 οἶδας,
715 3251 898 3343 ῶΧάρων,
921 3267 1012 3337 εἴτις
1032 3255 1169 3343 ἀσχολία

164 3356 369 3430 προσέπεσεν
388 3350 494 3445 αὐτῷ,
516 3360 577 3420 τοῦ
591 3352 674 3431 Διὸς
691 3355 743 3422 ἐπὶ
761 3356 864 3421 πλέον
885 3357 1064 3436 δεηθέντος
1082 3348 1168 3419 ἀπο·
