2550 3825
149 234 174 271 vr
562 224 797 275 PRAEFATIO.

147 349 234 417 άλλως
251 349 343 418 ὄντας,
360 362 386 412 in
402 361 536 425 procedosi
552 378 569 413 a
585 377 625 411 me
644 362 759 411 cancellis
777 369 885 427 sepiem,
905 376 963 411 cum
978 362 1037 412 eod.
1049 361 1121 411 eieci.
1148 358 1213 409 idem

147 428 213 478 vaiet
231 443 254 485 c.
275 430 307 479 12
325 430 357 481 de
372 445 413 480 vv.
435 425 483 479 καλ
501 430 678 495 νεωτερίσας,
696 446 761 494 quoe
778 432 853 496 vulgo
864 438 930 509 post
946 421 1156 493 μετακοσμήσας
1172 429 1215 478 ad·

148 496 340 563 ditowlegumur.
372 498 432 549 ibid.
449 498 508 551 dedi
524 501 590 549 ναοί
604 515 650 566 prc
668 492 738 556 νεοίς
772 500 834 550 ibid.
852 492 998 563 αγάλμοιτα
1020 488 1039 565 ἢ
1060 491 1149 560 ξόανα
1166 513 1213 563 pro

146 557 255 629 ἄγαλμα
269 554 288 629 ἢ
304 559 407 625 ξόανον
442 584 464 620 c.
483 568 515 620 13
533 562 621 625 ούτως
636 563 689 634 γάρ
724 560 794 618 ούτω
810 562 863 633 γάρ
878 568 954 622 Diod.
991 585 1012 619 c.
1034 570 1067 619 14
1089 564 1157 623 ἴσως
1174 583 1214 617 re·

147 637 217 685 stitui
232 648 278 719 pro
295 626 393 701 άντῆς
409 630 533 702 χρήσεως
564 639 624 689 ibid.
642 654 693 687 νυν
723 630 754 687 δέ
770 653 817 703 pro
833 635 885 686 νῦν
901 629 931 685 δ’
962 638 1023 692 ibid.
1042 629 1077 686 τά
1094 627 1214 700 ἐμαυτοῦ

147 700 751 839 (κακίαιςκ’ἑκικκλκ
1031 694 1215 825 λέουσι·

147 856 190 899 τες
218 858 239 892 c.
261 825 459 907 17’γινο’μενοι]
476 791 624 909 νεύόμενύί
636 845 713 895 Diod.
749 844 810 896 ibid.
827 840 875 894 καλ
892 842 923 893 τί
936 830 984 912 ἂν]
1002 791 1061 896 sofr
1079 842 1172 893 καίτοι
1187 842 1216 893 τί

146 900 182 961 dv
213 912 276 963 ibid.
292 905 361 962 άλλά
376 904 454 975 ὑμεῖς
474 913 533 964 dedi
549 930 594 980 pro
612 905 671 963 άλλ’
686 907 766 978 ὑμεῖς
801 929 823 963 ο.
837 915 870 967 18
885 904 967 965 ούδέν
983 907 1036 977 γάρ
1054 915 1155 963 restitui
1168 928 1214 978 pro

146 973 212 1031 ούδέ
225 973 277 1046 γάρ
313 997 335 1031 c.
355 980 388 1032 19
407 979 508 1049 καίειν]
528 978 606 1033 κάειν
623 983 699 1039 Dind.
733 983 793 1033 ibid.
817 981 1018 1048 παραγένηται]
1041 979 1215 1065 παραμέμνη-

145 1066 192 1099 ται
209 1051 287 1105 idem.
320 1051 382 1101 ibid.
401 1046 521 1101 κελεύετε
539 1045 577 1117 μὴ
597 1068 655 1102 eum
672 1053 728 1103 eod.
746 1067 793 1117 pro
811 1047 981 1102 κεκωλύκατε
1021 1067 1042 1101 c
1066 1053 1100 1103 20
1118 1048 1147 1112 εξ
1167 1047 1215 1100 καὶ

147 1116 225 1185 δέκα]
244 1109 392 1169 ἑκκαίδεκα
409 1121 485 1172 Diod.

214 1189 322 1239 Beomm
337 1190 402 1239 Diei.
421 1190 445 1250 1,
467 1193 478 1240 l
498 1182 600 1239 ούκονν
618 1191 710 1255 scripsi
730 1205 775 1254 pro
794 1182 896 1241 ούκούν
933 1190 993 1241 ibid.
1007 1182 1113 1256 αἰετὸν]
1132 1181 1215 1239 άετδν

146 1256 219 1307 Dind.
257 1260 282 1319 §.
299 1260 314 1308 2
330 1249 400 1323 αὕτη
419 1262 510 1325 scripsi
524 1276 570 1326 pro
589 1250 771 1321 αὐτὴ-(11111.
782 1261 831 1318 2,1
849 1252 983 1324 η’δίκησα]
1002 1250 1126 1323 η’δίκηκα
1137 1258 1213 1309 Diod.

145 1326 208 1376 ibid.
228 1319 333 1394 αἰετόν]
350 1318 432 1377 άετάν
448 1330 524 1380 Diod.
558 1327 583 1391 S.
603 1331 619 1379 2
635 1319 705 1377 iiii
723 1320 800 1395 έρᾶν]
819 1320 877 1379 άλλ’
893 1321 959 1392 έρᾶν
977 1330 1053 1379 idem.
1090 1328 1150 1379 ibid.
1167 1319 1215 1377 έπὶ

146 1386 254 1453 τούτοις
271 1389 378 1463 αύτοῑς]
394 1386 440 1446 ini
457 1392 566 1455 τούτοις
582 1382 669 1455 αὖθις
688 1398 755 1447 idem
772 1409 874 1449 auctore
891 1398 996 1448 Halmio.
1010 1425 1046 1435 —
1063 1398 1124 1447 dial.
1142 1397 1158 1449 3
1172 1411 1216 1445 τε-

148 1457 260 1527 ράστιον
269 1465 360 1532 τοῦτο]
372 1462 453 1528 τέρας
465 1482 492 1517 τι
504 1466 584 1517 τούτο
601 1467 846 1533 Βουσο1.ΑςΙκομ1.
878 1466 969 1520 ‚1231.
988 1476 1014 1516 at
1024 1467 1082 1516 vide
1091 1467 1214 1517 Fritzsch.

147 1534 179 1583 cd
196 1535 326 1599 Aristoph.
345 1536 437 1585 rhesm.
459 1552 484 1619 p.
507 1537 567 1589 218.
593 1562 628 1573 -
655 1535 759 1594 dieii,
777 1537 791 1586 1
810 1483 875 1586 ούδδ
896 1531 983 1600 πτερὰ
1001 1551 1058 1584 eum
1077 1536 1152 1587 Diod,
1166 1550 1215 1600 pro

147 1594 182 1650 ού
195 1594 282 1667 πτερά
315 1604 375 1654 ibid.
394 1599 496 1673 αἰετος]
512 1596 591 1663 άετός
608 1606 692 1662 Diod,
711 1613 737 1655 et
755 1608 789 1654 ito
804 1607 933 1670 deinceps.
968 1607 994 1667 S.
1014 1604 1030 1655 3
1052 1602 1102 1653 τού
1119 1618 1149 1653 τε
1162 1618 1216 1653 πο-

146 1670 241 1738 μνίον]
265 1674 299 1721 ita
319 1689 351 1723 ex
376 1676 433 1756 cod.
455 1690 503 1758 pro
518 1673 572 1758 ‘rori
594 1671 729 1736 ποιμνίου
769 1675 828 1726 ibid.
853 1671 900 1757 καὶ
915 1667 972 1793 cipp
985 1670 1110 1737 πατρίδα
1126 1673 1216 1733 Diod..

146 1742 549 1874 ακκικακκιςα
569 1736 932 1877 κλακκτκλκ
954 1740 1044 1865 ir.
1064 1742 1215 1876 irrie-

146 1872 398 1945 κοιμηθησόμενον.
438 1882 497 1934 ibid.
517 1874 554 1940 οἱς
570 1873 602 1931 τά
620 1876 719 1968 πολλά]
743 1883 831 1934 addidi
848 1873 886 1940 ὡς
908 1912 943 1924 ·-
970 1876 1212 1944 11ο1.5,3ἠδιων

146 1941 326 2014 ἒμο1](ι(1(11(11
349 1944 439 2015 ἡδίων
473 1955 498 2014 5.
520 1954 538 2002 4
560 1942 673 2019 οὕνεκα]
695 1965 776 2003 ενεκα
799 1953 874 2002 Diod.
908 1953 968 2005 ibid.
988 1945 1127 2014 καθάριος
1165 1950 1214 2000 00-

150 2027 188 2068 ret
206 2028 287 2069 certos
307 2023 465 2071 coniecturae
484 2024 584 2086 reponit
604 2014 767 2087 καθάρειος.
803 2024 828 2083 5.
846 2017 947 2088 5θέλῃ
964 2037 1022 2071 rece
1041 2023 1113 2101 ipro
1166 2015 1214 2087 ἕλῃ

146 2114 180 2125 -
198 2087 297 2149 diditi,
315 2091 326 2138 1
346 2080 415 2139 iiii
431 2081 546 2151 άνάξιος
569 2093 652 2156 recepi
675 2107 720 2156 pro
743 2082 803 2140 άλλ’
823 2082 868 2140 άν.
908 2092 933 2153 s.
952 2091 968 2142 3
990 2036 1039 2140 nd
1054 2103 1087 2138 σο
1104 2084 1158 2156 ἕπῃ
1173 2105 1215 2139 re·

146 2159 201 2220 cepi
217 2172 262 2222 pro
281 2153 328 2207 καί
345 2153 399 2224 ἔπῃ
441 2160 466 2220 s.
486 2161 503 2210 4
520 2151 633 2209 ἐκείνων
651 2161 767 2211 revocavi
787 2175 845 2210 cum
863 2161 940 2213 Diod.
953 2176 999 2225 pro
1016 2153 1126 2210 ’κείνων
1159 2159 1216 2220 §.5

146 2221 205 2308 rcip’
222 2218 257 2276 ἄν
275 2243 331 2276 cum
345 2228 482 2289 Diodorfio,
500 2229 713 2291 quemadmodum
727 2228 807 2279 voluit
824 2229 920 2294 Poppo,
938 2245 983 2294 pro
997 2223 1069 2292 τάχα
1098 2229 1159 2279 ibid.
1170 2224 1217 2276 δι-

146 2294 212 2354 δους
229 2288 263 2344 ού
277 2295 326 2344 τοῦ
343 2290 444 2359 ἔρωτος
461 2323 496 2334 -·
514 2289 547 2346 ού
563 2291 614 2362 γάρ
634 2289 670 2361 δὴ
695 2289 789 2347 δεινὸν
809 2293 892 2348 τοῦτό
907 2311 937 2362 νε
960 2325 995 2335 -
1014 2291 1083 2347 ciiii
1099 2296 1149 2362 τῆς
1167 2311 1218 2359 με-

145 2363 306 2432 γαλαυχίας]
334 2367 368 2417 iia
386 2383 443 2416 oum
464 2367 609 2418 Lehmanno
624 2376 650 2416 et
670 2367 816 2419 Fritzschic.
853 2359 889 2430 δὴ
908 2368 981 2417 eiecit
998 2368 1072 2417 Diod.
1090 2382 1139 2431 ego
1152 2367 1217 2416 oiim

146 2453 177 2485 ex
187 2437 242 2486 cod.
254 2437 386 2486 dederemz
403 2426 500 2494 διδούς
517 2434 566 2486 τοῦ
583 2430 700 2498 ἔρωτος·
718 2428 752 2485 ού
769 2427 821 2500 γάρ
840 2431 935 2486 δεινὸν
954 2428 1035 2486 τούτύ
1049 2449 1078 2500 γε
1089 2430 1153 2483 άντὶ
1161 2433 1217 2499 τῆς

145 2503 343 2569 μεμαλανχίαςς
364 2531 400 2542 -
416 2505 477 2556 dial.
503 2509 527 2566 7.
547 2507 560 2556 l
580 2497 698 2571 ἑόρακας
714 2507 791 2560 Diod.
826 2507 853 2568 §.
878 2509 894 2556 2
917 2498 971 2556 Md
993 2504 1059 2571 Δία]
1084 2496 1133 2568 Νὴ
1156 2505 1218 2553 Δία

145 2574 213 2637 vulg.
232 2601 266 2610 —
282 2574 341 2627 dici.
361 2573 419 2624 8τι
434 2565 498 2624 ἄλλο
519 2577 602 2641 recepi
626 2591 673 2640 pro
693 2566 814 2638 τάληθές
852 2575 913 2626 ibid.
935 2568 1115 2652 Εἰλήθυιαν]θ
1133 2573 1216 2627 Diod.

144 2635 311 2691 Εἰλείθυιαν
329 2646 467 2695 revocavit.
486 2643 643 2724 --(11(ι1.11ζ
667 2645 681 2694 1
704 2635 776 2694 Ἀλλά
797 2635 833 2692 ού
857 2644 917 2694 dedi
940 2659 986 2709 pro
1004 2634 1066 2694 Ἀλλ’
1083 2656 1118 2692 ου
1151 2643 1216 2693 ibid.

144 2702 213 2759 άλλδι
230 2701 296 2759 ciii
313 2725 358 2774 pro
374 2702 432 2759 iii’
447 2703 513 2761 cibi
543 2714 604 2765 ibid.
623 2707 692 2762 αλλά
705 2705 735 2762 έν
751 2729 797 2778 pro
816 2704 873 2761 iii’
890 2702 920 2761 έν
949 2714 1005 2774 §.2
1023 2706 1111 2763 οἶσθα
1127 2715 1220 2777 recepi

144 2795 189 2846 pro
206 2773 294 2830 οἶσθα
312 2773 343 2829 δέ
380 2781 441 2832 ibid.
463 2771 624 2845 ἕπτάμηνον
643 2784 741 2834 restitui
758 2797 805 2848 pro
823 2771 1026 2845 ἑπταμηνιαῖον
1065 2782 1126 2835 ibid.
1144 2773 1216 2830 ἔδω-

143 2863 180 2898 κοι
197 2864 243 2914 pro
261 2843 411 2910 παρέδωκα
448 2851 508 2902 ibid.
526 2844 560 2899 τά
577 2842 657 2918 ἄλλα]
676 2852 751 2901 Diod.
769 2841 854 2900 τάλλα
889 2852 949 2900 ibid.
969 2840 1063 2902 deum
1079 2850 1156 2903 Dind.
1172 2865 1220 2900 re·

144 2919 200 2980 cepi
216 2933 262 2983 pro
280 2910 341 2969 ὅσα.
362 2946 392 2955 -
412 2921 472 2972 diei.
493 2919 534 2985 10,
555 2911 642 2970 1άλλ’
659 2912 742 2969 ἔνδον
759 2918 834 2970 Dind.
876 2920 937 2969 ibid.
955 2911 1156 2984 Ἀμφιτρύωνος
1171 2934 1221 2968 re-

143 2979 653 3123 ri.rrrrrrirsrr‘i.
676 2979 875 3124 imici
892 2979 1018 3107 iirr⁰
1036 2990 1113 3108 iri·
1147 2987 1220 3106 itli-

144 3116 207 3180 τούς
223 3119 266 3192 δέ]
281 3117 346 3184 τούς
362 3120 392 3175 δ’
407 3100 481 3178 Dind.
522 3129 584 3183 ibid.
609 3073 934 3192 iucyysidflddrpprid
955 3075 1031 3178 Ιδδθδ.
1057 3126 1143 3177 nescio
1161 3141 1222 3188 qua

143 3195 175 3244 de
193 3209 277 3244 causa.
295 3223 331 3234 —
349 3195 410 3246 dial.
430 3198 471 3259 11,
488 3198 503 3246 2
522 3187 621 3262 οὕτως]
642 3197 718 3246 Diod.
736 3199 863 3247 revocavit
881 3186 954 3245 οὕτω
988 3198 1050 3250 ibid.
1069 3188 1221 3260 ἐπιπρέπῃ

143 3271 167 3312 et
183 3252 311 3331 άναπνέρ
330 3266 420 3330 scripsi
439 3281 495 3316 oum
510 3266 584 3318 Diod.
599 3281 646 3331 pro
664 3257 811 3330 ἐπιπρέπει
826 3276 851 3316 et
866 3256 1000 3315 άναπνέει
1016 3292 1051 3303 -
1069 3263 1221 3324 dia1.12,1
1252 3304 1253 3313 .

142 3324 287 3396 μειράκων
303 3332 408 3383 ποθεῖν
427 3336 485 3386 dedi
502 3351 560 3385 cum
577 3335 668 3385 eodem
681 3349 728 3400 pro
744 3331 890 3400 μειράκων
905 3326 1020 3401 [έκεῖνο]
1042 3332 1112 3386 ποθ.
1148 3333 1223 3388 ibid.

143 3396 222 3452 δέδια
239 3401 338 3453 τοίνυν
350 3393 472 3464 ἅπαντα,
492 3397 604 3467 δέδιαή
621 3396 653 3453 τδ
670 3402 797 3453 τοιοῦτον
822 3397 852 3454 σέ
869 3397 967 3469 κακὸν]
994 3407 1029 3454 ito
1045 3403 1137 3468 scripsi
1150 3417 1223 3466 pro:

143 3468 223 3522 δέδια
238 3473 336 3524 τοίνυν
353 3462 481 3536 ἅπαντα,
505 3469 585 3524 δέδια
604 3465 635 3522 τὸ
656 3471 765 3523 τοιούτο
781 3466 799 3538 ἡ
817 3465 848 3523 τὸ
865 3471 935 3539 μέγα
954 3467 983 3523 σέ
999 3465 1096 3525 κακὸν.
1132 3470 1222 3521 Diod.
1251 3540 1252 3549 ἵ
