2550 3825
155 153 219 212 3⁰2
517 157 808 215 AOTKIANOY

155 309 208 378 ἐπ’
227 314 397 398 ἐλάχιστον
412 312 595 400 ὡμιληκώς.
629 321 678 381 14.
701 312 842 399 ἀρξομαι
858 316 894 382 δὲ
910 312 974 382 ἀπὸ
990 323 1050 382 τοῦ
1063 313 1156 400 πραέ

155 437 215 477 του
230 415 383 497 δείπνου,
404 409 447 498 ἢν
462 416 560 500 δοκῇ,
586 410 605 478 ὅ
619 431 657 478 σε
671 410 759 489 είκδς
774 412 966 497 δειπνήσειν
981 409 1021 479 τά
1037 415 1161 495 προτέυ

155 516 225 575 λεια
252 516 308 594 τῆς
335 510 519 594 μελλούσης
544 514 731 588 ξυνουσίας.
779 507 886 588 εὐθύς
914 502 978 577 ούν
1004 507 1161 593 πρόσεισι

154 609 392 692 παραγγέλλων
411 633 460 684 τις
473 605 569 692 ἥκειν
583 609 634 673 ἐπὶ
649 603 685 674 τό
704 610 857 692 δεῖπνον,
883 604 945 674 οὐκ
960 605 1162 691 ἀνομίλητος

115 741 118 747 ·
156 708 292 790 οίκέτης,
308 703 347 773 δν
359 703 419 792 χρὴ
431 712 564 789 πρῶτον
574 709 675 773 ἵλεων
689 707 903 792 ποιήσασθαι,
917 707 1161 794 παραβύσαντα

155 805 187 879 ἐς
204 800 265 887 τὴν
285 817 393 888 χεῖρα,
421 799 464 880 ὡς
484 800 528 888 μὴ
550 801 677 882 ἀδέξιος
693 801 777 871 εἶναι
798 809 912 892 δοκῇς,
940 801 1160 888 τούλάχιστον

155 901 251 965 πέντε
266 901 424 986 δραχμαῖς·
447 898 465 966 ὁ
484 898 519 966 δὲ
534 897 754 987 ἀκκισάμενος
764 909 835 988 καί,
853 901 975 986 ἀπαγε,
991 897 1080 984 παρὰ
1092 905 1159 965 σοῦ

85 1001 138 1057 670
157 1002 192 1064 δὲ
205 997 270 1082 ἑγιύ
277 1027 286 1078 ;
309 1006 379 1081 καί,
391 995 561 1081 Ἡράκλεις
575 997 619 1084 μὴ
636 1003 783 1084 γένοιτο,
801 998 952 1067 ὑπειπών
965 1004 1057 1076 τέλος
1067 1000 1159 1064 έπεί-

154 1104 239 1180 σδη,
255 1097 309 1162 καὶ
326 1093 439 1163 άπεισί
451 1116 505 1164 σοι
521 1095 627 1164 πλατύ
649 1097 813 1182 ἐγχανών·
835 1096 879 1165 σύ
899 1100 934 1167 δὲ
956 1100 1080 1182 ἐσθῆτα
1094 1121 1158 1160 κα-

154 1189 268 1276 θαράν
283 1193 574 1279 προχειρισάμενος
588 1197 641 1262 καὶ
654 1196 794 1262 σεαυτὸν
806 1193 850 1274 ὡς
861 1194 1066 1282 κοσμιώτατα
1076 1214 1157 1276 σχη-

155 1297 292 1376 ματίσας
306 1293 510 1379 λουσάμενος
519 1291 611 1378 ἥκεις
621 1291 737 1372 δεδιὼς
746 1293 790 1380 μη
801 1292 866 1380 πρὸ
877 1301 945 1362 τῶν
955 1293 1066 1361 ἄλλων
1075 1289 1157 1374 ἀφί-

155 1415 243 1457 κοιο·
278 1387 499 1476 ἀπειρόκαλον
521 1391 603 1476 γάρ,
631 1389 741 1476 ὥσπερ
762 1396 817 1460 καὶ
839 1389 876 1459 τὸ
898 1390 1041 1458 ὕστατον
1060 1388 1155 1474 ἥκειν

156 1487 327 1572 φορτικόν.
359 1487 439 1555 αὐτὰ
455 1481 519 1555 οὖν
532 1489 676 1575 τηρήσας
691 1486 728 1556 τό
745 1492 848 1576 μέσον
862 1497 922 1557 τού
936 1493 1055 1573 καιροῦ
1070 1491 1152 1553 είσε-

154 1584 320 1670 ληλνθας,
335 1593 393 1654 καί
404 1607 441 1653 σε
452 1585 542 1653 πάνυ
554 1591 691 1672 ἐντίμως
702 1590 869 1670 ἐδέξαντο,
886 1588 940 1653 καὶ
951 1581 1155 1670 παραλαβών

155 1709 204 1759 τις
220 1686 388 1751 κατέκλινε
409 1682 530 1769 μικρὸν
550 1682 634 1767 ὑπὲρ
652 1692 712 1751 τοῦ
732 1691 894 1752 πλουσίου
910 1681 991 1769 μετά
1010 1681 1071 1748 δύο
1088 1703 1156 1744 που

156 1777 274 1863 σχεδὸν
286 1788 354 1846 των
365 1789 515 1849 παλαιῶν
527 1790 644 1867 φίλων.
668 1788 717 1849 15.
733 1779 819 1850 οὐδ’
833 1780 943 1864 ὥσπερ
957 1783 990 1856 ἐς
1000 1785 1061 1845 τοῦ
1071 1772 1156 1852 Διὸς

155 1873 215 1943 τὸν
230 1873 323 1943 οίκον
340 1876 519 1963 παρελθών
534 1880 643 1947 πάντα
663 1880 874 1965 τεθαύμακας
891 1881 946 1947 καλ
960 1874 1013 1963 ἐφ’
1030 1873 1156 1961 ἑκάστῳ

156 1979 224 2040 τῶν
241 1978 475 2060 πραττομένων
490 1980 652 2064 μετέωρος
668 1976 710 2044 εί·
733 1980 809 2058 ξένα
825 1978 889 2063 γάρ
908 1996 961 2043 σοι
975 1976 1030 2041 καὶ
1044 1972 1155 2057 ἀγνω·

157 2093 217 2141 στα
233 2074 358 2141 πάντα·
386 2078 440 2144 καὶ
460 2076 531 2162 ἥτε
551 2083 689 2145 οίκετεία
706 2082 751 2156 είς
765 2080 801 2143 σὲ
821 2074 1000 2162 ἀποβλέπει
1021 2073 1074 2138 καὶ
1088 2075 1157 2135 τῶν

157 2173 334 2258 παρόντων
348 2176 482 2254 ἕκαστος
498 2174 518 2243 ὅ
532 2203 563 2243 τι
579 2176 711 2260 πράξεις
728 2177 953 2258 ἐπιτηροῦσιν,
972 2168 1050 2237 οὐδὲ
1067 2165 1157 2254 αύτῷ

158 2273 193 2339 δὲ
208 2270 323 2359 ἀμελὲς
339 2280 385 2362 τῷ
400 2280 546 2364 πλουσίῳ
561 2280 676 2358 τοῦτο,
691 2271 774 2341 ἀλλά
790 2274 844 2340 καὶ
857 2276 996 2354 προεῖπέ
1008 2289 1073 2336 τισι
1088 2272 1158 2332 τῶν

157 2376 294 2438 οίκετῶν
310 2373 517 2455 ἐπισκοπεῖν,
538 2370 653 2457 [ὅπως]
663 2374 696 2450 ἐς
710 2369 788 2449 τοὺς
802 2375 921 2448 παῖδας
935 2366 958 2456 ἢ
972 2373 1004 2447 ές
1019 2364 1079 2453 την
1092 2390 1157 2450 γυ-

158 2484 255 2537 ναῖκα
271 2476 300 2537 εί
313 2470 471 2549 πολλάκις
491 2474 526 2538 ἐκ
541 2476 709 2555 περιωπῆς
728 2465 941 2555 ἀποβλέψεις·
969 2470 1002 2533 οἱ
1016 2459 1156 2550 μὲνγὰρ

157 2574 225 2634 των
247 2571 458 2635 συνδείπνων
481 2565 666 2636 ἀκόλουθοι
682 2563 823 2654 ὁρωντες
839 2565 1108 2650 ἐκπεπληγμένον
1123 2563 1157 2637 ἐς

157 2663 219 2750 τὴν
240 2663 393 2750 ἀπειρίαν
413 2672 480 2732 τῶν
501 2670 682 2751 δρωμένων
702 2664 958 2733 ἀποσκώπτουσι
979 2661 1157 2745 τεκμήριον

157 2764 352 2848 ποιούμενοι
363 2770 423 2830 τοῦ
435 2761 479 2848 μὴ
492 2762 572 2849 παρ’
585 2764 674 2854 ἀλλω
686 2763 849 2849 πρότερόν
859 2783 896 2831 σε
908 2764 1157 2846 δεδειπνηκέναι

89 2874 138 2928 671
158 2864 212 2929 καὶ
228 2859 264 2928 τὸ
280 2858 398 2928 καινὸν
416 2859 502 2927 είναί
510 2880 563 2928 σοι
576 2860 613 2929 τὰ
625 2863 864 2949 χειρόμακτρον
873 2864 1068 2947 τιθέμενον·
1090 2856 1158 2924 ἀίσ-

158 2984 219 3043 περ
234 2952 298 3026 νύν
315 2960 417 3043 είκός,
442 2963 538 3028 ίδίειν
559 2986 595 3027 τε
617 2960 747 3048 ἀνάγκη
762 2958 820 3028 ὑπ’
845 2958 984 3047 ἀπορίας
1005 2959 1060 3025 καί
1075 2956 1158 3041 μήτε

158 3062 306 3139 διψῶντα
320 3071 408 3124 πιεῖν
423 3064 525 3127 αἰτεῖν
539 3068 681 3146 τολμᾶν,
702 3058 746 3146 μὴ
762 3059 858 3147 δόξης
873 3058 1032 3143 οίνόφλυξ
1046 3081 1094 3132 τις
1111 3050 1157 3119 εἷ-

157 3183 230 3239 ναι,
254 3155 334 3241 μήτε
355 3162 421 3223 τῶν
438 3153 532 3238 ὄψων
552 3162 809 3244 παρατεθέντων
823 3165 984 3227 ποικίλων
1004 3160 1059 3225 καὶ
1074 3153 1157 3239 πρός

159 3279 232 3321 τινα
248 3254 341 3333 τάξιν
355 3256 605 3340 ἐσκευασμένων
617 3261 739 3324 είδέναι
753 3252 808 3342 ἐφ’
821 3254 840 3322 ὅ
854 3283 885 3323 τι
899 3261 1032 3338 πρῶτον
1045 3249 1066 3337 ἢ
1078 3251 1155 3317 δεύ·

159 3376 256 3431 τερον
266 3348 327 3436 τὴν
338 3366 428 3436 χεῖρα
440 3355 590 3440 ένέγκης·
609 3352 812 3440 ὑποβλέπειν
826 3345 890 3419 ούν
901 3355 933 3429 ές
943 3350 1003 3418 τόν
1015 3353 1157 3432 πλησίον
