2550 3825
161 184 225 277 σεε
515 187 823 245 Λουκικαον

166 439 319 507 mm?
345 395 458 506 νου
479 438 560 505 EN
587 439 660 504 νιι
678 437 1174 507 ’ΠΡοΣΑνοΡιιυεει

473 554 855 623 mmmmm.

226 723 229 730 ’
247 721 275 782 l.
290 711 447 782 Χαλεπὸν
458 715 519 800 μὲν
531 713 716 797 άνθρωπον
727 712 807 781 όντα
819 713 976 801 δαίμονός
985 737 1073 790 τινος
1083 710 1169 795 ἐπή-

163 839 258 899 ρειαν
272 816 460 899 διαφυγεῖν,
476 809 562 879 πολύ
574 813 610 878 δὲ
619 813 848 897 χαλεπώτερον
858 810 1041 898 ἀπολογίαν
1052 807 1168 894 εὑρεῖν

119 974 122 980 ,
162 907 356 993 παραλόγου
376 911 431 976 καὶ
448 912 623 994 δαιμονίου
644 914 859 995 πταίσματος,
887 907 971 993 άπερ
993 905 1168 992 ἀμφότερα

163 1013 229 1073 νῦν
241 1009 311 1091 ἐμοὶ
322 1009 547 1094 συμβέβηκεν,
563 1003 600 1084 ὃς
613 1003 818 1091 ἀφικόμενος
831 1005 921 1093 παρά
936 1009 989 1092 σε’,
1006 1003 1049 1083 ὡς
1059 1022 1167 1089 προσ-

164 1110 287 1189 είποιμι
313 1101 349 1170 τό
375 1103 536 1189 ἑωθινόν,
562 1107 640 1171 δέον
658 1102 720 1190 τήν
744 1105 879 1191 συνήθη
901 1104 1026 1190 ταύτην
1045 1097 1168 1188 φωνήν

164 1199 298 1287 ἀφεῖναι
315 1203 370 1269 καὶ
385 1209 512 1287 χαίρειν
528 1203 696 1286 κελεύειν,
716 1199 781 1289 ἐγώ
802 1203 838 1270 δὲ
859 1201 877 1270 ὁ
892 1209 1036 1288 χρυσοῦς
1051 1204 1169 1269 ἐπιλα-

92 1317 144 1373 ⁷25
163 1300 309 1385 θόμενος
329 1297 494 1385 ὑγιαίνειν
516 1320 553 1366 σε
575 1298 705 1386 ἠξίουν,
732 1299 885 1387 εὔφημον
904 1303 967 1386 μὲν
986 1302 1168 1380 καὶτοῦτο,

162 1397 224 1463 ούκ
247 1398 283 1463 ἐν
304 1404 408 1482 καιρῷ
425 1398 461 1463 δὲ
483 1393 526 1475 ὡς
548 1393 590 1463 ού
606 1393 689 1464 κατά
709 1396 770 1482 τήν
790 1399 842 1465 ἕω.
875 1396 939 1484 ἐγω
959 1398 1021 1482 μὲν
1035 1389 1100 1463 ούν
1114 1397 1168 1462 ἐπὶ

162 1493 269 1583 τούτῳ
286 1490 391 1573 εὐθύς
405 1495 493 1562 ίδιόν
503 1521 539 1563 τε
553 1497 606 1562 καί
620 1493 797 1581 ἠρυθρίων
810 1498 865 1564 καὶ
875 1510 1030 1574 παντοῖος
1043 1487 1087 1581 ήν
1097 1490 1166 1559 ὑπό

163 1588 320 1673 ἀπορίας,
336 1597 370 1659 οί
381 1592 543 1675 παρόντες
557 1593 593 1660 δὲ
605 1598 639 1660 οἱ
650 1595 716 1679 μὲνΙ
726 1600 943 1679 παραπαίειν,
959 1590 1004 1671 ὡς
1017 1591 1053 1661 τὸ
1067 1591 1166 1673 είκός,

163 1692 197 1755 οί
210 1690 246 1754 δὲ
261 1696 374 1773 ληρεῖν
388 1686 448 1774 ὑφ’
461 1687 606 1776 ἡλικίας,
624 1696 658 1759 οί
667 1694 703 1758 δὲ
714 1700 873 1778 χθεσινῆς
886 1692 1070 1775 κραιπάλης
1079 1687 1168 1755 άνά-

163 1807 284 1873 μεστον
302 1795 348 1856 ἔτι
364 1786 470 1878 η’ίοντό
486 1817 527 1876 με
543 1790 644 1875 εἶναι,
669 1797 699 1858 εί
711 1795 767 1860 καὶ
781 1791 833 1860 ότι
847 1792 988 1879 μάλιστα
1002 1788 1045 1858 σύ
1062 1794 1166 1857 ἐπιει-

163 1892 229 1962 κῶς
248 1882 390 1970 ἤνεγκας
411 1884 447 1954 τό
465 1886 603 1975 γεγονὸς
619 1886 693 1956 οὐδ’
711 1887 793 1959 ὅσον
807 1888 899 1979 άκρφ
915 1896 961 1979 τῷ
978 1887 1168 1975 μειδιάματι

163 1983 453 2070 ἐπισημηνάμενος
460 1994 517 2072 τῆς
528 1986 673 2073 γλιόττης
683 1985 745 2073 τήν
757 1993 960 2074 διαμαρτίαν.
977 1991 1089 2066 ἔδοξεν
1101 1979 1167 2053 ούν

81 2142 84 2149 .
164 2106 223 2168 μοιι
242 2087 350 2159 καλῶς
370 2087 458 2168 ἔχειν
479 2094 698 2173 παραμυθίαν
717 2084 792 2153 τινά
815 2090 946 2175 ἐμαυτῷ
962 2084 1166 2172 συγγράψαι,

78 2195 81 2200 “
164 2175 208 2256 ὡς
222 2175 266 2265 μή
283 2178 374 2247 πάνυ
395 2179 546 2273 άνιςόμην
565 2187 617 2252 ἐπὶ
636 2191 682 2274 τῷ
701 2193 877 2270 πταίσματι
893 2181 972 2270 μηδ’
992 2181 1168 2267 ἀφόρητον

161 2274 320 2364 ἡγοίμην,
347 2285 377 2346 εί
397 2283 583 2369 πρεσβύτης
605 2280 691 2369 ἀνήρ
712 2292 873 2352 τοσοῦτον
892 2281 1089 2370 ἀπεσφάλην
1104 2288 1167 2347 τοῦ

162 2384 271 2455 καλῶς
285 2382 416 2462 ἔχοντος
432 2382 484 2448 ἐπί
498 2382 668 2449 τοσούτων
680 2382 876 2467 μαρτύρων·
906 2380 1086 2467 ἀπολογίας
1103 2382 1168 2467 μὲν

162 2472 227 2561 γάρ
243 2474 344 2544 οὐδὲν
358 2483 440 2563 ἔδει,
456 2479 563 2567 οἶμαι,
579 2479 664 2565 ὑπὲρ
675 2482 820 2567 γλύττης
831 2487 877 2561 είς
890 2479 997 2560 οὕτως
1012 2479 1167 2566 εὔφημον

93 2590 145 2643 726
163 2572 264 2661 εύχήν
286 2573 497 2666 ὀλισθούσης.
534 2587 563 2648 2.
587 2579 768 2666 ἀρχόμενος
789 2583 851 2667 μὲν
871 2574 935 2648 οὖν
956 2588 1013 2667 τῆς
1034 2586 1167 2665 γραφῆς

162 2674 255 2741 πάνυ
266 2671 381 2764 ἀπόρῳ
393 2678 606 2757 ἐντεύξεσθαι
618 2678 712 2769 η’όμην
722 2687 768 2771 τῷ
778 2681 1002 2768 προβλήματι,
1013 2679 1168 2766 προιόντι

163 2772 198 2839 δὲ
218 2770 322 2839 πολλά
345 2770 525 2861 προύφάνη
546 2773 586 2843 τά
609 2783 732 2846 λεκτέα.
772 2776 814 2846 ού
832 2777 899 2866 μήν
916 2780 1079 2865 πρότερον
1100 2783 1168 2862 ἐρῶ

163 2866 263 2955 αύτά,
278 2865 323 2957 ήν
338 2868 383 2959 μή
399 2875 547 2960 περὶτοῦ
560 2882 689 2963 χαίρειν
702 2874 808 2945 αύτοῦ
819 2880 874 2946 καί
886 2884 948 2947 τοῦ
959 2871 999 2945 εὖ
1009 2877 1168 2964 πράττειν

162 2971 215 3036 καί
230 2975 291 3035 τοῦ
306 2968 473 3055 ὑγιαίνειν
485 2981 633 3057 προείπω
649 2972 690 3041 τά
705 2975 823 3043 είκότα.
853 2973 890 3043 τό
907 2974 969 3063 μὲν
983 2974 1024 3062 δή
1039 2984 1168 3061 χαίρειν

161 3066 279 3153 ἀρχαία
290 3070 353 3154 μὲν
364 3069 385 3156 ή
397 3072 676 3161 προσαγόρευσις,
695 3071 736 3142 ού
747 3072 815 3160 μήν
829 3072 953 3160 ἕωθινή
968 3075 1075 3160 μόνον
1086 3069 1167 3140 οὐδὲ

161 3164 227 3235 ὑπὸ
243 3164 306 3255 τήν
320 3168 456 3255 πρωτην
469 3175 633 3258 ἔντευξιν,
651 3170 734 3242 άλλά
750 3177 804 3242 καὶ
818 3182 951 3258 πρῶτον
965 3174 1027 3258 μὲν
1038 3171 1167 3249 ίδόντες

159 3264 324 3354 ἀλλήλους
339 3274 455 3355 ἔλεγον
468 3267 550 3337 αύτό
558 3321 566 3353 ,
584 3268 628 3349 ὡς
644 3272 681 3339 τό

287 3378 394 3467 χαῖρ’,
411 3374 438 3449 ά
454 3384 602 3451 δυνάστα
619 3389 719 3471 τῆσδε
731 3392 791 3470 γῆς
809 3389 1000 3466 Τιρυνθίας.
