2550 3825
357 178 548 238 ΠΡΟΜΗΘ.
572 182 619 238 ΕΙ
639 182 698 239 ΕΝ
718 180 814 239 ΛΟΓ.
1066 178 1088 238 9

94 336 207 422 μικρὸν
226 342 436 423 ἔμπροσθεν,
460 335 480 424 ἡ
504 336 665 423 πλαστικὴ
687 337 769 406 κατὰ
786 336 888 406 ταάτά
904 354 972 417 τοῖς
987 363 1088 425 κορο-

94 434 244 514 πλάθοις·
267 434 306 502 τά
323 433 354 503 δ’
373 435 457 503 ἀλλα
474 433 550 503 οὔτε
564 444 694 521 κίνησις
710 433 806 522 ὁμοία
821 436 1000 523 πρόσεστιν
1011 433 1088 505 οὔτε

93 542 190 619 ψυχῆς
205 536 322 621 δεῖγμά
339 562 380 620 τι,
400 532 482 603 ἀλλὰ
500 538 612 618 τέρψις
629 533 736 614 ἀλλως
748 540 802 603 καὶ
816 534 931 603 παιδιά
946 534 983 602 τδ
998 543 1086 620 πρά·
1107 551 1140 606 2⁶

91 660 160 716 γμα.
183 630 267 699 ὥστε
278 658 334 719 μοι
346 637 568 719 ἐνθυμεῖσθαι
580 638 696 716 ἔπεισι,
711 630 755 719 μή
767 632 832 719 ἀρα
844 630 932 699 οὕτω
943 659 983 718 με
993 641 1086 713 Προ-

90 734 194 817 μηθέα
210 732 318 817 λέγοις
331 730 427 817 είναι,
447 729 490 809 ὡς
504 729 521 798 ὁ
535 729 679 817 κωμικός
689 731 749 798 τὸν
765 734 920 799 Κλέωνα·
943 735 1024 817 φησὶ
1040 733 1086 812 δέ,

91 828 195 913 οἶσθα,
211 832 286 915 περὶ
300 828 419 897 αὐτοῦ·

189 930 307 995 Κλέων
322 926 527 1014 Προμηθεύς
544 930 611 993 ἐστι
625 925 707 1011 μετά
723 925 763 993 τά
778 928 962 1013 πράγματα.

91 1034 141 1093 καὶ
155 1024 250 1094 αὐτοὶ
264 1030 300 1094 δὲ
312 1025 483 1112 Ἀθηναῖοι
498 1023 576 1103 τούς
590 1027 729 1111 χυτρέας
745 1028 799 1093 καλ
820 1025 1017 1106 ἰπνοποιοὺς
1031 1029 1087 1094 καί

89 1132 222 1212 πάντας,
235 1124 308 1194 ὅσοι
321 1132 516 1213 πηλουργοί,
528 1125 729 1209 Προμηθέας
740 1121 932 1191 ἀπεκάλουν
941 1125 1086 1193 ἐπισκά-

88 1250 222 1303 πτοντες
236 1227 268 1303 ές
283 1222 343 1292 τόν
358 1222 465 1310 πηλὸν
479 1225 534 1291 καὶ
547 1221 608 1308 τήν
624 1224 660 1288 ἐν
675 1225 756 1306 πνρδ
770 1220 859 1307 οἶμαι
874 1230 942 1290 τῶν
956 1232 1087 1291 σκευῶν

88 1323 241 1409 όπτησιν·
263 1325 318 1390 καλ
339 1333 372 1391 εί
387 1348 426 1408 γε
447 1343 500 1389 σοι
519 1328 617 1389 τοῦτο
638 1321 793 1407 βούλεται
814 1320 898 1387 εἶναι
914 1318 931 1387 ὁ
946 1329 1086 1407 Προμη-

87 1422 178 1505 θεύς,
193 1419 284 1487 πάνυ
301 1419 463 1507 εὐστόχως
479 1420 732 1499 ἀποτετόξευται
748 1420 803 1485 καὶ
820 1422 853 1497 ἐς
865 1417 927 1506 τήν
937 1416 1087 1505 Ἀττικήν

89 1518 268 1606 δριμύτητα
284 1527 352 1587 τῶν
369 1520 589 1604 σκωμμάτων,
611 1520 681 1585 ἐπεὶ
695 1519 749 1583 καὶ
765 1516 939 1601 εὔθρυπτα
952 1516 1033 1604 ἡμῖν
1046 1514 1085 1585 τά

88 1624 176 1703 ἔργα,
201 1618 312 1699 ὥσπερ
328 1620 466 1695 ἐκείνοις
486 1615 526 1683 τά
540 1621 702 1703 χυτρίδια,
718 1618 773 1683 καὶ
787 1616 907 1702 μικρόν
922 1642 972 1695 τις
987 1624 1087 1685 λίθον

87 1713 238 1802 ἐμβαλῶν
252 1723 463 1800 συντρίψειεν
482 1712 526 1783 ἀν
541 1717 659 1783 πάντα.
695 1721 724 1783 3.
745 1723 860 1801 καίτοι,
881 1723 963 1802 φαίη
980 1742 1028 1794 τις
1045 1711 1088 1783 ἀν

86 1815 408 1900 παραμυθούμενος,
438 1812 479 1882 οὐ
506 1822 609 1883 ταῦτα
632 1816 744 1882 είκασέ
765 1835 802 1881 σε
825 1823 870 1904 τῷ
897 1823 1085 1900 Προμηθεῖ,
1106 1830 1139 1885 27

87 1909 166 1978 ἀλλά
182 1908 218 1977 τό
235 1909 440 1998 καινουργὸν
454 1919 553 1980 τοῦτο
570 1915 718 1980 ἐπαινῶν
732 1915 787 1980 καὶ
802 1909 846 1997 μή
862 1911 945 1996 πρός
958 1939 990 1979 τι
1004 1908 1085 1980 ἀλλο

87 2009 271 2096 ἀρχέτυπον
285 2015 529 2097 μεμιμημένον,
554 2009 665 2095 ὥσπερ
681 2014 807 2090 ἐκεῖνος
823 2010 885 2078 οὐκ
902 2009 1010 2078 ὄντων
1025 2008 1087 2077 ἀν-

86 2109 235 2192 θρώπων
253 2113 343 2193 τέως,
359 2109 520 2193 ἐννοήσας
534 2107 658 2187 αὐτοὺς
673 2108 852 2195 ἀνέπλασε,
869 2119 1005 2177 τοιαῦτα
1020 2115 1086 2198 ζῷα

87 2208 266 2293 μορφώσας
295 2207 349 2274 καὶ
374 2206 615 2293 διακοσμήσας,
644 2207 687 2287 ὡς
713 2208 868 2294 εὐκίνητά
896 2234 931 2275 τε
956 2216 1006 2292 είη
1031 2209 1087 2274 καὶ

87 2302 236 2392 ὀφθῆναι
257 2313 427 2390 χαρίεντα·
451 2309 505 2374 καί
526 2304 563 2373 τό
586 2308 648 2393 μὲν
669 2307 749 2376 ὅλον
769 2306 967 2393 ἀρχιτέκτων
987 2301 1087 2381 αὐτός

85 2397 137 2489 ήν,
153 2404 384 2488 συνειργάζετο
400 2407 438 2470 δέ
452 2432 483 2472 τι
501 2408 556 2471 καὶ
570 2403 590 2491 ἡ
604 2403 731 2491 Ἀθηνᾶ
746 2408 934 2491 ἐμπνέουσα
948 2401 1008 2470 τὸν
1021 2426 1087 2487 πη-

85 2499 145 2568 λόν
160 2503 216 2568 καὶ
231 2505 359 2587 ἔμψυχα
376 2511 517 2570 ποιοῦσα
536 2501 620 2570 εἶναι
635 2501 676 2570 τά
691 2504 874 2588 πλάσματα.
897 2499 914 2568 ὁ
930 2500 991 2587 μὲν
1005 2507 1087 2567 ταῦ-

84 2628 120 2667 τα
136 2596 181 2667 ἀν
198 2609 285 2668 είποι
302 2600 385 2683 πρός
401 2626 440 2686 γε
456 2599 492 2668 τό
510 2599 742 2688 εὐφημότατον
753 2600 973 2686 ἐξηγούμενος
988 2599 1025 2665 τὸ
1040 2603 1086 2666 εί-

88 2703 244 2785 ρημένον.
267 2703 321 2766 καὶ
334 2709 412 2778 ίσως
429 2693 527 2778 οὗτος
544 2697 561 2766 ὁ
578 2709 660 2778 νοῦς
674 2693 719 2786 ήν
734 2707 780 2788 τῷ
793 2700 988 2786 λελεγμένῳ.
1014 2699 1086 2783 έμοδ

84 2801 115 2867 δὲ
130 2799 174 2868 οὐ
192 2799 284 2866 πάνυ
298 2800 426 2885 ίκανόυ,
440 2805 470 2866 εί
482 2812 689 2866 καινοποιεῖν
700 2802 847 2883 δοκοίην,
862 2799 945 2882 μηδὲ
959 2803 1027 2881 ἔχοι
1037 2821 1086 2873 τις

82 2901 192 2982 λέγειν
208 2895 425 2982 ἀρχαιότερόν
442 2925 473 2964 τι
491 2904 551 2965 τοῦ
566 2898 767 2982 πλάσματος,
786 2888 941 2963 οὔτοῦτο
957 2894 1084 2980 άπόγο-
1104 2909 1139 2962 28
1171 2975 1174 2982 Ι

81 2996 144 3064 νόν
158 2999 261 3081 ἐστιν,
286 2993 358 3064 ἀλλ’
379 3002 409 3063 εί
421 2994 465 3083 μή
482 2999 537 3064 καλ
551 2995 667 3082 χάριεν
682 3003 846 3082 φαίνοιτο,
866 3001 1084 3080 αίσχυνοίμην

79 3093 132 3178 ἀν,
157 3087 199 3161 εὖ
222 3103 310 3179 ίσθι,
334 3089 381 3160 ἐπ’
398 3091 489 3182 αὐτῷ
504 3096 559 3161 καλ
582 3095 793 3181 ξυμπατήσας
809 3090 853 3160 ἀν
868 3091 1082 3179 ἀφανίσαιμι·

77 3190 156 3260 οὐδ’
175 3189 221 3260 άν
237 3190 441 3277 ὠφελήσειεν
456 3189 548 3275 αὐτό,
574 3189 665 3277 παρά
681 3199 766 3279 γοῦν
781 3195 862 3277 ἐμοί,
882 3189 902 3278 ἡ
918 3193 1082 3279 καινότης,

70 3293 118 3380 μή
144 3287 222 3376 οὐχὶ
246 3300 488 3375 συντετρίφθαι
512 3289 668 3377 άμορφον
689 3289 739 3358 όν.
763 3294 818 3358 καδ
840 3299 874 3358 εί
882 3316 920 3375 γε
935 3288 980 3376 μή
994 3288 1084 3358 οὕτω

20 3439 24 3490 ,
74 3393 258 3474 φρονοίην,
275 3385 365 3468 άξιος
381 3386 425 3455 ἀν
438 3413 496 3472 μοι
514 3393 601 3456 δοκῶ
614 3386 680 3455 ὑπὸ
698 3390 870 3456 ἑκκαίδεκα
885 3393 1082 3470 γυπαῑυκεί-
