<?xml version="1.0" encoding="UTF-8"?>
<!DOCTYPE html PUBLIC "-//W3C//DTD XHTML 1.0 Transitional//EN"
    "http://www.w3.org/TR/xhtml1/DTD/xhtml1-transitional.dtd">
<html xmlns="http://www.w3.org/1999/xhtml" xml:lang="en" lang="en">
 <head>
  <title>
</title>
<meta http-equiv="Content-Type" content="text/html;charset=utf-8" />
  <meta name='ocr-system' content='tesseract 3.04.00' />
  <meta name='ocr-capabilities' content='ocr_page ocr_carea ocr_par ocr_line ocrx_word'/>
</head>
<body>
  <div class='ocr_page' id='page_1' title='image "./lucianisamosate03jacogoog/lucianisamosate03jacogoog_0118.png"; bbox 0 0 2550 3825; ppageno 0'>
   <div class='ocr_carea' id='block_1_1' title="bbox 395 167 1099 226">
    <p class='ocr_par' dir='ltr' id='par_1_1' title="bbox 395 167 1099 226">
     <span class='ocr_line' id='line_1_1' title="bbox 395 167 1099 226; baseline -0.001 0"><span class='ocrx_word' id='word_1_1' title='bbox 395 167 529 226; x_wconf 73' lang='grc' dir='ltr'><em>ΘΕΩΝ</em></span> <span class='ocrx_word' id='word_1_2' title='bbox 550 168 808 226; x_wconf 78' lang='grc' dir='ltr'><em>ΔΓΑΛΟΓΟΙ.</em></span> <span class='ocrx_word' id='word_1_3' title='bbox 1056 168 1099 226; x_wconf 84' lang='grc'><strong><em>99</em></strong></span> 
     </span>
    </p>
   </div>
   <div class='ocr_carea' id='block_1_2' title="bbox 91 325 1161 2961">
    <p class='ocr_par' dir='ltr' id='par_1_2' title="bbox 95 325 1161 1079">
     <span class='ocr_line' id='line_1_2' title="bbox 97 325 1098 414; baseline -0.003 -18"><span class='ocrx_word' id='word_1_4' title='bbox 97 336 163 405; x_wconf 83' lang='grc' dir='ltr'><strong><em>λος</em></strong></span> <span class='ocrx_word' id='word_1_5' title='bbox 175 340 347 413; x_wconf 76' lang='grc' dir='ltr'><strong><em>παρέπτην</em></strong></span> <span class='ocrx_word' id='word_1_6' title='bbox 361 332 501 411; x_wconf 88' lang='grc' dir='ltr'><strong><em>πλησίον</em></strong></span> <span class='ocrx_word' id='word_1_7' title='bbox 516 331 599 412; x_wconf 82' lang='grc' dir='ltr'><strong><em>ἔχων</em></strong></span> <span class='ocrx_word' id='word_1_8' title='bbox 612 325 676 414; x_wconf 74' lang='grc' dir='ltr'><strong><em>την</em></strong></span> <span class='ocrx_word' id='word_1_9' title='bbox 691 326 863 412; x_wconf 78' lang='grc' dir='ltr'><strong><em>λαμπάδα,</em></strong></span> <span class='ocrx_word' id='word_1_10' title='bbox 887 325 908 413; x_wconf 84' lang='grc' dir='ltr'><em>ἡ</em></span> <span class='ocrx_word' id='word_1_11' title='bbox 923 329 975 414; x_wconf 89' lang='grc' dir='ltr'><strong><em>δέ,</em></strong></span> <span class='ocrx_word' id='word_1_12' title='bbox 997 335 1030 396; x_wconf 86' lang='grc' dir='ltr'><strong><em>εί</em></strong></span> <span class='ocrx_word' id='word_1_13' title='bbox 1042 353 1098 413; x_wconf 90' lang='grc' dir='ltr'><strong><em>μοι</em></strong></span> 
     </span>
     <span class='ocr_line' id='line_1_3' title="bbox 98 421 1098 515; baseline 0 -23"><span class='ocrx_word' id='word_1_14' title='bbox 98 424 232 511; x_wconf 79' lang='grc' dir='ltr'><strong><em>πρόσει,</em></strong></span> <span class='ocrx_word' id='word_1_15' title='bbox 248 430 346 511; x_wconf 91' lang='grc' dir='ltr'><strong><em>φησί,</em></strong></span> <span class='ocrx_word' id='word_1_16' title='bbox 361 421 402 509; x_wconf 81' lang='grc' dir='ltr'><strong><em>νὴ</em></strong></span> <span class='ocrx_word' id='word_1_17' title='bbox 413 425 472 492; x_wconf 87' lang='grc' dir='ltr'><strong><em>τὸν</em></strong></span> <span class='ocrx_word' id='word_1_18' title='bbox 482 424 622 509; x_wconf 80' lang='grc' dir='ltr'><strong><em>πατέρα,</em></strong></span> <span class='ocrx_word' id='word_1_19' title='bbox 638 431 684 515; x_wconf 78' lang='grc' dir='ltr'><strong><em>τῷ</em></strong></span> <span class='ocrx_word' id='word_1_20' title='bbox 696 429 836 515; x_wconf 82' lang='grc' dir='ltr'><strong><em>δορατίφ</em></strong></span> <span class='ocrx_word' id='word_1_21' title='bbox 852 445 889 492; x_wconf 90' lang='grc' dir='ltr'><strong><em>σε</em></strong></span> <span class='ocrx_word' id='word_1_22' title='bbox 903 429 1098 510; x_wconf 76' lang='grc' dir='ltr'><strong><em>διαπείρασα</em></strong></span> 
     </span>
     <span class='ocr_line' id='line_1_4' title="bbox 97 519 1098 608; baseline -0.004 -18"><span class='ocrx_word' id='word_1_23' title='bbox 97 519 195 608; x_wconf 80' lang='grc' dir='ltr'><strong><em>ἢτοῦ</em></strong></span> <span class='ocrx_word' id='word_1_24' title='bbox 211 520 313 600; x_wconf 83' lang='grc' dir='ltr'><strong><em>ποδός</em></strong></span> <span class='ocrx_word' id='word_1_25' title='bbox 334 523 500 608; x_wconf 80' lang='grc' dir='ltr'><strong><em>λαβομένη</em></strong></span> <span class='ocrx_word' id='word_1_26' title='bbox 521 523 575 588; x_wconf 79' lang='grc' dir='ltr'><strong><em>καὶ</em></strong></span> <span class='ocrx_word' id='word_1_27' title='bbox 591 524 623 599; x_wconf 82' lang='grc' dir='ltr'><strong><em>ἐς</em></strong></span> <span class='ocrx_word' id='word_1_28' title='bbox 642 520 701 588; x_wconf 87' lang='grc' dir='ltr'><strong><em>τδν</em></strong></span> <span class='ocrx_word' id='word_1_29' title='bbox 721 521 893 606; x_wconf 88' lang='grc' dir='ltr'><strong><em>Τόρταρον</em></strong></span> <span class='ocrx_word' id='word_1_30' title='bbox 909 525 1098 608; x_wconf 80' lang='grc' dir='ltr'><strong><em>ἐμβαλοῦσα</em></strong></span> 
     </span>
     <span class='ocr_line' id='line_1_5' title="bbox 96 616 1098 706; baseline -0.001 -20"><span class='ocrx_word' id='word_1_31' title='bbox 96 616 216 706; x_wconf 80' lang='grc' dir='ltr'><strong><em>ἦαύτη</em></strong></span> <span class='ocrx_word' id='word_1_32' title='bbox 235 621 482 705; x_wconf 76' lang='grc' dir='ltr'><strong><em>διασπασαμένη</em></strong></span> <span class='ocrx_word' id='word_1_33' title='bbox 504 623 687 704; x_wconf 76' lang='grc' dir='ltr'><strong><em>διαφθερῶ.</em></strong></span> <span class='ocrx_word' id='word_1_34' title='bbox 721 619 826 687; x_wconf 74' lang='grc' dir='ltr'><strong><em>πολλοὶ</em></strong></span> <span class='ocrx_word' id='word_1_35' title='bbox 846 627 983 687; x_wconf 78' lang='grc' dir='ltr'><strong><em>τοιαῦτα</em></strong></span> <span class='ocrx_word' id='word_1_36' title='bbox 1003 619 1098 704; x_wconf 79' lang='grc' dir='ltr'><strong><em>ἠπεί-</em></strong></span> 
     </span>
     <span class='ocr_line' id='line_1_6' title="bbox 96 715 1097 806; baseline -0.001 -21"><span class='ocrx_word' id='word_1_37' title='bbox 96 726 191 804; x_wconf 82' lang='grc' dir='ltr'><strong><em>λησε·</em></strong></span> <span class='ocrx_word' id='word_1_38' title='bbox 212 721 267 786; x_wconf 79' lang='grc' dir='ltr'><strong><em>καί</em></strong></span> <span class='ocrx_word' id='word_1_39' title='bbox 286 715 349 806; x_wconf 82' lang='grc' dir='ltr'><strong><em>ὁρᾷ</em></strong></span> <span class='ocrx_word' id='word_1_40' title='bbox 370 718 405 785; x_wconf 76' lang='grc' dir='ltr'><strong><em>δὲ</em></strong></span> <span class='ocrx_word' id='word_1_41' title='bbox 424 716 525 803; x_wconf 85' lang='grc' dir='ltr'><strong><em>δριμύ</em></strong></span> <span class='ocrx_word' id='word_1_42' title='bbox 540 719 594 785; x_wconf 81' lang='grc' dir='ltr'><strong><em>καὶ</em></strong></span> <span class='ocrx_word' id='word_1_43' title='bbox 608 720 660 785; x_wconf 79' lang='grc' dir='ltr'><strong><em>ἐπὶ</em></strong></span> <span class='ocrx_word' id='word_1_44' title='bbox 680 724 740 786; x_wconf 83' lang='grc' dir='ltr'><strong><em>τοῦ</em></strong></span> <span class='ocrx_word' id='word_1_45' title='bbox 757 718 903 804; x_wconf 79' lang='grc' dir='ltr'><strong><em>στήθους</em></strong></span> <span class='ocrx_word' id='word_1_46' title='bbox 925 722 989 803; x_wconf 80' lang='grc' dir='ltr'><strong><em>ἔχει</em></strong></span> <span class='ocrx_word' id='word_1_47' title='bbox 1013 715 1097 802; x_wconf 91' lang='grc' dir='ltr'><strong><em>πρό-</em></strong></span> 
     </span>
     <span class='ocr_line' id='line_1_7' title="bbox 96 813 1097 903; baseline 0 -21"><span class='ocrx_word' id='word_1_48' title='bbox 96 814 211 883; x_wconf 84' lang='grc' dir='ltr'><strong><em>σωπόν</em></strong></span> <span class='ocrx_word' id='word_1_49' title='bbox 231 841 263 882; x_wconf 85' lang='grc' dir='ltr'><strong><em>τι</em></strong></span> <span class='ocrx_word' id='word_1_50' title='bbox 284 813 433 903; x_wconf 82' lang='grc' dir='ltr'><strong><em>φοβερόν</em></strong></span> <span class='ocrx_word' id='word_1_51' title='bbox 454 818 596 902; x_wconf 75' lang='grc' dir='ltr'><strong><em>ἐχίδναις</em></strong></span> <span class='ocrx_word' id='word_1_52' title='bbox 616 817 822 902; x_wconf 78' lang='grc' dir='ltr'><strong><em>κατάκομον,</em></strong></span> <span class='ocrx_word' id='word_1_53' title='bbox 843 814 924 902; x_wconf 85' lang='grc' dir='ltr'><strong><em>ὅπερ</em></strong></span> <span class='ocrx_word' id='word_1_54' title='bbox 946 813 1010 901; x_wconf 75' lang='grc' dir='ltr'><strong><em>ἐγώ</em></strong></span> <span class='ocrx_word' id='word_1_55' title='bbox 1031 814 1097 900; x_wconf 85' lang='grc' dir='ltr'><strong><em>μα’-</em></strong></span> 
     </span>
     <span class='ocr_line' id='line_1_8' title="bbox 95 911 1161 1000; baseline -0.004 -19"><span class='ocrx_word' id='word_1_56' title='bbox 95 922 189 981; x_wconf 89' lang='grc' dir='ltr'><strong><em>λιστα</em></strong></span> <span class='ocrx_word' id='word_1_57' title='bbox 213 915 317 980; x_wconf 82' lang='grc' dir='ltr'><strong><em>δέδια</em></strong></span> <span class='ocrx_word' id='word_1_58' title='bbox 349 913 607 1000; x_wconf 81' lang='grc' dir='ltr'><strong><em>μορμολύττεται</em></strong></span> <span class='ocrx_word' id='word_1_59' title='bbox 627 913 692 1000; x_wconf 84' lang='grc' dir='ltr'><strong><em>γύρ</em></strong></span> <span class='ocrx_word' id='word_1_60' title='bbox 718 940 758 1000; x_wconf 87' lang='grc' dir='ltr'><strong><em>με</em></strong></span> <span class='ocrx_word' id='word_1_61' title='bbox 779 917 833 981; x_wconf 83' lang='grc' dir='ltr'><strong><em>καὶ</em></strong></span> <span class='ocrx_word' id='word_1_62' title='bbox 856 913 988 999; x_wconf 80' lang='grc' dir='ltr'><strong><em>φεύγω,</em></strong></span> <span class='ocrx_word' id='word_1_63' title='bbox 1014 911 1095 980; x_wconf 85' lang='grc' dir='ltr'><strong><em>όταν</em></strong></span> <span class='ocrx_word' id='word_1_64' title='bbox 1113 923 1161 977; x_wconf 73' lang='lat'><strong><em>251</em></strong></span> 
     </span>
     <span class='ocr_line' id='line_1_9' title="bbox 96 1006 262 1079; baseline -0.03 0"><span class='ocrx_word' id='word_1_65' title='bbox 96 1014 158 1079; x_wconf 80' lang='grc' dir='ltr'><strong><em>ίδοι</em></strong></span> <span class='ocrx_word' id='word_1_66' title='bbox 171 1006 262 1078; x_wconf 88' lang='grc' dir='ltr'><strong><em>αύτό.</em></strong></span> 
     </span>
    </p>

    <p class='ocr_par' dir='ltr' id='par_1_3' title="bbox 95 1104 1097 1588">
     <span class='ocr_line' id='line_1_10' title="bbox 180 1104 1096 1194; baseline -0.001 -18"><span class='ocrx_word' id='word_1_67' title='bbox 180 1114 209 1176; x_wconf 75' lang='lat'><strong><em>2.</em></strong></span> <span class='ocrx_word' id='word_1_68' title='bbox 228 1114 327 1176; x_wconf 85' lang='grc' dir='ltr'><em>ΑΦΡ.</em></span> <span class='ocrx_word' id='word_1_69' title='bbox 348 1104 443 1175; x_wconf 77' lang='grc' dir='ltr'><strong><em>Ἀλλόι</em></strong></span> <span class='ocrx_word' id='word_1_70' title='bbox 458 1104 519 1192; x_wconf 80' lang='grc' dir='ltr'><strong><em>τὴν</em></strong></span> <span class='ocrx_word' id='word_1_71' title='bbox 529 1107 592 1193; x_wconf 78' lang='grc' dir='ltr'><strong><em>μὲν</em></strong></span> <span class='ocrx_word' id='word_1_72' title='bbox 602 1105 882 1194; x_wconf 74' lang='grc' dir='ltr'><strong><em>Ἀθηνᾶνδέδιας,</em></strong></span> <span class='ocrx_word' id='word_1_73' title='bbox 899 1106 941 1187; x_wconf 84' lang='grc' dir='ltr'><strong><em>ὡς</em></strong></span> <span class='ocrx_word' id='word_1_74' title='bbox 951 1107 1026 1194; x_wconf 81' lang='grc' dir='ltr'><strong><em>φής,</em></strong></span> <span class='ocrx_word' id='word_1_75' title='bbox 1042 1110 1096 1176; x_wconf 80' lang='grc' dir='ltr'><strong><em>καί</em></strong></span> 
     </span>
     <span class='ocr_line' id='line_1_11' title="bbox 96 1203 1096 1293; baseline 0 -20"><span class='ocrx_word' id='word_1_76' title='bbox 96 1203 157 1292; x_wconf 76' lang='grc' dir='ltr'><strong><em>τὴν</em></strong></span> <span class='ocrx_word' id='word_1_77' title='bbox 170 1204 341 1292; x_wconf 80' lang='grc' dir='ltr'><strong><em>Γοργόνα,</em></strong></span> <span class='ocrx_word' id='word_1_78' title='bbox 357 1208 412 1273; x_wconf 79' lang='grc' dir='ltr'><strong><em>καὶ</em></strong></span> <span class='ocrx_word' id='word_1_79' title='bbox 425 1212 529 1272; x_wconf 84' lang='grc' dir='ltr'><strong><em>ταῦτα</em></strong></span> <span class='ocrx_word' id='word_1_80' title='bbox 545 1203 589 1292; x_wconf 79' lang='grc' dir='ltr'><strong><em>μή</em></strong></span> <span class='ocrx_word' id='word_1_81' title='bbox 607 1207 769 1292; x_wconf 77' lang='grc' dir='ltr'><strong><em>φοβηθεὶς</em></strong></span> <span class='ocrx_word' id='word_1_82' title='bbox 782 1204 841 1274; x_wconf 84' lang='grc' dir='ltr'><strong><em>τὸν</em></strong></span> <span class='ocrx_word' id='word_1_83' title='bbox 854 1205 1022 1293; x_wconf 81' lang='grc' dir='ltr'><strong><em>κεραυνὸν</em></strong></span> <span class='ocrx_word' id='word_1_84' title='bbox 1035 1215 1096 1273; x_wconf 84' lang='grc' dir='ltr'><strong><em>τοῦ</em></strong></span> 
     </span>
     <span class='ocr_line' id='line_1_12' title="bbox 97 1300 1097 1392; baseline -0.001 -20"><span class='ocrx_word' id='word_1_85' title='bbox 97 1307 186 1382; x_wconf 87' lang='grc' dir='ltr'><strong><em>Διός.</em></strong></span> <span class='ocrx_word' id='word_1_86' title='bbox 219 1309 254 1372; x_wconf 89' lang='grc' dir='ltr'><strong><em>αί</em></strong></span> <span class='ocrx_word' id='word_1_87' title='bbox 271 1305 308 1370; x_wconf 72' lang='grc' dir='ltr'><strong><em>δὲ</em></strong></span> <span class='ocrx_word' id='word_1_88' title='bbox 324 1311 460 1370; x_wconf 83' lang='grc' dir='ltr'><strong><em>Μοῦσαι</em></strong></span> <span class='ocrx_word' id='word_1_89' title='bbox 476 1300 530 1369; x_wconf 83' lang='grc' dir='ltr'><strong><em>διόι</em></strong></span> <span class='ocrx_word' id='word_1_90' title='bbox 551 1310 584 1371; x_wconf 90' lang='grc' dir='ltr'><strong><em>τί</em></strong></span> <span class='ocrx_word' id='word_1_91' title='bbox 603 1324 656 1370; x_wconf 93' lang='grc' dir='ltr'><strong><em>σοι</em></strong></span> <span class='ocrx_word' id='word_1_92' title='bbox 674 1301 814 1389; x_wconf 77' lang='grc' dir='ltr'><strong><em>ἄτρωτοι</em></strong></span> <span class='ocrx_word' id='word_1_93' title='bbox 834 1307 888 1373; x_wconf 80' lang='grc' dir='ltr'><strong><em>καὶ</em></strong></span> <span class='ocrx_word' id='word_1_94' title='bbox 907 1310 968 1385; x_wconf 77' lang='grc' dir='ltr'><strong><em>ἔξω</em></strong></span> <span class='ocrx_word' id='word_1_95' title='bbox 988 1312 1097 1392; x_wconf 77' lang='grc' dir='ltr'><strong><em>βελῶν</em></strong></span> 
     </span>
     <span class='ocr_line' id='line_1_13' title="bbox 96 1397 1097 1491; baseline -0.005 -18"><span class='ocrx_word' id='word_1_96' title='bbox 96 1408 196 1487; x_wconf 85' lang='grc' dir='ltr'><strong><em>είσιν;</em></strong></span> <span class='ocrx_word' id='word_1_97' title='bbox 217 1397 238 1491; x_wconf 79' lang='grc' dir='ltr'><em>ἢ</em></span> <span class='ocrx_word' id='word_1_98' title='bbox 255 1399 402 1470; x_wconf 75' lang='grc' dir='ltr'><strong><em>κάκεῖναι</em></strong></span> <span class='ocrx_word' id='word_1_99' title='bbox 418 1401 546 1487; x_wconf 85' lang='grc' dir='ltr'><strong><em>λόφους</em></strong></span> <span class='ocrx_word' id='word_1_100' title='bbox 563 1404 744 1471; x_wconf 79' lang='grc' dir='ltr'><strong><em>ἐπισείουσι</em></strong></span> <span class='ocrx_word' id='word_1_101' title='bbox 759 1405 813 1470; x_wconf 82' lang='grc' dir='ltr'><strong><em>καί</em></strong></span> <span class='ocrx_word' id='word_1_102' title='bbox 827 1404 997 1490; x_wconf 79' lang='grc' dir='ltr'><strong><em>Γοργόνας</em></strong></span> <span class='ocrx_word' id='word_1_103' title='bbox 1011 1427 1097 1485; x_wconf 88' lang='grc' dir='ltr'><strong><em>προ-</em></strong></span> 
     </span>
     <span class='ocr_line' id='line_1_14' title="bbox 95 1509 293 1588; baseline -0.005 -18"><span class='ocrx_word' id='word_1_104' title='bbox 95 1509 293 1588; x_wconf 86' lang='grc' dir='ltr'><strong><em>φαίνουσιν;</em></strong></span> 
     </span>
    </p>

    <p class='ocr_par' dir='ltr' id='par_1_4' title="bbox 93 1589 1095 1886">
     <span class='ocr_line' id='line_1_15' title="bbox 179 1589 1095 1684; baseline -0.007 -14"><span class='ocrx_word' id='word_1_105' title='bbox 179 1608 242 1670; x_wconf 81' lang='grc' dir='ltr'><strong><em>ΕΡ.</em></strong></span> <span class='ocrx_word' id='word_1_106' title='bbox 265 1604 432 1684; x_wconf 78' lang='grc' dir='ltr'><strong><em>Αἰδοῦμαι</em></strong></span> <span class='ocrx_word' id='word_1_107' title='bbox 447 1594 564 1681; x_wconf 74' lang='grc' dir='ltr'><strong><em>αὐτοῖς,</em></strong></span> <span class='ocrx_word' id='word_1_108' title='bbox 581 1589 735 1682; x_wconf 81' lang='grc' dir='ltr'><strong><em>ύμῆτερ·</em></strong></span> <span class='ocrx_word' id='word_1_109' title='bbox 758 1600 876 1683; x_wconf 80' lang='grc' dir='ltr'><strong><em>σεμναὶ</em></strong></span> <span class='ocrx_word' id='word_1_110' title='bbox 888 1598 952 1683; x_wconf 89' lang='grc' dir='ltr'><strong><em>γόρ</em></strong></span> <span class='ocrx_word' id='word_1_111' title='bbox 966 1603 1027 1665; x_wconf 83' lang='grc' dir='ltr'><strong><em>είσι</em></strong></span> <span class='ocrx_word' id='word_1_112' title='bbox 1041 1600 1095 1665; x_wconf 78' lang='grc' dir='ltr'><strong><em>καὶ</em></strong></span> 
     </span>
     <span class='ocr_line' id='line_1_16' title="bbox 94 1696 1095 1788; baseline -0.001 -21"><span class='ocrx_word' id='word_1_113' title='bbox 94 1699 149 1769; x_wconf 81' lang='grc' dir='ltr'><strong><em>ἀεί</em></strong></span> <span class='ocrx_word' id='word_1_114' title='bbox 166 1727 197 1766; x_wconf 92' lang='grc' dir='ltr'><strong><em>τι</em></strong></span> <span class='ocrx_word' id='word_1_115' title='bbox 218 1705 428 1787; x_wconf 76' lang='grc' dir='ltr'><strong><em>φροντίζουσι</em></strong></span> <span class='ocrx_word' id='word_1_116' title='bbox 451 1701 595 1780; x_wconf 77' lang='grc' dir='ltr'><strong><em>καὶπερὶ</em></strong></span> <span class='ocrx_word' id='word_1_117' title='bbox 616 1696 707 1788; x_wconf 76' lang='grc' dir='ltr'><strong><em>ᾠδὴν</em></strong></span> <span class='ocrx_word' id='word_1_118' title='bbox 726 1705 837 1786; x_wconf 83' lang='grc' dir='ltr'><strong><em>έχουσι</em></strong></span> <span class='ocrx_word' id='word_1_119' title='bbox 851 1702 907 1768; x_wconf 80' lang='grc' dir='ltr'><strong><em>καὶ</em></strong></span> <span class='ocrx_word' id='word_1_120' title='bbox 927 1698 991 1785; x_wconf 81' lang='grc' dir='ltr'><strong><em>ἐγύ</em></strong></span> <span class='ocrx_word' id='word_1_121' title='bbox 1008 1725 1095 1784; x_wconf 88' lang='grc' dir='ltr'><strong><em>παρ-</em></strong></span> 
     </span>
     <span class='ocr_line' id='line_1_17' title="bbox 93 1795 1049 1886; baseline -0.004 -18"><span class='ocrx_word' id='word_1_122' title='bbox 93 1807 228 1885; x_wconf 91' lang='grc' dir='ltr'><strong><em>ίσταμαι</em></strong></span> <span class='ocrx_word' id='word_1_123' title='bbox 242 1798 401 1877; x_wconf 76' lang='grc' dir='ltr'><strong><em>πολλάκις</em></strong></span> <span class='ocrx_word' id='word_1_124' title='bbox 416 1795 529 1878; x_wconf 76' lang='grc' dir='ltr'><strong><em>αὐταῖς</em></strong></span> <span class='ocrx_word' id='word_1_125' title='bbox 546 1799 751 1884; x_wconf 83' lang='grc' dir='ltr'><strong><em>κηλούμενος</em></strong></span> <span class='ocrx_word' id='word_1_126' title='bbox 765 1796 831 1866; x_wconf 80' lang='grc' dir='ltr'><strong><em>ὑπὸ</em></strong></span> <span class='ocrx_word' id='word_1_127' title='bbox 846 1806 906 1866; x_wconf 79' lang='grc' dir='ltr'><strong><em>τοῦ</em></strong></span> <span class='ocrx_word' id='word_1_128' title='bbox 920 1803 1049 1886; x_wconf 87' lang='grc' dir='ltr'><strong><em>μέλους.</em></strong></span> 
     </span>
    </p>

    <p class='ocr_par' dir='ltr' id='par_1_5' title="bbox 93 1895 1095 2080">
     <span class='ocr_line' id='line_1_18' title="bbox 177 1895 1095 1986; baseline -0.002 -19"><span class='ocrx_word' id='word_1_129' title='bbox 177 1905 274 1967; x_wconf 86' lang='grc' dir='ltr'><em>ΑΦΡ.</em></span> <span class='ocrx_word' id='word_1_130' title='bbox 287 1895 347 1967; x_wconf 80' lang='grc' dir='ltr'><strong><em>Ἕκ</em></strong></span> <span class='ocrx_word' id='word_1_131' title='bbox 361 1900 416 1967; x_wconf 75' lang='grc' dir='ltr'><strong><em>καὶ</em></strong></span> <span class='ocrx_word' id='word_1_132' title='bbox 429 1897 566 1981; x_wconf 88' lang='grc' dir='ltr'><strong><em>ταύτας,</em></strong></span> <span class='ocrx_word' id='word_1_133' title='bbox 589 1896 640 1967; x_wconf 86' lang='grc' dir='ltr'><strong><em>ότι</em></strong></span> <span class='ocrx_word' id='word_1_134' title='bbox 655 1905 786 1985; x_wconf 85' lang='grc' dir='ltr'><strong><em>σεμναί·</em></strong></span> <span class='ocrx_word' id='word_1_135' title='bbox 812 1895 875 1985; x_wconf 78' lang='grc' dir='ltr'><strong><em>τὴν</em></strong></span> <span class='ocrx_word' id='word_1_136' title='bbox 889 1899 925 1966; x_wconf 76' lang='grc' dir='ltr'><strong><em>δὲ</em></strong></span> <span class='ocrx_word' id='word_1_137' title='bbox 939 1897 1095 1986; x_wconf 80' lang='grc' dir='ltr'><strong><em>’Ἀρτεμιυ</em></strong></span> 
     </span>
     <span class='ocr_line' id='line_1_19' title="bbox 93 1994 571 2080; baseline -0.004 -15"><span class='ocrx_word' id='word_1_138' title='bbox 93 2003 184 2075; x_wconf 90' lang='grc' dir='ltr'><strong><em>τίνος</em></strong></span> <span class='ocrx_word' id='word_1_139' title='bbox 200 1997 296 2064; x_wconf 81' lang='grc' dir='ltr'><strong><em>ἕνεκα</em></strong></span> <span class='ocrx_word' id='word_1_140' title='bbox 312 1994 353 2065; x_wconf 87' lang='grc' dir='ltr'><strong><em>ού</em></strong></span> <span class='ocrx_word' id='word_1_141' title='bbox 367 1996 571 2080; x_wconf 82' lang='grc' dir='ltr'><strong><em>τιτρύσκεις;</em></strong></span> 
     </span>
    </p>

    <p class='ocr_par' dir='ltr' id='par_1_6' title="bbox 91 2091 1094 2378">
     <span class='ocr_line' id='line_1_20' title="bbox 177 2091 1094 2182; baseline 0 -21"><span class='ocrx_word' id='word_1_142' title='bbox 177 2101 241 2162; x_wconf 86' lang='grc' dir='ltr'><strong><em>ΕΡ.</em></strong></span> <span class='ocrx_word' id='word_1_143' title='bbox 275 2091 319 2161; x_wconf 83' lang='grc' dir='ltr'><strong><em>Τό</em></strong></span> <span class='ocrx_word' id='word_1_144' title='bbox 338 2097 399 2180; x_wconf 75' lang='grc' dir='ltr'><strong><em>μὲν</em></strong></span> <span class='ocrx_word' id='word_1_145' title='bbox 418 2092 499 2163; x_wconf 85' lang='grc' dir='ltr'><strong><em>όλον</em></strong></span> <span class='ocrx_word' id='word_1_146' title='bbox 521 2093 598 2162; x_wconf 74' lang='grc' dir='ltr'><strong><em>οὐδὲ</em></strong></span> <span class='ocrx_word' id='word_1_147' title='bbox 621 2101 819 2181; x_wconf 79' lang='grc' dir='ltr'><strong><em>καταλαβεῖν</em></strong></span> <span class='ocrx_word' id='word_1_148' title='bbox 839 2093 945 2182; x_wconf 80' lang='grc' dir='ltr'><strong><em>αὐτὴν</em></strong></span> <span class='ocrx_word' id='word_1_149' title='bbox 965 2091 1094 2163; x_wconf 81' lang='grc' dir='ltr'><strong><em>οἷόντε</em></strong></span> 
     </span>
     <span class='ocr_line' id='line_1_21' title="bbox 93 2189 1094 2278; baseline -0.003 -19"><span class='ocrx_word' id='word_1_150' title='bbox 93 2192 290 2278; x_wconf 87' lang='grc' dir='ltr'><strong><em>φεύγουσαν</em></strong></span> <span class='ocrx_word' id='word_1_151' title='bbox 304 2190 354 2260; x_wconf 77' lang='grc' dir='ltr'><strong><em>ἀεὶ</em></strong></span> <span class='ocrx_word' id='word_1_152' title='bbox 369 2189 423 2260; x_wconf 83' lang='grc' dir='ltr'><strong><em>διδ</em></strong></span> <span class='ocrx_word' id='word_1_153' title='bbox 438 2198 505 2260; x_wconf 79' lang='grc' dir='ltr'><strong><em>τῶν</em></strong></span> <span class='ocrx_word' id='word_1_154' title='bbox 521 2189 626 2276; x_wconf 67' lang='grc' dir='ltr'><strong><em>ὀροῖν·</em></strong></span> <span class='ocrx_word' id='word_1_155' title='bbox 651 2189 719 2259; x_wconf 83' lang='grc' dir='ltr'><strong><em>εἶτα</em></strong></span> <span class='ocrx_word' id='word_1_156' title='bbox 732 2193 787 2259; x_wconf 78' lang='grc' dir='ltr'><strong><em>καὶ</em></strong></span> <span class='ocrx_word' id='word_1_157' title='bbox 801 2191 890 2259; x_wconf 87' lang='grc' dir='ltr'><strong><em>ίδιόν</em></strong></span> <span class='ocrx_word' id='word_1_158' title='bbox 904 2218 978 2259; x_wconf 89' lang='grc' dir='ltr'><strong><em>τινα</em></strong></span> <span class='ocrx_word' id='word_1_159' title='bbox 990 2198 1094 2276; x_wconf 77' lang='grc' dir='ltr'><strong><em>ἔρωτα</em></strong></span> 
     </span>
     <span class='ocr_line' id='line_1_22' title="bbox 91 2288 239 2378; baseline 0.014 -2"><span class='ocrx_word' id='word_1_160' title='bbox 91 2288 156 2376; x_wconf 72' lang='grc' dir='ltr'><strong><em>ἤδη</em></strong></span> <span class='ocrx_word' id='word_1_161' title='bbox 172 2294 239 2378; x_wconf 70' lang='grc' dir='ltr'><strong><em>ἐνέ-</em></strong></span> 
     </span>
    </p>

    <p class='ocr_par' dir='ltr' id='par_1_7' title="bbox 178 2380 610 2474">
     <span class='ocr_line' id='line_1_23' title="bbox 178 2380 610 2474; baseline -0.007 -20"><span class='ocrx_word' id='word_1_162' title='bbox 178 2394 275 2455; x_wconf 84' lang='grc' dir='ltr'><em>ΑΦΡ.</em></span> <span class='ocrx_word' id='word_1_163' title='bbox 303 2394 416 2474; x_wconf 88' lang='grc' dir='ltr'><strong><em>Τίνος,</em></strong></span> <span class='ocrx_word' id='word_1_164' title='bbox 435 2380 610 2466; x_wconf 74' lang='grc' dir='ltr'><strong><em>ύτέκνονς</em></strong></span> 
     </span>
    </p>

    <p class='ocr_par' dir='ltr' id='par_1_8' title="bbox 92 2481 1094 2865">
     <span class='ocr_line' id='line_1_24' title="bbox 178 2481 1094 2571; baseline -0.003 -20"><span class='ocrx_word' id='word_1_165' title='bbox 178 2492 241 2552; x_wconf 85' lang='grc' dir='ltr'><strong><em>ΕΡ.</em></strong></span> <span class='ocrx_word' id='word_1_166' title='bbox 265 2484 376 2571; x_wconf 79' lang='grc' dir='ltr'><strong><em>Θήρας</em></strong></span> <span class='ocrx_word' id='word_1_167' title='bbox 391 2486 445 2552; x_wconf 77' lang='grc' dir='ltr'><strong><em>καὶ</em></strong></span> <span class='ocrx_word' id='word_1_168' title='bbox 461 2482 596 2568; x_wconf 80' lang='grc' dir='ltr'><strong><em>ἐλάφων</em></strong></span> <span class='ocrx_word' id='word_1_169' title='bbox 610 2482 665 2549; x_wconf 79' lang='grc' dir='ltr'><strong><em>καὶ</em></strong></span> <span class='ocrx_word' id='word_1_170' title='bbox 681 2488 827 2569; x_wconf 79' lang='grc' dir='ltr'><strong><em>νεβρῶν,</em></strong></span> <span class='ocrx_word' id='word_1_171' title='bbox 844 2487 950 2568; x_wconf 81' lang='grc' dir='ltr'><strong><em>αίρελν</em></strong></span> <span class='ocrx_word' id='word_1_172' title='bbox 964 2508 999 2549; x_wconf 87' lang='grc' dir='ltr'><strong><em>τε</em></strong></span> <span class='ocrx_word' id='word_1_173' title='bbox 1013 2481 1094 2549; x_wconf 82' lang='grc' dir='ltr'><strong><em>διό-</em></strong></span> 
     </span>
     <span class='ocr_line' id='line_1_25' title="bbox 92 2576 1092 2671; baseline -0.004 -22"><span class='ocrx_word' id='word_1_174' title='bbox 92 2601 200 2650; x_wconf 90' lang='grc' dir='ltr'><strong><em>κουσα</em></strong></span> <span class='ocrx_word' id='word_1_175' title='bbox 210 2583 264 2649; x_wconf 80' lang='grc' dir='ltr'><strong><em>καὶ</em></strong></span> <span class='ocrx_word' id='word_1_176' title='bbox 275 2582 516 2667; x_wconf 75' lang='grc' dir='ltr'><strong><em>κατατοξεύειν,</em></strong></span> <span class='ocrx_word' id='word_1_177' title='bbox 526 2582 580 2648; x_wconf 79' lang='grc' dir='ltr'><strong><em>καί</em></strong></span> <span class='ocrx_word' id='word_1_178' title='bbox 591 2578 675 2657; x_wconf 85' lang='grc' dir='ltr'><strong><em>ὅλως</em></strong></span> <span class='ocrx_word' id='word_1_179' title='bbox 686 2576 771 2666; x_wconf 83' lang='grc' dir='ltr'><strong><em>πρός</em></strong></span> <span class='ocrx_word' id='word_1_180' title='bbox 781 2587 827 2669; x_wconf 75' lang='grc' dir='ltr'><strong><em>τῷ</em></strong></span> <span class='ocrx_word' id='word_1_181' title='bbox 837 2578 977 2671; x_wconf 88' lang='grc' dir='ltr'><strong><em>τοιούτφ</em></strong></span> <span class='ocrx_word' id='word_1_182' title='bbox 988 2581 1092 2647; x_wconf 83' lang='grc' dir='ltr'><strong><em>ἐστίν·</em></strong></span> 
     </span>
     <span class='ocr_line' id='line_1_26' title="bbox 92 2673 1089 2766; baseline -0.004 -17"><span class='ocrx_word' id='word_1_183' title='bbox 92 2681 164 2749; x_wconf 75' lang='grc' dir='ltr'><strong><em>ἐπεὶ</em></strong></span> <span class='ocrx_word' id='word_1_184' title='bbox 184 2680 244 2747; x_wconf 90' lang='grc' dir='ltr'><strong><em>τόν</em></strong></span> <span class='ocrx_word' id='word_1_185' title='bbox 260 2706 299 2766; x_wconf 88' lang='grc' dir='ltr'><strong><em>γε</em></strong></span> <span class='ocrx_word' id='word_1_186' title='bbox 319 2677 466 2764; x_wconf 80' lang='grc' dir='ltr'><strong><em>ἀδελφόν</em></strong></span> <span class='ocrx_word' id='word_1_187' title='bbox 484 2676 601 2766; x_wconf 83' lang='grc' dir='ltr'><strong><em>αὐτῆς,</em></strong></span> <span class='ocrx_word' id='word_1_188' title='bbox 625 2685 732 2747; x_wconf 88' lang='grc' dir='ltr'><strong><em>καίτοι</em></strong></span> <span class='ocrx_word' id='word_1_189' title='bbox 757 2677 894 2763; x_wconf 85' lang='grc' dir='ltr'><strong><em>τοξότην</em></strong></span> <span class='ocrx_word' id='word_1_190' title='bbox 913 2680 968 2746; x_wconf 81' lang='grc' dir='ltr'><strong><em>καὶ</em></strong></span> <span class='ocrx_word' id='word_1_191' title='bbox 990 2673 1089 2745; x_wconf 84' lang='grc' dir='ltr'><strong><em>αύτδι</em></strong></span> 
     </span>
     <span class='ocr_line' id='line_1_27' title="bbox 94 2774 474 2865; baseline -0.005 -20"><span class='ocrx_word' id='word_1_192' title='bbox 94 2774 175 2845; x_wconf 86' lang='grc' dir='ltr'><strong><em>όντα</em></strong></span> <span class='ocrx_word' id='word_1_193' title='bbox 190 2778 245 2847; x_wconf 81' lang='grc' dir='ltr'><strong><em>καὶ</em></strong></span> <span class='ocrx_word' id='word_1_194' title='bbox 260 2778 422 2865; x_wconf 81' lang='grc' dir='ltr'><strong><em>ἑκηβόλον</em></strong></span> <span class='ocrx_word' id='word_1_195' title='bbox 437 2817 474 2827; x_wconf 93' lang='lat'><em>-</em></span> 
     </span>
    </p>

    <p class='ocr_par' dir='ltr' id='par_1_9' title="bbox 176 2867 1059 2961">
     <span class='ocr_line' id='line_1_28' title="bbox 176 2867 1059 2961; baseline -0.007 -16"><span class='ocrx_word' id='word_1_196' title='bbox 176 2884 274 2945; x_wconf 86' lang='grc' dir='ltr'><em>ΑΦΡ.</em></span> <span class='ocrx_word' id='word_1_197' title='bbox 300 2874 399 2961; x_wconf 77' lang='grc' dir='ltr'><strong><em>Οἶδα,</em></strong></span> <span class='ocrx_word' id='word_1_198' title='bbox 418 2867 595 2960; x_wconf 78' lang='grc' dir='ltr'><strong><em>ύτέιινον,</em></strong></span> <span class='ocrx_word' id='word_1_199' title='bbox 613 2872 719 2943; x_wconf 78' lang='grc' dir='ltr'><strong><em>πολλὰ</em></strong></span> <span class='ocrx_word' id='word_1_200' title='bbox 737 2876 864 2945; x_wconf 82' lang='grc' dir='ltr'><strong><em>ἐκείνου</em></strong></span> <span class='ocrx_word' id='word_1_201' title='bbox 878 2874 1059 2957; x_wconf 80' lang='grc' dir='ltr'><strong><em>ἐτόξευσας.</em></strong></span> 
     </span>
    </p>
   </div>
   <div class='ocr_carea' id='block_1_3' title="bbox 492 3123 692 3133">
    <p class='ocr_par' dir='ltr' id='par_1_10' title="bbox 492 3123 692 3133">
     <span class='ocr_line' id='line_1_29' title="bbox 492 3123 692 3133; baseline -0.01 -1"><span class='ocrx_word' id='word_1_202' title='bbox 492 3123 692 3133; x_wconf 68' lang='lat'>0-..—--—-</span> 
     </span>
    </p>
   </div>
   <div class='ocr_carea' id='block_1_4' title="bbox 553 3295 869 3417">
    <p class='ocr_par' dir='ltr' id='par_1_11' title="bbox 553 3295 869 3417">
     <span class='ocr_line' id='line_1_30' title="bbox 553 3295 869 3417; baseline 0.013 -17"><span class='ocrx_word' id='word_1_203' title='bbox 553 3295 869 3417; x_wconf 69' lang='lat' dir='ltr'><strong><em>:3952ssssss</em></strong></span> 
     </span>
    </p>
   </div>
   <div class='ocr_carea' id='block_1_5' title="bbox 904 3457 953 3521">
    <p class='ocr_par' dir='ltr' id='par_1_12' title="bbox 904 3457 953 3521">
     <span class='ocr_line' id='line_1_31' title="bbox 904 3457 953 3521; baseline 0 -19"><span class='ocrx_word' id='word_1_204' title='bbox 904 3457 953 3521; x_wconf 58' lang='lat'><strong><em>⁴1*</em></strong></span> 
     </span>
    </p>
   </div>
   <div class='ocr_carea' id='block_1_6' title="bbox 0 0 1280 3825">
    <p class='ocr_par' dir='ltr' id='par_1_13' title="bbox 0 0 1280 3825">
     <span class='ocr_line' id='line_1_32' title="bbox 0 0 1280 3825; baseline 0 2"><span class='ocrx_word' id='word_1_205' title='bbox 0 0 1280 3825; x_wconf 95' lang='lat' dir='ltr'><strong><em> </em></strong></span> 
     </span>
    </p>
   </div>
  </div>
 </body>
</html>
