2550 3825
161 168 204 230 94
538 169 838 230 AOYKIANOT

162 328 319 414 ἐρωτικά·
341 329 403 395 δύο
414 336 516 415 γοῦν,
534 327 592 407 ούς
606 329 746 415 μάλιστα
759 327 929 415 ήγάτιησα,
945 327 1007 416 τήν
1016 327 1164 414 Δάφνην

161 431 217 496 καὶ
228 426 288 496 τόν
297 424 493 511 Ὑάκινθον,
507 424 528 512 ή
541 427 602 513 μὲν
612 427 739 513 Δάφνη
751 425 857 505 οὕτως
866 430 1001 513 ἐμίσησέ
1006 452 1065 513 με,
1080 423 1164 494 ὥστε

161 529 265 594 είλετο
282 524 383 606 ξύλον
399 527 558 610 γενέσθαι
572 534 699 611 μᾶλλον
714 521 735 610 ή
749 527 821 610 ἐμοὶ
835 530 999 609 ξυνεῖναι,
1019 522 1080 592 τδν
1090 522 1156 592 ’Τά-

161 633 284 692 κιυθου
299 627 336 690 δὲ
355 620 421 690 ύτιδ
437 631 497 691 τοῦ
512 628 628 692 δίσκου
644 623 815 707 άκάλεσα,
836 626 890 690 καὶ
904 632 970 692 νῦν
989 619 1062 690 ἄντ’
1078 624 1164 693 ἑκεί-

162 749 233 791 υοιν
248 721 436 807 στεφάνους
451 726 523 807 ἔχω.

245 827 348 890 ΕΡΜ.
369 816 449 904 Έγύ
467 821 503 888 δὲ
517 817 580 905 ήδη
594 822 674 888 ποτὲ
687 819 749 907 τήν
760 818 958 906 Ἀφροδίτην
969 861 1010 870 -
1021 815 1104 887 ἄλλά
1120 815 1163 884 ού

161 918 222 1007 χρή
240 917 362 1005 αύχεϊν.

245 1025 317 1084 ΛΠ.
349 1015 448 1102 Οἶδα,
472 1020 527 1084 καὶ
547 1014 605 1083 τὸν
625 1016 887 1103 Ἑρμαφρόδιτον
904 1020 940 1086 ἐκ
955 1024 1018 1084 σού
1034 1018 1163 1102 λέγεται

162 1129 278 1184 τεκεῖν.
301 1112 389 1200 τιλήν
403 1116 511 1183 ἐκεῖνό
529 1141 584 1202 μοι
603 1117 687 1201 εἰπέ,
706 1126 739 1184 εἴ
748 1144 779 1183 τι
793 1114 909 1200 οἶσθα,
929 1123 999 1195 κῶς
1012 1114 1055 1183 ού
1067 1121 1163 1200 ζηλο-

162 1211 291 1299 τυαελή
305 1212 478 1300 Ἀφροδίτη
492 1211 554 1300 τήν
567 1210 709 1299 Χάρινή
724 1212 746 1299 ή
760 1214 867 1299 Χάρις
882 1215 1024 1302 ταύτηνς

246 1318 275 1381 3.
298 1319 402 1380 ΕΡΜ.
415 1309 502 1396 Ὅτι,
524 1305 743 1398 ύἈτιολλου,
765 1316 874 1399 ἐκείνη
888 1316 950 1398 μὲν
966 1310 1057 1402 αύτῷ
1071 1315 1107 1380 ἐν
1123 1321 1163 1402 τῇ

162 1410 287 1501 Λήμνῳ
302 1409 473 1494 σύνεστιν,
493 1407 514 1496 ή
532 1411 568 1478 δὲ
582 1407 756 1496 Ἀφροδίτη
771 1414 809 1479 ἐν
823 1417 868 1502 τῷ
884 1408 1034 1500 ούρανῷ·
1057 1410 1163 1488 ἄλλοις

162 1536 197 1577 τε
210 1511 286 1593 περὶ
300 1505 450 1593 τδυἈρη
464 1506 582 1594 ἔχειτὰ
599 1508 706 1577 πολλὰ
720 1508 878 1577 κάκείνου
895 1512 971 1600 ἐρᾷ,
992 1508 1076 1577 ὥστε
1092 1507 1159 1578 ὀλί-

163 1632 225 1692 γον
239 1603 322 1694 αύτή
337 1615 398 1674 τοῦ
409 1610 553 1692 χαλκέως
567 1609 689 1677 τούτου
703 1613 803 1695 μέλει.

248 1712 320 1771 ΛΠ.
341 1707 406 1772 Καὶ
420 1712 523 1772 ταῦτα
537 1715 599 1774 οίει
615 1705 869 1793 τόνἭφαιστον
885 1712 1023 1787 είδέναι;

96 1821 146 1874 243
247 1809 351 1871 EPM.
376 1800 490 1870 Οἶδεν·
512 1802 596 1872 άλλά
611 1813 646 1874 τί
657 1800 701 1872 άν
721 1810 840 1892 δράσαι
857 1805 993 1874 δύναιτο
1007 1817 1163 1890 γενναῖον

163 1901 253 1985 ὁρῶν
269 1908 408 1970 νεανίαν
422 1905 477 1971 καὶ
493 1905 697 1991 στρατιώτην
711 1902 830 1986 αύτόν;
853 1903 936 1973 ὥστε
948 1903 1009 1990 τήν
1022 1899 1162 1990 ἡσυχίαν

163 1997 252 2085 άμει·
274 1998 363 2087 πλήν
380 1998 509 2071 άτιειλεϊ
521 2030 559 2089 γε
574 2005 679 2091 δεσμά
692 2031 767 2072 τινα
784 2004 1086 2091 ἐπιμηχανήσεσθαι
1100 1998 1162 2068 αύ-
1244 1995 1248 2004 ’

163 2111 231 2176 τοῖς
244 2100 299 2166 καὶ
312 2100 542 2185 συλλήψεσθαι
557 2103 765 2189 σαγηνεύσας
779 2105 831 2171 ἐπὶ
843 2111 899 2188 τῆς
914 2099 1022 2188 εύυής.

245 2203 319 2267 ΛΠ.
344 2195 415 2265 Ούκ
433 2196 523 2268 οἶδα·
545 2198 703 2287 εὐξαίμην
714 2198 745 2268 δ’
760 2196 803 2267 δν
817 2198 917 2278 αὐτὸς
933 2196 951 2266 ὁ
967 2204 1157 2284 ξυλληφθη-

163 2295 303 2381 σόμενος
317 2294 409 2365 εἶναι.

640 2537 688 2599 16.

432 2649 560 2703 Hm
584 2652 669 2703 αττ
690 2649 895 2702 amm.

247 2784 276 2844 l.
301 2783 401 2846 HPA.
423 2780 519 2849 Καλὰ
534 2786 611 2868 με’ν,
636 2774 663 2850 ά
678 2789 783 2866 Λητοῖ
787 2832 796 2866 ,
819 2781 929 2849 καὶτὰ
945 2784 1044 2849 τέκνα
1055 2787 1159 2860 ἔτεκες

161 2883 207 2966 τῷ
224 2883 291 2945 Διί.
1199 2894 1202 2899 ·

246 2984 315 3044 ΛΗ
315 2984 349 3044 T.
375 2975 427 3045 Ού
440 2984 559 3064 πᾶσαι,
581 2972 608 3046 ά
616 2977 719 3066 Ἥρα,
735 2978 907 3055 τοιούτους
922 2984 1043 3045 τίκτειν
1057 2974 1143 3044 δυνά

162 3084 268 3163 μεθα,
284 3072 353 3155 οἷος
367 3073 575 3163 ὁἫφαιστός
589 3082 687 3146 ἐστιν.

245 3182 346 3244 ΗΡΑ.
372 3173 466 3243 Ἀλλά
485 3169 582 3255 οὗτος
602 3178 664 3263 μὲν
685 3175 702 3245 ὁ
720 3174 826 3263 χυλὸς
845 3176 934 3260 ὅμως
951 3172 1110 3260 χρήσιμός
1125 3196 1163 3257 γε

162 3280 230 3345 ἐστι
247 3282 392 3362 τεχνίτης
410 3270 458 3341 άν
475 3273 607 3361 ἄριστος
626 3278 681 3343 καὶ
702 3273 989 3359 κατακεκόσμηκεν
1008 3267 1088 3357 ἡμῖν
1102 3266 1163 3337 τδν

162 3370 312 3457 ούρανδν
322 3377 377 3442 καὶ
385 3370 448 3459 τήν
460 3374 656 3461 Ἀφροδίτην
669 3381 769 3461 ἔγημε
783 3376 837 3441 καὶ
850 3369 1068 3451 σπουδάζεται
1079 3364 1163 3450 πρὸς
