2550 3825
489 205 811 265 ΠΡΟΜΗΘΕΤΣ.
1088 205 1131 267 69

127 369 254 434 σκοποῖ.
277 359 316 428 τά
338 361 435 430 κοινά
461 363 497 430 δὲ
520 369 788 450 καταπροδίδωμι
807 368 861 433 καὶ
885 368 1007 435 ἐλάττω
1027 375 1131 450 ποιάς

129 467 174 530 15.
194 465 241 528 ἔτι
258 460 296 527 δέ
306 486 378 546 μοι,
395 453 422 528 ἀ
432 459 550 548 Ἑρμῆ,
569 465 623 529 καὶ
638 461 715 529 τόδε
725 463 905 550 ἐννόησον,
922 474 955 532 εἴ
963 473 996 532 τί
1004 485 1057 533 σοι
1072 470 1131 533 δο-
1148 497 1199 552 193

127 575 179 628 ιιεί
190 557 323 645 ἀγαθόν
337 559 546 646 ἀμάρτυρον,
570 558 644 628 οἷον
660 569 767 648 κτῆμα
787 558 809 647 ἦ
823 570 964 648 ποίημα,
985 560 1005 631 ό
1018 566 1131 649 μηδεὶς

128 659 243 740 όῦεται
261 662 344 746 μηδὲ
360 662 582 744 ἐπαινέσεται,
605 658 727 745 ὁμοίως
743 657 809 745 ἡδῦ
828 663 882 729 καὶ
897 659 1042 746 τερπνόν
1057 667 1131 729 έσε-

127 769 207 826 σθαι
220 765 266 848 τῷ
284 763 398 844 έχοντι.
421 756 505 844 πρὸς
522 755 562 844 δὴ
586 765 619 824 τί
633 756 723 826 τοῦτ’
740 763 844 843 ἔφην;
866 757 917 825 ότι
932 758 976 844 μη
992 762 1131 845 γενομέ-

128 882 197 923 νων
211 862 280 922 των
291 853 485 941 ἀνθρώπων
497 852 692 941 ἀμάρτυρον
706 859 885 943 συνέβαινε
898 855 935 924 τό
952 858 1073 935 κάλλος
1084 855 1131 924 εῦ-

128 981 181 1022 ναι
194 961 262 1021 τῶν
277 953 382 1039 ὅλων,
406 955 461 1022 καὶ
481 954 628 1022 πλοῦτόν
645 980 719 1021 τινα
734 955 936 1041 πλουτήσειν
952 958 1131 1042 ἐμέλλομεν

127 1051 204 1120 οῦτε
219 1049 279 1118 ὑπ’
296 1049 400 1120 ἀλλον
414 1050 506 1130 τινός
525 1052 859 1137 θαυμασθησόμενον
879 1052 958 1121 οὔτε
972 1051 1051 1140 ἡμῖν
1067 1051 1131 1119 αῦ-

126 1167 193 1230 τοίς
206 1149 326 1236 ὁμοίως
336 1157 466 1250 τίμιον·
490 1149 568 1218 οὐδὲ
583 1148 649 1236 γάρ
661 1146 704 1216 ἀν
716 1161 845 1237 εἴχομεν
859 1151 943 1235 πρὸς
957 1150 977 1218 ό
994 1180 1025 1219 τι
1036 1157 1131 1220 ἔλατ-

127 1279 185 1320 τον
199 1261 474 1338 παραθεωρῶμεν
490 1250 611 1338 αὐτόν,
634 1250 709 1319 οὐδ’
727 1249 770 1319 ἀν
785 1260 943 1338 συνίεμεν
955 1251 1053 1340 ἡλίκα
1073 1251 1131 1320 εῦ-

128 1354 353 1436 δαιμονοῦμεν
364 1347 424 1437 οὐχ
435 1348 579 1438 ὁρῶντες
590 1349 750 1437 ἀμοίρους
761 1358 829 1418 τῶν
839 1350 1008 1438 ἡμετέρων
1019 1352 1130 1430 τινάς·

128 1447 215 1516 οὕτω
230 1446 295 1534 γάρ
312 1447 352 1534 δὴ
372 1453 425 1518 καὶ
440 1451 477 1516 τό
495 1452 577 1535 μέγα
594 1450 720 1528 δόξειεν
735 1445 778 1515 ἀν
793 1450 893 1535 μέγα,
916 1456 946 1518 εί
962 1459 1009 1538 τῷ
1022 1456 1131 1540 μιαρῷ

126 1561 375 1632 παραμετροῖτο.
399 1545 492 1633 ὑμεῖς
506 1548 558 1631 δέ,
580 1554 680 1632 τιμάν
694 1549 745 1614 ἐπὶ
759 1553 805 1634 τῷ
820 1546 1034 1633 πολιτεύματι
1050 1549 1131 1615 τού-

129 1672 171 1736 τῳ
186 1647 280 1729 δέον,
297 1642 575 1730 ἀνεσταυρώκατέ
582 1671 623 1730 με
637 1647 692 1712 καὶ
703 1645 828 1730 ταύτην
842 1673 899 1731 μοι
909 1643 972 1732 τὴν
986 1643 1130 1733 ἀμοιβὴν
1148 1673 1199 1728 199

127 1741 359 1811 ἀποδεδώκατε
377 1749 438 1811 τοῦ
452 1743 688 1829 βουλεύματος.
717 1749 766 1812 16.
783 1742 867 1812 ἀλλά
885 1750 1070 1828 κακοῦργοί
1081 1770 1131 1811 τι-

127 1869 198 1929 νες,
220 1841 300 1930 φής,
322 1845 359 1909 έν
379 1839 565 1920 αὐτοῖςκαὶ
587 1843 781 1928 μοιχεύουσι
803 1845 858 1909 καὶ
879 1850 1061 1928 πολεμοῦσι
1076 1843 1131 1910 καί

127 1939 274 2027 ἀδελφάς
283 1950 427 2026 γαμοῦσι
438 1943 493 2009 καὶ
504 1940 670 2024 πατράσιν
681 1943 947 2029 ἐπιβουλεύουσι.
964 1939 1037 2026 παρ’
1050 1939 1131 2028 ἡμῖν

127 2039 190 2127 γάρ
202 2037 275 2125 οῦχὶ
286 2039 390 2126 πολλὴ
403 2041 533 2107 τούτων
544 2039 712 2126 ἀφθονία;
735 2038 777 2108 οῦ
789 2042 898 2127 δήπου
908 2038 964 2108 διά
978 2038 1064 2107 τοῦτ’
1077 2045 1130 2106 αί-
1222 2043 1226 2048 ”

125 2136 267 2205 τιάσαιτ’
284 2135 327 2205 άν
337 2164 386 2216 τις
399 2135 460 2205 τόν
473 2135 632 2223 Οὐρανὸν
644 2137 771 2224 κοίτην
781 2145 869 2226 Γῆν,
885 2138 936 2206 ότι
950 2135 1035 2225 ἡμᾶς
1046 2159 1130 2203 συν-

127 2238 316 2324 εστήσαντο.
339 2242 386 2304 ἔτι
397 2240 451 2305 καὶ
461 2246 559 2305 τοῦτο
571 2248 651 2316 ἴσως
661 2246 762 2323 φαίης
773 2236 831 2322 άυ,
844 2236 896 2303 ὅτι
907 2234 1035 2321 ἀνάγκη
1046 2243 1130 2303 πολ-

125 2335 167 2406 λά
182 2336 268 2424 ἡμᾶς
279 2342 366 2422 ἔχειν
379 2336 555 2423 πράγματα
566 2338 847 2422 ἐπιμελουμένους
858 2331 979 2400 αῦτιῦν.
1002 2330 1129 2399 οῦκοῦν

127 2435 182 2503 διά
193 2462 231 2522 γε
244 2443 341 2503 τοῦτο
354 2437 408 2502 καλ
419 2432 437 2502 ὁ
450 2432 572 2521 νομεῦς
586 2433 745 2520 ἀχθέσθω
759 2434 811 2499 ἐπὶ
822 2438 868 2521 τῷ
882 2428 1040 2516 ἔχειντὴν
1052 2426 1130 2516 ἀγέ-

128 2544 205 2621 λην,
226 2532 311 2601 διότι
331 2531 515 2619 ἀναγκαίου
529 2535 756 2617 ἐπιμελεῖσθαι
778 2528 867 2620 αὐτῷ
884 2526 993 2614 αὐτῆς.
1023 2535 1129 2595 καίτοι

126 2634 164 2702 τό
177 2659 216 2719 γε
231 2636 372 2718 ἐργῶδες
386 2640 484 2699 τοῦτο
506 2634 560 2699 καὶ
576 2628 657 2717 ηδῦ·
680 2629 787 2707 άλλως
806 2630 861 2696 καὶ
877 2625 899 2714 ἡ
914 2629 1051 2711 φροντὶς
1066 2624 1129 2693 οὐκ

125 2728 270 2817 ἀτερπὴς
281 2729 401 2817 ἔχουσά
415 2756 490 2797 τινα
504 2729 686 2817 διατριβήν.
707 2724 774 2814 ἦτί
786 2726 851 2814 γάρ
867 2724 910 2794 ἀν
924 2726 1129 2811 ἐπράττομεν

124 2827 188 2897 οῦκ
204 2834 334 2915 ἔχοντες
355 2820 404 2896 ἀν
422 2834 634 2913 προνοοῦμεν
650 2825 795 2907 τούτους
817 2824 988 2914 ἠργοῦμεν
1008 2821 1052 2891 ἀν
1073 2828 1128 2891 καὶ
1146 2856 1199 2906 200

122 2926 161 2996 τό
174 2930 295 3013 νέκταρ
307 2930 464 3012 ἐπίνομεν
473 2929 527 2994 καὶ
537 2933 595 3012 τῆς
606 2924 789 3011 ἀμβροσίας
802 2925 1057 3010 ἐνεφορούμεθα
1069 2920 1130 2989 οῦ-

123 3026 183 3095 δὲν
200 3033 397 3103 ποθοῦντες.
431 3030 480 3093 17.
503 3023 522 3091 ό
546 3027 582 3091 δὲ
599 3024 741 3109 μάλιστά
762 3049 803 3110 με
821 3020 1014 3108 ἀποπνίγει,
1035 3016 1127 3087 τοῦτ’

123 3128 232 3208 ἐστίν,
255 3123 306 3191 ὅτι
320 3124 529 3209 μεμφόμενοι
543 3120 606 3208 τὴν
625 3120 903 3206 ἀνθρωποποιίαν
920 3122 974 3187 καὶ
988 3115 1129 3205 μάλιστά

122 3248 162 3308 γε
171 3220 231 3301 τάς
241 3234 403 3308 γυναῖκας
412 3217 501 3307 ὅμως
510 3222 605 3307 ἐράτε
614 3216 728 3287 αῦτῦν
738 3216 845 3287 καλοῦ
857 3223 1038 3286 διαλείπετε
1048 3243 1126 3284 κατ-

123 3320 250 3406 ιόντες,
266 3318 341 3405 ἀρτι
352 3318 414 3406 μὲν
425 3326 560 3406 ταῦροι,
578 3317 652 3402 ἀρτι
669 3319 705 3386 δὲ
721 3318 859 3401 σάτυροι
874 3318 929 3384 καὶ
943 3316 1061 3383 κῦιινοι
1075 3339 1111 3398 γι

123 3418 280 3503 νόμενον,
302 3421 357 3487 καὶ
380 3417 484 3500 θεοῦς
504 3423 536 3499 ἐξ
557 3416 670 3486 αῦτιῦν
691 3426 860 3485 ποιεῖσθαι
881 3414 1020 3496 ἀξιοῦτε.
1054 3410 1126 3481 ἀλλ’
