2550 3825
386 194 521 253 ΘΕΩΝ
542 194 797 254 ΔΙΑΛΟΓΟΙ.
1031 193 1091 257 115

95 378 158 438 γος.
189 351 272 421 du&
289 353 413 432 ἐκεῖνός
428 379 462 420 τε
479 351 541 440 ἤδη
560 360 624 438 ἔχει
640 351 701 439 τὴν
720 359 817 440 δίκην
834 354 947 441 κάμοί,
970 348 998 423 οἵ
1013 364 1090 436 Ζεῦ,

95 447 210 520 ἵκανδν
225 449 261 518 τὸ
278 454 412 530 πένθος.

175 555 203 616 3.
219 557 344 617 ΖΕΥΣ.
356 547 487 617 Ἱκανόν
498 552 603 636 λέγεις
614 557 749 618 τοιαῦτα
759 549 939 636 τολμήσας;
954 557 1019 618 νῦν
1030 551 1091 635 μέν

96 640 156 713 οὖν
177 647 379 732 συγγνώμην
400 645 555 733 άπονέμω
578 666 646 733 σοι,
676 650 709 726 ές
730 647 766 715 δὲ
787 645 824 714 τὸ
841 647 975 730 λοιπόν,
999 645 1042 734 ἥν
1059 674 1090 714 τι

95 741 209 827 ὅμοιον
224 745 460 832 παρανομήσῃς
478 743 588 830 ἤτινα
606 753 760 813 τοιοῦτον
776 754 920 814 σεαυτοῦ
935 745 1090 831 διάδοχον

94 845 272 930 ἐκπέμψῃς,
289 839 406 909 αὐτίκα
425 851 512 929 είση,
528 839 655 910 ὁπόσον
668 850 728 910 τοῦ
744 843 926 927 σοῦπυρδς
936 839 954 909 ὁ
966 867 1089 926 κεραυ-

94 937 151 1018 νός
164 942 419 1024 πυρωδέστερος.
445 937 527 1006 ὥστε
543 942 672 1007 ἐκεῖνον
683 943 745 1026 μέν
761 945 797 1008 αί
809 939 949 1025 άδελφαὶ
964 941 1090 1006 θαπτέ-
1106 951 1158 1005 280

0 1064 1 1069 ¹
93 1060 201 1106 τωσαν
223 1041 274 1107 ἐπὶ
295 1047 340 1130 τῷ
358 1037 538 1131 Ἠριδανῷ,
566 1044 684 1127 ἵναπερ
708 1048 825 1110 ἔπεσεν
848 1046 1089 1128 ἐκδιφρευθείς,

91 1135 250 1223 ἤλεκτρον
265 1135 317 1205 ἐπ’
330 1136 420 1227 αὐτῷ
435 1139 642 1224 δακρύουσαι
652 1143 706 1207 καὶ
721 1149 859 1225 αἴγειροι
875 1139 1089 1224 γενέσθωσαν

93 1236 143 1302 ἐπὶ
160 1243 204 1324 τῷ
220 1235 338 1320 πάθει,
362 1234 405 1303 σύ
423 1237 458 1304 δὲ
474 1238 724 1322 ξυμπηξάμενος
738 1235 774 1304 τό
791 1235 879 1322 άρμα
892 1277 935 1287 -
952 1238 1089 1321 κατέαγε

89 1333 195 1399 δὲκαὶ
212 1329 229 1398 ὁ
245 1330 349 1418 ῥυμδς
370 1331 475 1400 αὐτοῦ
489 1337 544 1401 καὶ
559 1332 674 1418 άτερος
689 1342 756 1400 των
776 1342 904 1419 τροχῶν
918 1335 1089 1416 συντέτρι-

91 1457 167 1497 πται
190 1473 226 1482 -
248 1438 365 1499 ἔλαυνε
382 1429 565 1518 ὑπαγαγὼν
585 1430 664 1511 τοὺς
678 1437 808 1510 ἵππους.
841 1429 923 1499 άίίά
941 1433 1087 1517 μέμνησο

93 1527 216 1594 τούτων
232 1525 398 1596 ἁπάντων.

561 1788 611 1849 26.

282 1877 588 1952 Αποκκααοε
611 1901 695 1952 κιι
720 1899 895 1952 εεαον.

172 2037 200 2097 l.
229 2038 300 2097 ΑΠ.
314 2029 416 2116 Ἔχεις
430 2058 485 2118 μοι
502 2038 622 2116 εἰπεῖν,
646 2025 800 2119 άἙρμῆ,
821 2031 959 2117 πότερος
980 2027 1088 2096 ὀΚά-

88 2148 174 2210 στωρ
190 2129 256 2195 έστὶ
267 2128 395 2195 τούτων
408 2124 430 2214 ἢ
441 2129 578 2214 πότερος
589 2127 607 2197 ὁ
618 2130 850 2215 Πολυδεύκηςς
874 2126 937 2213 ἐγω
948 2125 1012 2213 γάρ
1024 2124 1086 2194 οὐκ
1104 2143 1153 2196 281

87 2221 131 2291 άν
146 2229 349 2311 διακρίναιμι
364 2223 494 2303 αὐτούς.

170 2330 272 2391 ΕΡΜ.
291 2322 326 2391 ‘0
344 2324 406 2411 μέν
421 2324 500 2410 χθὲς
520 2323 599 2412 ἡμῖν
616 2324 856 2411 ξυγγενόμενος
876 2326 999 2398 ἐκεῖνος
1015 2321 1086 2387 Κά-

86 2442 175 2505 στωρ
191 2414 250 2507 ἦν,
267 2414 364 2499 οὗτος
381 2424 416 2491 δὲ
432 2423 656 2508 Πολυδεύκης.

175 2526 245 2587 An.
267 2526 344 2597 Παῖς
362 2522 607 2611 διαγινωσκεις;
631 2519 740 2605 ὅμοιοι
758 2518 832 2605 γάρ,

169 2623 272 2684 ΕΡΜ.
298 2614 368 2685 Ὅτι
388 2610 485 2695 οὗτος
507 2620 585 2703 μέν,
614 2609 838 2699 δ’Ἁπολλον,
865 2620 929 2701 ἔχει
952 2616 1003 2682 έπῖ
1025 2620 1085 2681 τοῦ

83 2714 267 2799 προσόπου
283 2712 323 2782 τά
344 2724 417 2801 ίχνη
438 2723 505 2782 των
527 2715 726 2801 τραυμάτων
748 2711 771 2782 ά
792 2720 888 2802 ἔλαβε
909 2712 997 2800 παρά
1018 2722 1085 2781 τῶν

62 2808 65 2811 ’
83 2810 342 2897 ἀνταγωνιστῶν
359 2812 551 2895 πυκτεύων,
580 2815 634 2879 καὶ
654 2813 793 2897 μάλιστα
812 2808 918 2879 ὁπόσα
940 2809 1005 2878 ὑπὸ
1024 2807 1084 2878 τοῦ

81 2909 255 2995 Βέβρυκος
265 2905 411 2994 ’Λμύκου
423 2909 553 2995 έτροίδη
566 2916 612 2998 τῷ
629 2907 749 2976 Ἰάσονι
759 2910 954 2995 συμπλέων,
969 2905 1085 2993 άτερος

83 3008 119 3073 δὲ
135 3002 238 3072 οὐδέν
250 3012 403 3073 τοιοῦτον
415 3008 584 3091 ἐμφαίνει,
600 3004 683 3074 άλλά
695 3005 844 3090 καθαρός
855 3007 922 3072 ἐστι
933 3008 985 3072 καὶ
999 3004 1082 3072 άπα-

81 3100 148 3189 θης
164 3100 202 3170 τό
219 3102 408 3188 πρόσωπον.

169 3206 242 3267 ΛΠ.
266 3198 413 3287 Ὤνησας
430 3202 562 3282 διδάξας
581 3198 621 3269 τά
643 3209 870 3289 γνωρίσματα,
896 3202 965 3269 ἐπεὶ
985 3200 1025 3266 τά
1046 3224 1084 3284 γε

78 3294 167 3366 ἄλλα
184 3297 294 3365 πάντα
308 3307 379 3383 ίσα,
400 3306 461 3366 τοῦ
476 3296 545 3389 γόοῦ
565 3298 601 3367 τό
616 3297 777 3387 ἡμίτομον
793 3301 847 3367 καὶ
862 3294 964 3385 άστὴρ
980 3294 1084 3382 ὑπερ-

78 3394 155 3463 άνω
169 3395 224 3464 καὶ
238 3393 394 3465 ἀκόντιον
409 3401 446 3466 ἐν
461 3406 501 3486 τῇ
519 3401 601 3483 χειρὶ
615 3400 670 3466 καὶ
685 3400 784 3476 ἵππος
798 3399 939 3545 ἑκατέρῳ
954 3393 1082 3480 λευκός,
1100 3375 1151 3512 ξ
