2550 3825
147 160 208 223 184
502 165 805 224 ΛΟΥΚΙΑΝΟΤ

145 318 250 387 αὐτόν
265 318 287 407 ἡ
303 319 433 408 ἀκωκή,
458 324 492 399 ές
507 318 545 388 τό
562 321 649 407 γόνυ
669 320 813 399 ὀκλάσας
830 326 955 407 δέχεται
971 330 1012 411 τῇ
1031 329 1151 410 σαρίσῃ

146 416 209 503 τὴν
230 420 385 485 ἐπέλασιν
404 420 460 486 καί
473 419 645 501 τιτρώσκει
665 416 727 485 τόν
750 420 855 484 ἵππον
873 415 940 485 ὑπὸ
958 414 996 485 τό
1012 423 1153 502 στέρνον

148 512 216 582 ὑπὸ
234 522 352 601 θυμοῦ
372 517 427 582 καλ
447 516 674 602 σφοδρότητος
691 520 906 601 διαπείραντα
926 516 1061 583 ἑαυτόν·
1083 522 1154 584 διε-

149 613 306 681 λαόνεται
317 612 353 679 δὲ
364 611 445 680 καὶὸ
458 612 618 698 Ἀρσάκης
627 616 663 680 έκ
671 620 733 680 τοῦ
741 612 914 700 βουβῶνος
923 611 1067 699 διαμπάξ
1077 612 1155 699 ἄχρι
1187 696 1192 705 ῃ

149 709 215 778 ὑπό
233 708 295 795 τὴν
311 711 434 795 πυγήν.
466 708 548 799 ὁρᾷς
568 707 642 778 οἶόν
661 739 693 778 τι
713 714 860 797 ἐγένετο,
886 709 1002 779 αὐτοῦ
1019 709 1155 797 ἀνδρός,

150 806 234 876 ἀλλά
245 814 306 875 τοῦ
316 811 423 876 ίππου
431 816 560 895 μᾶλλον
571 805 607 875 τό
619 815 728 893 ἔργον.
740 805 917 893 ἠγανάκτει
928 806 959 876 δ’
971 806 1060 895 ὅμως
1070 806 1156 894 ὁμό-

149 932 242 992 τιμος
257 901 306 973 τόν
321 913 390 972 τεόν
406 905 518 973 ἀλλων
535 910 590 973 καί
604 905 699 992 ἠξίου
713 905 833 985 ίππεύς
845 910 1002 973 κατιέναι.
1035 914 1064 975 5.
1084 906 1101 974 6
1117 910 1157 973 δέ

149 1028 188 1090 γε
198 1001 345 1089 Ὀροίτης
360 1008 415 1072 καί
429 1003 521 1071 πάνυ
536 1001 663 1082 ἁπαλός
678 998 723 1090 ἦν
735 1001 782 1071 τό
796 1004 879 1072 πόδε
895 1006 950 1071 καὶ
967 1001 1042 1072 οὐδ’
1058 1004 1156 1073 ἑστά-

132 1101 134 1105 ’
150 1127 207 1169 ναι
216 1108 332 1188 χαμαί,
346 1099 407 1187 οὐχ
418 1099 507 1180 ὅπως
517 1107 663 1189 βαδίζειν
673 1103 829 1169 ίδόνατο·
851 1100 1016 1187 πάσχουσι
1027 1098 1057 1169 δ’
1071 1084 1155 1167 αὐτό

86 1222 132 1276 m
153 1197 296 1284 ἀτεχνῶς
310 1204 424 1283 Μῆδοι
440 1200 578 1281 πάντες,
594 1196 679 1266 έπάν
694 1197 844 1285 ἀποβῶσι
858 1206 927 1266 τῶν
941 1203 1071 1283 ἵππον,
1086 1196 1157 1265 δι’σ-

153 1321 216 1379 περ
232 1298 285 1364 έπλ
302 1304 369 1364 τῶν
383 1295 545 1365 ἀκανθῶν
558 1304 731 1385 βαίνοντες
745 1295 945 1383 ἀκροποδητὶ
955 1298 1049 1383 μόλις
1060 1298 1159 1382 βαδί-

154 1401 278 1477 ζουσιν.
302 1394 385 1463 ὥστε
400 1398 469 1465 ἐπεὶ
485 1404 682 1482 καταβαίην
697 1393 818 1462 ἑαυτὸν
828 1400 933 1462 ἔκειτο
947 1398 1002 1461 καί
1018 1391 1159 1480 οὐδεμιᾷ

154 1500 283 1579 μηχανῇ
293 1490 492 1561 ἀνίστασθαι
501 1492 641 1580 ἤθελεν,
656 1490 674 1559 6
686 1496 853 1580 βέλτιστος
862 1489 981 1577 Ἑρμῆς
991 1489 1160 1575 ἀράμενος

155 1586 259 1658 αὐτόν
274 1589 427 1677 ἐκόμισεν
441 1590 515 1676 ἀχρι
531 1588 614 1676 πρός
627 1588 664 1659 τὸ
675 1601 877 1677 πορθμεῖον,
895 1586 959 1674 ἐγώ
975 1590 1011 1655 δὲ
1023 1589 1157 1672 ἐγέλων,

238 1709 268 1770 6,
281 1710 385 1770 ΑΝΤ.
398 1700 500 1787 Κάγώ
513 1705 548 1769 δὲ
560 1700 660 1769 ὁπότε
670 1702 815 1789 κατῄειν,
822 1697 898 1767 οὐδ’
908 1698 1044 1785 ἀνέμιξα
1054 1702 1137 1765 έιιαυ
1146 1736 1163 1751 ·

156 1815 292 1878 τοντοῑς
303 1798 431 1883 ἀλλοις,
447 1797 521 1867 ἀλλ’
538 1797 634 1885 ἀφεὶς
645 1800 844 1884 οἰμώζοντας
854 1795 977 1876 αὐτοὺς
989 1801 1162 1883 προσδρα-

156 1894 231 1984 μόν
245 1898 298 1965 έπλ
310 1895 347 1964 τό
363 1906 549 1982 πορθμεῖον
563 1902 812 1983 προκατέλαβον
825 1895 954 1981 χάραν,
972 1892 1016 1973 ὡς
1032 1889 1075 1962 ἀν
1086 1895 1160 1962 ἐπι·

155 1999 292 2082 τηδείως
302 1995 496 2081 πλεύσαιμι·
515 2000 571 2063 καὶ
584 1994 673 2078 παρὰ
686 1994 746 2063 τόν
756 2002 864 2061 πλοῦν
874 1999 907 2062 οί
916 1993 978 2080 μὲν
992 1990 1160 2077 ἐδάκρυόν

158 2120 193 2162 τε
211 2098 266 2164 καί
280 2098 458 2180 ἐναυτίων,
473 2094 537 2180 έγά
553 2098 589 2162 δὲ
603 2096 691 2181 μάλα
708 2094 893 2181 ἐτερπόμην
908 2091 958 2160 ἐπ’
975 2091 1094 2170 αὐτοῖς.

244 2199 272 2261 7.
294 2199 414 2261 ΔΙΟΓ.
435 2192 489 2263 Σύ
502 2198 580 2280 μέν,
595 2189 622 2263 ό
637 2196 772 2281 Κράτης
787 2189 1075 2276 καὶἎντίσθενδς,
1089 2215 1163 2257 τοι..

159 2292 269 2360 οότωυ
284 2291 412 2376 ἐτύχετε
428 2298 496 2358 τῶν
510 2292 779 2377 ξυνοδοιπόρων,
795 2293 866 2376 ἐμοὶ
881 2289 918 2356 δὲ
933 2293 1076 2367 Βλεψίας
1090 2312 1125 2353 τε
1142 2285 1162 2352 6

160 2386 363 2467 δανειστικὸς
383 2386 401 2458 6
418 2391 454 2457 ἐκ
465 2397 569 2475 Πίσης
589 2393 644 2458 καὶ
660 2390 792 2476 Λάμπις
808 2385 826 2454 6
845 2384 1009 2471 Ἀκαρνάν
1024 2381 1164 2469 ξεναγὸς

160 2481 209 2554 οόν
222 2490 278 2554 καὶ
291 2495 402 2572 Δᾶμις
420 2485 437 2553 6
458 2488 616 2565 πλούσιος
631 2485 650 2555 6
672 2490 707 2554 έκ
723 2481 899 2571 Κορίνθου
920 2482 1163 2570 συγκατῄεσαν,

93 2607 141 2660 ςςν
161 2581 179 2651 6
194 2585 256 2669 μὲν
266 2591 377 2668 Δᾶμις
390 2581 457 2652 ὑπὸ
468 2593 529 2652 τοῦ
541 2583 659 2663 παιδός
673 2588 710 2652 ἐκ
724 2583 910 2670 φαρμάκου
924 2580 1125 2662 ἀποθανών,
1143 2577 1162 2648 6

160 2681 196 2750 δὲ
217 2682 349 2767 Λάμπις
371 2680 416 2748 δι’
441 2689 546 2767 ἔρωτα
568 2691 724 2768 Μυρτίου
741 2689 798 2767 τῆς
819 2683 947 2766 ἑταίρας
967 2678 1165 2765 ἀποσφάξας

159 2780 297 2865 ἑαυτόν,
313 2777 331 2847 6
347 2779 383 2846 δὲ
396 2788 540 2859 Βλεψίας
553 2788 637 2870 λιμῷ
649 2779 667 2848 ὁ
680 2779 798 2858 ἀθλιος
811 2781 939 2864 ἐλέγετο
957 2775 1165 2860 ἀπεσκληκέ-

159 2904 215 2945 ναι
230 2880 284 2946 καί
299 2878 421 2965 ἐδήλου
435 2882 474 2946 δέ
492 2905 530 2964 γε
545 2877 648 2965 ἀγρὸς
669 2881 701 2957 ές
721 2875 914 2965 ὑπερβολὴν
928 2878 982 2944 καί
997 2884 1113 2951 λεπτος
1128 2875 1164 2951 ές

160 2972 196 3043 τό
211 2972 449 3063 ἀκριβέστατον
464 2978 674 3064 φαινόμενος.
706 2974 770 3064 ἐγιδ
792 2978 828 3044 δὲ
843 2981 960 3060 καίπερ
976 2971 1070 3051 εἰδός
1083 2969 1165 3038 ἀνί-

161 3098 297 3159 κρινον,
313 3069 353 3139 ὃν
366 3074 492 3158 τρόπον
508 3073 725 3142 ἀποθάνοιεν.
749 3073 815 3142 εἶτα
833 3081 878 3164 τῷ
894 3073 955 3158 μὲν
968 3071 1096 3157 Δάμιδι
1110 3074 1157 3135 αἰ·

161 3173 310 3261 τιοιμένφ
320 3168 381 3241 τόν
391 3169 485 3257 νίόν,
504 3168 576 3240 Οὐκ
588 3171 687 3239 ἀδικα
700 3176 812 3258 μέντοι
823 3177 964 3254 ἔπαθες,
982 3173 1083 3253 ἔφην,
1100 3163 1165 3232 ὑπ’

162 3265 283 3355 αὐτοῦ,
305 3275 336 3337 εί
355 3269 500 3337 τάλαντα
521 3274 604 3354 ἔχων
625 3266 711 3355 ὁμοῦ
729 3277 816 3356 χίλια
832 3271 886 3337 καί
906 3274 1046 3354 τρυφῶν
1063 3260 1168 3342 αὐτὸς

161 3369 440 3456 ένενηκοντοότης
456 3363 504 3434 όν
524 3363 811 3436 ὀκτωκαιδεκαέτει
827 3373 991 3447 νεανίσκῳ
1010 3368 1167 3446 τέτταρας
