2550 3825
351 171 599 229 NEKPIKOI
617 174 877 233 AIAAOPOL
1056 173 1116 237 185

113 324 254 415 ὀβολούς
264 340 425 413 παρεῖχες.
449 325 491 395 σύ
504 330 557 412 δέ,
570 320 597 393 ὦ
609 324 790 414 Ἀκαρνάν,
803 370 845 382 -
856 338 966 401 ἔστενε
979 332 1043 419 γάρ
1056 334 1117 401 κά·
1154 355 1157 360 ·

112 439 220 503 κεῖνος
234 426 289 492 καὶ
305 431 468 511 κατηρᾶτο
487 432 527 513 τῇ
540 432 682 515 Μυρτίῳ
696 464 739 478 -
755 435 788 495 τί
798 435 887 518 αἰτιᾷ
906 429 966 499 τὸν
976 430 1117 517 Ἔρωτα,

113 520 256 591 σεαυτόν
273 526 367 609 δέον,
384 520 420 602 δς
436 520 515 601 τούς
528 524 590 609 μέν
604 530 783 609 πολεμίους
797 523 1010 595 οὐδεπώποτε
1025 534 1103 613 ἕτρε·

112 642 188 707 σας,
203 619 287 691 ἀλλὰ
305 619 552 708 φιλοκινδύνως
564 618 729 708 ἠγωνίζου
744 622 808 708 πρό
824 631 891 691 τῶν
906 622 1033 710 ἀλλων,
1049 622 1115 691 ὑπὸ

112 721 148 787 δὲ
161 728 222 788 τοῦ
239 722 399 807 τυχόντος
414 725 649 806 παιδισκαρίου
663 722 718 787 καλ
733 722 890 805 δακρύων
906 721 1118 790 ἐπιπλάστων

112 822 168 887 καὶ
179 828 374 906 στεναγμῶν
386 820 489 898 ἑάλως
503 815 520 886 ὁ
534 832 697 905 γενναῖος.
720 815 812 904 ὁμὲν
823 818 887 904 γάρ
897 827 1040 899 Βλεψίας
1055 816 1117 886 αύ-

111 914 167 995 τδς
183 919 304 985 ἑαυτοῦ
319 918 495 1005 κατηγόρει
510 918 646 1003 φθάσας
657 915 785 1002 πολλὴν
795 915 857 1005 τὴν
868 916 1002 1004 ἀνοιαν,
1021 915 1064 997 ὡς
1075 916 1114 985 τὰ
1134 925 1186 979 443

110 1014 260 1100 χρήματα
276 1015 437 1101 ἐφύλαττε
454 1030 522 1093 τοῖς
541 1013 642 1082 οὐδὲν
662 1015 867 1101 προσήκουσι
884 1016 1115 1102 κληρονόμοις,

110 1113 144 1188 ές
156 1108 207 1179 ἀεὶ
222 1110 407 1198 βιώσεσθαι
425 1110 592 1198 ὁμόταιος
605 1117 757 1196 νομίζων.
781 1111 868 1199 πλὴν
881 1120 990 1199 ἔμοιγε
1002 1111 1043 1179 οὐ
1054 1112 1116 1199 τὴν

110 1217 278 1294 τυχοῦσαν
300 1208 473 1296 τερπωλὴν
490 1211 655 1296 παρέσχον
679 1209 752 1277 τότε
775 1216 955 1290 στένοντες.
989 1216 1017 1278 8.
1042 1208 1114 1279 ἀλλ’

109 1306 174 1393 ήδη
194 1309 256 1393 μὲν
275 1309 328 1375 ἐπὶ
347 1315 392 1398 τῷ
412 1315 536 1399 στομίφ
556 1310 672 1394 ἐσμέν,
700 1305 900 1396 ἀποβλέπειν
921 1309 957 1376 δὲ
977 1307 1038 1395 χρὴ
1061 1312 1116 1377 καί

110 1402 315 1472 ἀποσκοπεῖν
326 1406 507 1492 πόρρωθεν
516 1404 595 1485 τούς
607 1403 885 1491 ἀφικνουμένους.
905 1415 1022 1495 βαβαῖ,
1032 1416 1115 1475 πολ-

111 1509 167 1573 λοί
189 1507 303 1589 γεκαὶ
327 1511 471 1572 ποικίλοι
497 1507 551 1573 καλ
572 1503 694 1582 πάντες
717 1506 917 1589 δακρύοντες
940 1503 1027 1591 πλὴν
1047 1530 1114 1572 τιν

111 1607 262 1687 νεογνοῖν
276 1602 405 1670 τούτων
419 1605 473 1670 καὶ
484 1610 623 1689 νηπίων.
647 1601 729 1671 ἀλλά
742 1607 795 1671 καὶ
811 1609 844 1673 οἱ
856 1605 947 1671 πάνυ
961 1608 1114 1689 γέροντες

111 1697 362 1784 όδύρονται.τί
327 1709 495 1782 ττοῦτος
515 1695 581 1788 ἀρα
603 1699 640 1768 τό
663 1709 803 1788 φίλτρον
826 1700 948 1779 αὐτούς
969 1706 1113 1787 ἔχειτοῦ

108 1806 203 1887 βίους
226 1806 256 1869 9.
276 1808 397 1869 τούτου
412 1794 476 1869 οὖν
493 1798 553 1867 τόν
568 1798 769 1887 ὑπέργηρων
786 1804 921 1885 ἐρέσθαι
936 1801 1111 1887 βούλομαι.

108 1904 144 1967 τί
165 1898 321 1985 δακρύεις
341 1905 534 1985 τηλικοῦτος
555 1897 759 2023 ἀποθανόνς
789 1907 823 1968 τί
846 1897 1112 1987 ἀγανακτεῖς,ω

109 2003 272 2085 βέλτιστε,
293 2000 348 2066 καλ
369 2005 472 2065 ταῦτα
486 2001 595 2083 γε’ρων
615 1996 813 2085 ἀφιγμένος;
841 2026 860 2084 η
879 2023 945 2066 που
959 1996 1113 2122 βασιλεύς

108 2123 158 2175 τις
172 2089 278 2181 ἦσθας

193 2203 301 2263 Hm.
326 2194 498 2283 Οὐδαμῶς.

192 2302 312 2364 ΔΙΟΓ.
332 2293 429 2364 Ἀλλά
444 2296 628 2381 σατράπης;

192 2400 298 2460 ΠΊῺ.
325 2390 414 2461 Ούδέ
429 2400 537 2460 τοῦτο.
1128 2402 1180 2462 444

192 2498 314 2559 ΔΙΟΓ.
333 2484 412 2575 Αρα
429 2485 493 2560 οὖν
508 2487 739 2576 ἐπλούτεις,
712 2515 778 2556 ειτα
792 2483 868 2574 ἀνιᾷ
884 2505 921 2554 σε
931 2483 968 2552 τό
984 2484 1111 2572 πολλὴν

106 2614 242 2675 τρυφην
257 2587 462 2658 ἀπολιπόντα
480 2591 661 2670 τεθνάυαις

190 2695 300 2756 Hm.
325 2689 434 2758 Οὐδευ
446 2699 609 2775 τοιοῦτον,
621 2686 695 2758 ἀλλ’
711 2693 765 2773 ἔτη
776 2688 838 2773 μὲν
849 2683 1017 2772 ἐγεγόνειν
1028 2682 1113 2771 ἀμφὶ

106 2811 147 2852 τα
135 2783 381 2874 ἐνενήκοντα,
397 2787 557 2876 βίονδΉ
534 2814 664 2910 απρρον
679 2784 743 2855 ἀπο
734 2785 908 2872 καλάμου
924 2785 978 2852 καὶ
995 2781 1112 2870 ὁρμιᾶς

105 2881 196 2970 εἶχον
219 2887 251 2963 ές
273 2883 465 2974 ὑπερβολην
487 2886 613 2974 πτωχός
635 2883 683 2955 όν
704 2883 840 2963 ἀτεκνός
856 2910 891 2951 τε
907 2885 961 2952 καὶ
978 2887 1111 2967 προσέτι

105 2979 213 3067 χωλός
228 2986 282 3051 καὶ
297 2982 451 3072 ἀμυδρόν
463 2990 606 3074 βλέπων.

191 3088 312 3150 ΔΙΟΓ.
334 3081 416 3152 Εἶτα
430 3091 578 3162 τοιοῦτος
591 3079 640 3150 οδν
654 3089 712 3169 ζῆν
725 3081 859 3168 ἤθελεςς

190 3187 299 3248 Hm.
326 3189 410 3250 Ναί·
437 3180 502 3269 ἡδύ
524 3180 588 3269 γάρ
610 3176 712 3269 ἦντὸ
735 3187 805 3267 φῶς
821 3180 875 3246 καί
897 3173 934 3244 τὸ
949 3175 1111 3243 τεθνάναι

105 3275 222 3345 δεινὸν
236 3279 293 3348 καὶ
306 3285 479 3365 φευκτέον.

190 3383 311 3446 ΔΙΟΓ.
334 3387 555 3466 Παραπαίεις,
573 3374 600 3449 οἳ
620 3383 735 3465 γέρον,
752 3379 804 3446 καί
817 3372 1010 3462 μειρακιεύῃ
1027 3371 1109 3453 πρὸς
