2550 3825
169 160 232 222 290
289 227 293 236 ,
520 167 828 226 Λονιιικιιον

168 320 411 411 ἀνεπίγραφος·
435 322 533 392 ἀπιθι
543 326 597 391 καὶ
608 321 651 390 σὺ
663 322 752 409 παρά
765 331 937 393 Κυνίσκον
948 331 1089 392 τουτονί.
1111 351 1172 390 τον

168 420 338 502 τύραννον
354 419 418 509 ἤδη
433 422 621 507 προσκάλει.

99 534 149 589 647
251 526 355 586 EPM.
382 521 605 605 Μεγαπένθης
624 520 784 587 Λακύδου
805 519 920 608 ἡκέτω.
954 534 1013 588 πολ
1028 521 1173 606 στρέφη;

167 616 315 701 πρόσιθι.
339 618 376 684 σὲ
390 615 450 685 τόν
469 617 640 704 τύραννον
660 628 846 705 προσκαλῶ.
875 617 1036 706 πρόβαλλ’
1055 616 1171 703 αὐτόν,

168 709 195 784 ὦ
213 716 395 802 Τισιφόνη,
414 718 447 794 ές
461 714 498 782 τό
514 719 616 802 μέσον
631 719 684 784 ἐπὶ
700 719 864 805 τράχηλον
880 716 1028 786 ὠθοῦσα.

250 821 348 881 ΡΑΔ.
375 811 429 881 Σδ
450 817 501 898 δέ,
524 807 551 880 τό
571 821 736 900 Κυνίσκε,
760 817 935 903 κατηγόρει
955 817 1010 883 καί
1027 816 1172 898 διέλεγχε

167 909 246 998 ἤδη·
270 917 410 996 πλησίον
424 910 489 998 γάρ
504 910 521 979 ὁ
538 910 623 998 ἀνὴρ
640 911 763 982 οὑτοσί.

251 1015 302 1078 26.
316 1017 419 1078 KYN.
439 1009 483 1078 Τό
499 1011 560 1097 μέν
572 1011 654 1079 ὅλον
665 1011 743 1080 οὐδὲ
755 1014 866 1098 λόγων
878 1017 960 1080 ἔδει·
982 1009 1094 1098 γνωση
1106 1005 1171 1093 γάρ

168 1104 272 1174 αὐτὸν
286 1103 404 1174 αὐτίκα
418 1108 506 1192 μάλα
521 1103 590 1186 οἷός
605 1110 695 1175 ἐστιν
705 1108 769 1177 ἀπὸ
784 1117 851 1176 τῶν
864 1109 1061 1197 στιγμάτων.
1081 1105 1171 1192 ὅμως

169 1204 205 1272 δὲ
220 1202 341 1284 καύτὸς
353 1202 559 1287 ἀποκαλύψω
573 1226 626 1273 σοι
640 1206 700 1275 τόν
714 1206 821 1295 ἀνδρα
834 1206 897 1276 κάκ
910 1215 971 1275 τοῦ
986 1207 1089 1292 λόγου
1103 1208 1172 1270 δεί-

169 1307 214 1382 ξω
225 1303 473 1388 φανερώτερον·
490 1302 603 1371 οὑτοσὶ
619 1301 683 1390 γάρ
695 1303 712 1372 ὁ
724 1306 982 1390 τρισκατάρατος
992 1302 1099 1392 ὁπόσα
1109 1302 1171 1389 μὲν

169 1401 301 1486 ἰδιώτης
316 1397 364 1468 ἀν
380 1405 513 1488 ἔπραξε,
529 1411 745 1490 παραλείψειν
761 1430 817 1492 μοι
833 1410 935 1473 δοκῶ·
959 1407 1028 1472 ἐπεὶ
1046 1404 1082 1470 δὲ
1092 1399 1172 1478 τούς

169 1501 402 1585 θρασυτάτους
424 1502 745 1588 προσεταιρούμενος
761 1506 816 1572 καί
832 1502 1045 1589 δορυφόρους
1066 1521 1171 1567 συνα-

168 1598 282 1685 γαγών
297 1597 481 1678 ἐπαναστάς
495 1607 535 1690 τῇ
550 1601 645 1668 πόλει
658 1602 824 1688 τύραννος
839 1604 993 1686 κατέστη,
1016 1598 1172 1685 ἀκρίτους

169 1699 231 1783 μὲν
246 1693 417 1762 ἀπέκτεινε
431 1704 565 1776 πλείους
578 1695 767 1784 ἢμνρίονς,
782 1696 841 1778 τάς
850 1700 886 1766 δὲ
897 1695 1012 1776 οὐσίας
1023 1695 1171 1764 ἑκάστων

169 1790 416 1875 ἀφαιρούμενος
432 1794 487 1859 καὶ
498 1794 646 1861 πλούτου
661 1793 745 1877 πρὸς
755 1793 791 1864 τὰ
807 1793 992 1882 ἀκρότατον
1007 1791 1171 1878 ἀφικόμε-

169 1917 227 1968 νος
242 1886 401 1974 οὐδεμίαν
415 1892 476 1975 μὲν
488 1888 665 1971 ἀκολασίας
679 1895 772 1962 ἰδέαν
784 1897 1044 1982 παραλέλοιπεν,
1058 1888 1171 1976 ἀπάση

169 1988 205 2055 δέ
227 1985 368 2073 ὠμότητι
389 1991 444 2056 καί
459 1987 554 2077 ὕβρει
571 1990 654 2059 κατά
669 2001 737 2061 τῶν
757 1992 886 2062 ἀθλίων
907 1998 1052 2060 πολιτῶν
1075 1988 1172 2074 ἐχρή-

169 2106 265 2169 σατο,
283 2089 473 2168 παρθένους
491 2092 699 2176 διαφθείρων
714 2094 768 2160 καί
781 2093 927 2179 ἐφήβους
940 2088 1172 2174 καταισχύνων

169 2186 223 2252 καὶ
238 2184 346 2252 πάντα
356 2185 481 2271 τρόπον
495 2203 563 2267 τοῖς
577 2186 739 2276 ὑπηκόοις
753 2193 973 2276 ἐμπαροινῶν.
996 2188 1051 2256 καί
1065 2184 1171 2268 ὑπερ-

170 2291 265 2364 οψίας
274 2286 386 2371 μέντοι
396 2290 451 2356 καὶ
462 2289 574 2373 τάφον
583 2293 636 2357 καὶ
648 2297 708 2357 τοῦ
717 2287 800 2376 πρὸς
808 2288 1070 2374 ἐντυγχάνοντας
1081 2310 1173 2370 φρυ-

169 2385 314 2469 άγματος
328 2382 407 2452 οὐδὲ
424 2385 496 2454 κατ’
518 2385 613 2468 ἀξίαν
633 2387 752 2456 δυ’ναιο
771 2384 815 2454 ἀν
836 2385 914 2470 παρ’
935 2384 1039 2454 αὐτοῦ
1055 2391 1173 2470 λαβεῖν

100 2499 152 2555 648
170 2481 232 2569 την
257 2488 368 2569 δίκην·
399 2488 483 2573 ῥᾷον
504 2486 568 2572 γάρ
589 2482 654 2555 οὖν
676 2485 737 2553 τόν
757 2485 854 2572 ἥλιον
876 2484 919 2552 ἀν
939 2481 1028 2570 τιςῆ
1049 2491 1172 2551 τοῦτον

169 2577 417 2666 ἀσκαρδαμυκτὶ
439 2589 672 2672 προσέβλεψεν.
701 2582 742 2651 οὐ
757 2582 824 2670 μὴν
840 2586 894 2652 καὶ
917 2591 984 2651 των
1000 2581 1173 2650 κολάσεων

168 2677 205 2745 τό
220 2676 303 2765 πρός
319 2676 469 2767 άμότητα
485 2682 690 2770 καινουργὸν
706 2682 812 2751 αὐτοῦ
825 2691 873 2762 τίς
887 2680 931 2751 ἀν
946 2682 1172 2769 διηγήσασθαι

169 2777 322 2864 δύναιτο,
339 2775 376 2856 ὅς
389 2804 427 2863 γε
438 2782 519 2866 μηδὲ
530 2789 597 2850 τῶν
608 2784 819 2851 οἰκειοτάτων
830 2782 1004 2869 ἀπέσχετος
1024 2785 1079 2849 καί
1089 2791 1173 2849 ταῦ-

168 2901 207 2941 τα
224 2872 275 2940 ότι
289 2872 333 2960 μη
350 2874 457 2954 άλλως
470 2880 551 2965 κενή
565 2886 613 2959 τίς
633 2883 701 2948 ἐστι
717 2878 789 2948 κατ’
809 2879 913 2948 αὐτοῦ
930 2880 1085 2968 διαβολή,
1106 2877 1173 2945 αό-

168 2978 242 3041 τίκα
260 2980 331 3060 εἰση
345 2979 570 3057 προσκαλέσας
584 2976 663 3057 τούς
682 2976 740 3046 ὑπ’
762 2977 865 3047 αὐτοῦ
882 2983 1171 3065 πεφονευμένους·

168 3079 295 3158 μᾶλλον
317 3073 352 3139 δὲ
369 3073 521 3161 ἀκλητοι,
547 3074 590 3155 ὡς
613 3076 709 3167 ὁρᾷς,
737 3079 869 3162 πάρεισι
890 3081 944 3146 καὶ
959 3077 1173 3163 περιστάντες

168 3170 329 3256 ἄγχουσιν
340 3169 452 3242 αὐτόν.
477 3167 570 3243 οὗτοι
581 3178 718 3263 πάντες,
734 3170 761 3244 ά
770 3174 1001 3261 Ῥαδάμανθυ,
1013 3173 1097 3260 πρὸς
1107 3182 1171 3242 τοῦ

169 3270 340 3355 ἀλιτηρίου
356 3278 531 3358 τεθνᾶσιν,
553 3278 588 3341 οἰ
603 3275 665 3359 μέν
685 3284 856 3361 γυναικῶν
874 3277 973 3343 ἕνεκα
988 3273 1173 3362 εὐμόρφων

168 3372 477 3456 ἐπιβουλευθέντες,
499 3377 533 3440 οἰ
552 3376 588 3440 δέ
604 3376 705 3441 υἰέων
726 3372 946 3462 ἀπαγομένων
966 3372 1049 3457 πρὸς
1069 3372 1173 3461 ὕβριν
