2550 3825
191 194 234 259 22
540 200 838 258 AOTKIANOY

192 364 276 427 ένιοι
292 362 354 444 μὲν
366 359 443 444 γάρ,
459 355 496 425 τό
512 358 721 443 καινότατον,
735 356 816 427 οὐδὲ
832 374 945 428 νοσεῖν
960 360 1175 447 σχολάζουσιν
1260 363 1261 380 ἦ

192 464 242 526 23.
265 456 329 544 ἐγῶ
346 459 458 543 μέντοι
478 482 516 541 γε
537 452 624 524 πολδ
644 466 712 524 τῶν
725 462 1001 545 κολακευομένων
1013 459 1183 539 ἐξωλεστί-
1260 547 1261 550 ¹

192 583 274 639 ρους
283 553 362 634 τοδς
372 557 516 633 κόλακας
525 553 704 645 ὑπείληφα,
717 558 772 624 καὶ
782 555 902 643 σχεδόν
912 556 1035 637 αὐταός
1050 562 1185 635 ἐκείνοις
1260 565 1261 626 3

192 661 416 723 καθίστασθαι
426 661 483 741 της
494 652 725 741 ὑπερηφανίας
736 662 876 736 αίτίους·
897 655 979 725 όταν
994 656 1060 743 γάρ
1075 654 1185 723 αὐτῶν
1260 669 1261 724 ξ

191 752 252 840 τὴν
270 760 464 836 περιουσίαν
477 754 679 839 θαυμάσωσι
693 756 748 822 καὶ
767 752 827 822 τόν
844 754 971 842 χρυσόν
990 757 1184 824 ἐπαινέσωσι

191 854 246 921 καὶ
261 849 340 930 τούς
357 859 513 930 πυλῶνας
528 854 636 921 ἕωθεν
656 853 847 941 έμπλήσωσι
867 849 922 923 καὶ
941 854 1184 940 προσελθόντες

192 951 303 1037 ῶσπερ
318 951 479 1029 δεσπότας
493 957 709 1037 προσείπωσι,
725 959 761 1020 τί
767 956 823 1022 καὶ
839 953 1023 1041 φρονήσειν
1040 956 1185 1029 ἐκείνους
1260 949 1261 1014 ί

194 1051 282 1129 είκός
303 1054 410 1133 ἐστιυ;
441 1058 470 1119 εί
488 1053 528 1119 δέ
546 1076 583 1137 γε
599 1058 702 1140 κοινῷ
725 1052 865 1138 δόγματι
883 1048 949 1120 κάν
968 1048 1053 1135 πρός
1072 1046 1185 1135 όλίγον
1260 1047 1261 1120 ι

191 1148 371 1234 ἀπέσχοντο
383 1154 482 1236 τῆσδε
492 1157 549 1235 τῆς
563 1152 824 1237 ἐθελοδουλείας,
840 1147 903 1217 οὐκ
915 1147 959 1217 άν
970 1160 1031 1218 οίει
1042 1148 1185 1217 τοόναν-
1260 1165 1261 1168 ’

190 1254 262 1316 τίον
276 1246 399 1327 αὐτοὺς
416 1251 529 1316 ἐλθεῖν
551 1250 603 1315 ἐπὶ
621 1246 681 1325 τάς
695 1247 807 1333 θύρας
825 1256 894 1315 τῶν
913 1256 1052 1334 πτωχῶν
1070 1248 1186 1332 δεομέ-

190 1372 273 1426 νους
287 1344 365 1426 τοὺς
380 1353 571 1431 πλουσίους,
586 1343 630 1432 μὴ
648 1344 795 1415 άθέατον
808 1345 921 1413 αὐτῶν
937 1345 1015 1434 μηδ’
1033 1345 1185 1433 άμάρτυ-

192 1470 253 1530 ρον
269 1443 331 1532 τὴν
346 1443 562 1532 εὐδαιμονίαν
583 1453 774 1513 καταλιπεῖν
793 1444 874 1532 μηδ’
900 1443 1069 1533 άνόνητόν
1081 1448 1187 1515 τεκαὶ

136 1562 169 1616 62
192 1543 355 1630 άχρηστον
367 1551 435 1611 τῶν
449 1549 617 1628 τραπεζῶν
633 1541 670 1610 τό
685 1545 806 1623 κάλλος
816 1547 871 1613 καὶ
883 1552 951 1613 τῶν
960 1555 1063 1613 οῖκων
1076 1544 1113 1613 τό
1128 1548 1186 1632 μέ-

190 1641 352 1729 γεθοςςού
366 1642 430 1729 γὰρ
448 1642 537 1711 οὕτω
554 1650 614 1711 τοῦ
631 1652 789 1712 πλουτεῖν
804 1646 926 1731 ἐρῶσιν
942 1641 987 1723 ῶς
1002 1652 1064 1711 τοῦ
1077 1642 1132 1711 διά
1149 1642 1185 1712 τό

191 1751 347 1812 πλουτεῖν
358 1740 655 1829 εὐδαιμονίζεσθαι.
679 1745 734 1809 καὶ
746 1741 835 1809 οὕτω
846 1741 882 1810 δὲ
898 1748 973 1829 ἔχει,
987 1743 1093 1829 μηδὲν
1104 1741 1187 1828 όφε-

190 1851 248 1920 λος
262 1839 346 1908 εἶναι
366 1850 587 1925 περικαλλοῦς
603 1847 709 1920 οίκίας
725 1848 771 1932 τῷ
790 1847 940 1909 οίκοῦντι
960 1845 1042 1929 μηδὲ
1057 1850 1186 1930 χρυσοῦ

190 1944 245 2009 καί
257 1944 443 2027 ἐλέφαντος,
459 1948 489 2009 εί
497 1942 542 2028 μή
553 1970 603 2021 τις
613 1941 697 2010 αότά
709 1942 885 2027 θαυμάζοι.
909 1946 1009 2028 ἐχρῆν
1026 1937 1090 2010 οὖν
1103 1943 1185 2011 ταό·

189 2067 230 2129 τη
251 2050 428 2125 καθαιρεῖν
451 2039 563 2109 αὐτῶν
588 2044 644 2109 καί
665 2038 882 2120 άπὲυωυίζειν
904 2039 967 2127 τὴν
987 2046 1189 2111 δυναστείαν

136 2152 170 2208 63
192 2145 447 2226 ἐπιτειχίσαντας
466 2149 512 2230 τῶ
526 2141 660 2230 πλοότφ
678 2139 741 2228 την
764 2138 969 2227 ὑπεροψίαν·
992 2150 1058 2208 νῦν
1075 2143 1111 2208 δὲ
1126 2151 1190 2209 λα-

190 2241 364 2323 τρεύοντες
381 2246 427 2318 είς
443 2237 607 2307 ἀπόνοιαν
618 2238 748 2325 άγουσι.
791 2243 842 2305 24.
865 2240 918 2306 καὶ
932 2236 970 2306 τό
986 2241 1048 2324 μέν
1061 2237 1188 2324 ἄνδρας

191 2339 324 2417 ίδιῶτας
339 2342 393 2406 καὶ
409 2335 607 2423 ἀναφανδόν
621 2336 686 2423 τὴν
702 2334 922 2404 άπαιδευσίαν
937 2334 1190 2422 ὁμολογοῦντας
1260 2408 1261 2415 ,

190 2436 230 2505 τά
245 2445 381 2505 τοιαῦτα
396 2451 515 2522 ποιεῖν,
541 2437 764 2522 μετριωτερον
784 2430 828 2502 άν
843 2436 977 2514 εἰκότως
991 2445 1189 2524 νομισθείη·

135 2547 170 2599 64
190 2535 227 2603 τὸ
244 2536 280 2602 δὲ
298 2538 352 2603 καὶ
372 2544 439 2602 τῶν
462 2544 661 2620 φιλοσοφεῖν
681 2537 981 2621 προσποιουμένων
1001 2543 1116 2626 πολλῷ
1142 2542 1190 2604 ἔτι

189 2634 319 2702 τούτων
331 2633 522 2720 γελοιότερα
536 2639 639 2717 δρῶν,
661 2633 746 2702 τοῦτ’
764 2634 828 2721 ἤδη
845 2633 883 2702 τδ
899 2635 1093 2703 δεινότατόν
1106 2637 1187 2703 ἐστι.

189 2741 260 2812 πῶς
279 2731 344 2820 γάρ
367 2742 428 2800 οίει
450 2731 511 2818 τὴν
532 2731 643 2818 ψυχὴν
666 2739 896 2801 διατεθεῖσθαί
920 2759 993 2819 μοι,
1020 2731 1102 2801 ὅταν
1126 2737 1190 2800 ῖδω

189 2833 319 2900 τούτων
332 2830 417 2915 τινά,
433 2831 574 2916 μάλιστα
588 2837 656 2899 τῶν
671 2833 942 2920 προβεβηκότων,
960 2831 1186 2917 ἀναμεμιγμέ-

191 2956 251 2998 νον
262 2931 416 2998 κολάκων
430 2929 515 3019 όχλφ
527 2932 581 2999 καὶ
595 2937 663 2998 τῶν
674 2927 721 2998 ἐπ’
733 2931 825 3011 άξίας
839 2928 914 2999 τινά
930 2936 1191 3016 δορυφοροῦντα

189 3033 326 3108 καὶτοῖς
340 3027 442 3098 ἐπίτά
458 3033 576 3097 δεῖπνα
587 3033 855 3116 παραγγέλλουσι
871 3028 1191 3114 κοινολογούμενον,

189 3127 428 3214 ἐπισημότερον
445 3130 480 3196 δὲ
497 3135 566 3196 τῶν
576 3128 689 3197 ἄλλων
703 3128 768 3196 άπδ
783 3135 846 3196 τοῦ
858 3127 1023 3214 σχήματος
1038 3124 1119 3192 ὄντα
1132 3128 1190 3193 καὶ

190 3226 443 3315 φανερῶτερου;
459 3231 513 3295 καὶ
529 3225 548 3295 δ
564 3229 707 3313 μάλιστα
723 3225 909 3312 ἀγανακτῶ,
927 3223 979 3292 ὅτι
995 3220 1039 3311 μὴ
1055 3225 1112 3291 καί
1125 3222 1191 3311 τήν

190 3324 316 3414 σκευὴν
330 3325 633 3413 μεταλαμβάνουσι,
654 3322 694 3393 τά
711 3323 795 3393 άλλα
809 3350 848 3410 γε
862 3322 984 3410 ὁμοίως
999 3320 1193 3403 ὑποκρινό-

187 3453 284 3512 μενοι
297 3431 358 3493 τοῦ
373 3425 547 3512 δράματος.
591 3430 643 3492 25.
666 3421 689 3490 δ
702 3424 764 3512 μὲν
777 3421 841 3510 γάρ
857 3424 894 3490 ἐν
908 3436 977 3500 τοῖς
988 3426 1194 3507 συμποσίοις
