2550 3825
447 193 761 251 ΑΡΜΟΝΙΔΗΣ.
1042 189 1101 251 401

102 351 198 416 θύσει
209 350 264 418 καὶ
276 356 407 436 βαίνειν
422 352 459 416 ἐν
476 351 598 440 ῥυθμῷ
612 352 668 418 καὶ
687 352 853 437 σύμφωνα
871 350 954 418 είναι
968 352 1010 419 τά
1024 355 1105 437 μέλη

100 442 186 528 πρὸς
207 444 267 514 τόν
290 443 393 532 χορόν
414 450 468 514 καὶ
493 454 550 532 τής
575 445 735 534 ἁρμονίας
760 448 898 535 ἑκάστης
922 449 1105 536 διαφυλάτ-
1172 440 1175 446 ’

100 568 172 610 τειν
191 542 228 610 τό
252 548 355 628 ίδιον,
384 551 442 630 τής
455 551 608 630 Φρυγίου
628 542 669 613 τό
687 550 827 630 ένθεον,
852 536 910 632 τῆς
924 551 1054 614 Λυδίου
1067 545 1104 614 τό

103 640 283 726 Βακχικόν,
304 648 362 727 τῆς
374 648 512 723 Δωρίου
528 639 566 708 τό
583 641 723 728 σεμνόν,
740 650 798 728 τῆς
815 641 959 728 Ἰωνικῆς
971 640 1009 710 τό
1023 651 1105 728 γλα-

100 737 223 823 φυρόν.
246 741 420 823 ταῦταμὲν
431 730 495 805 οὖν
508 738 617 806 πάντα
631 739 848 826 ἐκμεμάθηκα
862 737 952 826 παρὰ
964 747 1043 807 σοῦ·
1064 739 1105 807 τά

100 838 239 922 μέγιστα
253 838 290 903 δὲ
304 837 358 904 καί
371 828 420 904 όν
435 839 533 904 ἕνεκα
547 838 744 925 ἐπεθύμησα
757 846 816 925 τῆς
831 835 1026 924 αὐλητικῆς,
1045 833 1105 922 οόή

100 933 171 1020 ὁρῶ
185 943 257 1012 παῖς
269 929 314 1000 άν
326 931 384 1000 ἀπ’
402 931 504 1020 αὐτῆς
517 955 576 1021 μοι·
588 939 820 1023 προσγένοιτο,
844 934 866 1022 ἡ
883 935 964 1016 δόξα
977 932 1000 1022 ἡ
1014 935 1104 1021 παρὰ

100 1042 170 1102 τῶν
183 1042 317 1102 πολλῶν
333 1036 388 1100 καὶ
403 1032 440 1100 τό
465 1036 627 1120 ἐπίσημον
643 1033 726 1102 εἶναι
747 1039 784 1103 έν
805 1035 949 1121 πλήθεσι
964 1035 1018 1101 καὶ
1037 1038 1105 1100 δεί-

101 1145 250 1204 κνυσθαι
264 1142 309 1226 τῷ
321 1135 489 1225 δακτύλῳ,
505 1138 559 1203 καὶ
572 1134 617 1222 ήν
627 1161 695 1204 που
706 1144 821 1222 φανῶ,
837 1133 943 1214 εὐθύς
957 1138 1105 1218 ἐπιστρέ-

101 1244 228 1320 φεσθαι
242 1233 369 1311 πάντας
379 1239 426 1311 είς
440 1235 496 1318 έμὲ
507 1235 562 1300 καί
575 1237 686 1320 λέγειν
699 1233 863 1320 τοῦνομα,
878 1225 1105 1318 οὗτοςἍρμο-

103 1337 196 1418 νίδης
211 1330 335 1409 έκείνός
347 1328 463 1398 έστινό
477 1329 610 1417 ἄριστος
619 1331 780 1418 αύλητής,
795 1330 907 1415 ὥσπερ
918 1329 1038 1398 ότεκαλ
1050 1329 1104 1414 σύ,

104 1422 131 1497 ὦ
144 1429 299 1516 Τιμόθεε,
314 1427 350 1497 τό
363 1435 497 1514 πρῶτον
507 1426 619 1496 έλθεδν
630 1438 768 1496 οίκοθεν
779 1432 815 1497 έκ
823 1433 985 1504 Βοιωτίας
993 1424 1105 1512 ὑπηύ-
1123 1491 1130 1502 ,

104 1537 206 1614 λησας
220 1535 260 1616 τῇ
273 1530 473 1595 Πανδιονίδι
489 1528 544 1593 καὶ
560 1527 717 1611 ἐνίκησας
735 1528 773 1593 έν
785 1533 834 1615 τῷ
849 1534 968 1592 Αίαντι
984 1530 1029 1614 τῷ
1046 1526 1105 1609 ἐμω

103 1641 214 1712 μανεϊ,
226 1633 287 1694 τοῦ
299 1623 482 1712 ὁμωνύμου
493 1644 545 1691 σοι
558 1623 757 1709 ποιήσαντος
766 1620 804 1690 τὸ
815 1625 928 1708 μέλος,
941 1620 1050 1699 ούδελς
1059 1613 1104 1706 ήν
1120 1633 1172 1688 852

103 1722 140 1800 ὃς
152 1719 267 1808 ἠγνόει
281 1721 445 1809 τοῦνομα,
464 1721 632 1808 Τιμόθεον
649 1724 686 1789 έιι
702 1727 840 1808 Θηβῶν·
869 1717 943 1789 ἀλλ’
961 1725 1046 1787 ἔνθα
1061 1713 1105 1784 άν

101 1822 157 1887 καὶ
170 1825 237 1886 νῦν
251 1827 375 1908 φανῇς,
391 1824 597 1888 συνθέουσιν
610 1822 662 1887 ἐπὶ
673 1820 711 1887 σὲ
723 1819 845 1897 πάντες
856 1815 966 1904 ὥσπερ
982 1818 1034 1885 έπλ
1043 1812 1105 1901 τήν

102 1924 233 2002 γλαῦκα
247 1916 287 1985 τά
304 1916 415 2004 όρνεα.
437 1916 532 1986 ταῦτ’
551 1920 617 1985 ἐστὶ
632 1915 678 1986 δι’
697 1916 783 2006 άπερ
797 1915 948 2005 ηὐξάμην
962 1911 1105 2002 αὐλητής

101 2020 260 2103 γενέσθαι
278 2021 332 2085 καλ
352 2016 436 2103 ὑπὲρ
453 2012 501 2085 ὦν
516 2018 688 2104 πεπόνηκα
702 2017 763 2087 τόν
777 2020 887 2087 πόνον
904 2017 964 2087 τόν
979 2016 1103 2085 πολύν·

103 2115 173 2182 ἐπεί
186 2112 226 2181 τό
244 2139 283 2200 γε
300 2112 415 2183 αύλελν
431 2113 512 2183 αύτό
533 2114 616 2182 ἄνευ
629 2125 691 2181 τοῦ
707 2120 843 2195 ἔνδοξον
863 2114 947 2183 εἶναι
961 2113 1007 2181 δι’
1023 2110 1103 2181 αύτό

103 2210 165 2280 οὐκ
185 2207 229 2279 ἂν
245 2215 401 2298 δεξαίμην
416 2211 575 2303 άγνάστιμ
595 2238 651 2298 μοι
671 2206 960 2299 προσγενόμενόν,
986 2210 1060 2279 οὐδ’
1076 2217 1106 2279 εί

106 2312 270 2396 Μαρσύας
290 2310 495 2401 ήὍλυμπος
510 2312 713 2400 γενήσεσθαι
735 2309 1103 2397 μέλλοιμιλανθάνων·

103 2408 203 2478 οὐδὲν
223 2409 288 2497 γάρ
306 2410 426 2498 ὄφελος
446 2410 653 2499 ἀπορρήτου,
680 2416 778 2495 φασί,
805 2410 859 2477 καὶ
875 2407 1029 2495 ἀφανοῦς
1047 2414 1104 2492 τῆς

102 2516 271 2596 μουσικῆς.
292 2507 375 2578 άλλά
390 2511 450 2597 σύ,
469 2517 549 2597 ἔφη,
564 2513 734 2579 καὶταῦτα
747 2509 929 2578 παίδευσόν
942 2534 999 2594 με,
1014 2505 1104 2583 όπιος

102 2634 158 2693 μοι
174 2610 333 2693 χρηστέον
344 2606 501 2698 κάμαυτηῐ
513 2611 567 2675 καὶ
578 2616 618 2696 τῇ
628 2611 741 2697 τέχνη,
759 2614 817 2675 καί
825 2626 877 2673 σοι
887 2602 1001 2690 διττήν
1015 2613 1103 2672 είσο-

102 2730 160 2791 μαι
169 2702 231 2791 τήν
240 2704 348 2790 χάριν,
364 2707 419 2774 καὶ
430 2709 481 2774 έπλ
492 2714 532 2795 τῇ
541 2704 679 2793 αὐλήσει
689 2713 754 2790 καί,
771 2702 808 2773 τό
821 2708 985 2792 μέγιστον,
1001 2706 1052 2771 έπλ
1064 2710 1103 2791 τῇ

103 2803 183 2891 δόξη
196 2802 305 2889 αὐτῆς.
331 2810 360 2871 2.
374 2803 587 2889 ἀποκρίνεται
599 2799 663 2873 οὖν
674 2803 762 2893 αύτῷ
776 2802 794 2871 ὁ
808 2802 989 2890 Τιμόθεος,
1002 2801 1102 2889 Ἀλλ’,

103 2896 134 2969 τό
143 2900 335 2988 Ἁρμονίδη,
351 2905 428 2991 έρᾷς
442 2906 521 2989 μέν,
539 2909 621 2989 ἔφη,
637 2896 676 2970 εὖ
692 2912 781 2987 ἴσθι,
801 2900 844 2969 ού
858 2911 981 2989 μικροῦ
994 2900 1099 2987 πράγ-

100 3007 217 3087 ματος,
233 3003 371 3068 ἐπαίνου
382 3005 436 3069 καὶ
448 3002 544 3087 δόξης
561 3002 615 3069 καὶ
633 3004 790 3086 ἐπίσημος
807 2999 891 3068 εἶναι
907 3003 963 3068 καί
977 3000 1103 3086 γιγνά-

74 3176 77 3181 ,
99 3110 240 3167 σκεσθαι
251 3095 334 3183 πρός
346 3106 413 3165 τῶν
424 3108 574 3185 πολλῶν,
599 3105 698 3166 τοῦτο
717 3100 754 3165 δὲ
771 3104 801 3166 εί
816 3101 879 3185 μὲν
894 3098 1020 3166 οὑτωσί
1032 3123 1102 3177 πως

99 3200 131 3275 ἐς
142 3194 183 3263 τά
198 3197 312 3281 πλήθη
326 3196 457 3280 παριοδν
473 3195 743 3282 ἐπιδεικνύμενος
755 3198 886 3274 ἐθέλοις
897 3202 1100 3282 πορίζεσθαι,

99 3294 230 3383 μακρὸν
241 3291 285 3363 άν
299 3297 446 3381 γένοιτο,
462 3298 516 3363 καὶ
530 3292 609 3362 οόδέ
620 3292 729 3373 οὕτως
737 3293 880 3373 ἅπαντες
897 3301 1043 3362 εἴσονταί
1051 3316 1097 3362 σε.

94 3401 166 3463 ποῦ
179 3391 243 3479 γάρ
255 3389 299 3460 άν
311 3391 465 3482 εὑρεθείη
475 3390 497 3480 ή
510 3390 688 3491 θέατρονή
700 3394 837 3462 στάδιον
848 3392 941 3545 ofin}
946 3397 1045 3480 μέγα,
1064 3396 1101 3461 έν

164 3504 264 3543 mcum.
288 3490 304 3541 ί.
942 3486 962 3546 6
