2550 3825
174 203 237 266 268
526 203 831 262 AOYKIANOY

177 356 275 443 οὗτός
286 391 324 451 γε
336 363 626 452 προσεπιλήψεται.
645 367 791 447 κομίζειν
801 358 834 428 δ’
847 362 988 429 ἕκαστον
1000 357 1185 444 σωφροσύ-

176 488 240 548 νην
249 462 310 548 μέν
320 455 601 549 ἢδικαιοσύνηνῆ
611 459 806 544 ἐγκράτειαν
817 463 991 546 μηδαμῶς·
1004 457 1066 525 οῦκ
1077 456 1185 542 ἀναγ-

177 576 253 629 καῖα
268 559 332 647 γάρ
345 558 449 627 ταῦτά
462 584 516 644 γε,
532 555 577 646 ἢν
590 558 634 644 μη
648 565 751 646 παρῇ·
772 563 871 627 πέντε
888 561 924 627 δὲ
938 555 1184 643 συλλογισμοὺς

177 663 210 740 ἐξ
225 660 386 739 ἅπαντος·
409 659 452 728 οῦ
467 659 532 747 γάρ
547 666 646 749 θέμις
660 660 744 729 άνεν
757 661 887 730 τούτων
902 662 988 730 εἶναι
1002 661 1123 748 σοφόν.

282 773 386 827 κεῖται
400 756 432 826 δ’
449 761 486 826 έν
500 762 650 846 μέσσοισι
665 760 727 827 δύο
742 775 878 845 χρυσοῖο
895 761 1056 845 τάλαντα,

282 864 328 946 τῷ
344 856 463 944 δόμεν,
481 854 517 935 ῦς
528 856 609 944 μετά
621 864 724 924 πᾶσιν
736 860 880 944 ἐριζέμεν
891 862 1001 943 ἔξοχος
1012 866 1072 942 είη.

178 956 229 1018 42.
253 960 375 1041 Βαβαῖ,
399 951 442 1032 ὡς
463 953 591 1040 πλήρης
604 955 667 1039 μὲν
685 951 706 1040 ἡ
721 951 843 1031 ἄνοδος
864 951 1092 1038 ὠθιζομένων,
1114 953 1184 1020 ἐπεὶ

179 1047 238 1127 τάς
255 1048 317 1116 δῦο
332 1057 417 1135 μνάς
436 1050 586 1137 ἥκουσαν
600 1051 716 1138 μόνον.
749 1048 839 1138 παρά
860 1052 896 1118 δέ
916 1049 953 1118 τὸ
969 1047 1185 1134 ’Πελασγικὸν

179 1145 275 1215 ἄλλοι
297 1148 352 1214 καὶ
378 1146 461 1215 κατὰ
488 1148 525 1217 τὸ
549 1148 777 1236 Ἀσκληπιεῖον
798 1151 903 1235 ἕτεροι
929 1153 983 1217 καὶ
1010 1145 1101 1233 παρά
1124 1145 1185 1214 τὸν

110 1259 163 1314 610
180 1241 314 1328 ’Ἀρειον
329 1244 439 1330 πάγον
460 1251 513 1313 ἔτι
529 1255 680 1332 πλείους,
706 1254 789 1315 ἔνιοι
810 1248 847 1315 δέ
868 1250 923 1315 καί
944 1244 1026 1314 κατά
1048 1245 1108 1312 τὸν
1124 1250 1184 1312 τοῦ

184 1339 281 1407 Τάλω
295 1341 420 1428 τάφον,
445 1349 480 1413 οί
491 1343 527 1414 δὲ
543 1348 598 1415 καὶ
618 1345 702 1431 πρὸς
720 1345 757 1413 τὸ
775 1345 945 1415 Ἀνακεῖον
960 1348 1186 1432 προσθέμενοι

181 1448 341 1527 κλίμακας
368 1441 550 1530 ἀνέρπουσι
579 1445 750 1535 βομβηδὸν
774 1445 816 1533 νὴ
844 1453 912 1516 Δία
939 1449 993 1514 καὶ
1018 1441 1186 1532 βοτρυδὸν

182 1543 285 1625 έσμοῦ
300 1545 414 1627 δίκην,
431 1545 488 1609 ἵνα
499 1547 552 1612 καί
565 1543 646 1612 καθ’
657 1544 805 1631 Ὅμηρον
817 1553 916 1625 εἴπω,
933 1542 1016 1612 ἀλλά
1027 1540 1186 1611 κάκεθθεν

183 1633 222 1707 εῦ
238 1639 325 1725 μάλα
339 1646 456 1710 πολλοὶ
471 1643 659 1714 κάντεῦθεν

267 1745 398 1824 μυρίοι,
413 1738 497 1808 ὅσσοι
510 1769 545 1809 τε
561 1744 673 1828 φύλλα
689 1747 743 1812 καὶ
758 1742 866 1811 άνθεα
879 1747 1004 1827 γίνεται
1022 1741 1101 1830 ὤρη.

184 1831 284 1919 μεστὴ
302 1835 338 1900 δὲ
351 1833 372 1921 ἡ
387 1832 567 1922 ἀκρόπολις
581 1842 617 1906 έν
631 1848 748 1927 βραχεῖ
759 1837 949 1927 κλαγγηδὸν
962 1836 1187 1924 προκαθιζόν-

183 1956 251 1998 των
272 1935 326 1999 καὶ
346 1943 515 2021 πανταχοῦ
537 1938 626 2023 πήρα
647 1940 770 2025 πώγων
793 1945 948 2007 κολακεία
972 1935 1187 2022 ἀναισχυντία

184 2035 346 2116 βακτηρία
359 2039 483 2117 λιχνεία
498 2034 719 2123 συλλογισμὸς
734 2043 952 2124 φιλαργυρία·
976 2040 1009 2102 οἱ
1023 2032 1128 2119 ὀλίγοι
1140 2034 1187 2118 δέ,

185 2125 304 2195 ὁπόσοι
318 2127 402 2216 πρὸς
416 2128 452 2199 τὸ
468 2140 601 2219 πρῶτον
619 2136 774 2221 κη’ρυγμα
790 2138 896 2204 έκεῖνο
912 2131 1074 2222 ἀνῄεσαν,
1099 2128 1189 2215 ἀφα-

184 2242 253 2306 νεῖς
270 2232 324 2298 καὶ
347 2229 485 2319 ἀσημοι,
508 2230 746 2321 ἀναμιχθέντες
767 2240 812 2323 τῷ
833 2233 956 2319 πλήθει
976 2238 1043 2298 τῶν
1065 2229 1189 2314 ἀλλων,

185 2330 239 2396 καί
263 2330 447 2416 λελήθασιν
472 2334 510 2400 έν
532 2340 572 2421 τῇ
592 2330 760 2418 ὁμοιότητι
781 2342 848 2400 τῶν
868 2331 979 2399 ἄλλων
1004 2328 1189 2415 σχημάτων.

185 2435 284 2495 τοῦτο
298 2436 383 2513 γοῦν
397 2428 433 2497 τὰ
451 2432 642 2498 δεινότατόν
656 2434 762 2516 ἐστιν,
778 2423 805 2498 ἀ
820 2435 1022 2514 Φιλοσοφία,
1037 2424 1129 2512 καὶὸ
1142 2451 1192 2504 τις

187 2522 230 2593 ἀν
244 2528 408 2613 μέμψαιτό
422 2549 486 2595 σου
500 2529 658 2615 μάλιστα,
681 2528 718 2598 τῦ
735 2532 817 2617 μηδὲ
835 2534 1003 2616 ἐπιβαλεῖν
1017 2528 1191 2615 γνώρισμα

186 2626 241 2691 καὶ
265 2639 402 2711 σημεῖον
425 2624 553 2705 αὐτοῖς·
586 2629 812 2714 πιθανώτεροι
827 2626 891 2714 γάρ
914 2633 948 2696 οί
964 2627 1081 2713 γόητες
1096 2619 1190 2693 οὗτοι

187 2724 345 2800 πολλάκις
361 2732 429 2789 των
446 2722 582 2809 άληθῶς
597 2720 888 2813 φιλοσοφούντων.

271 2828 360 2889 ΦΙΛ.
374 2820 488 2889 Ἔσται
503 2831 601 2891 τοῦτο
613 2825 686 2912 μετ’
699 2824 830 2913 ὀλίγον,
845 2824 928 2894 ἀλλά
941 2824 1115 2911 δεχώμεθα
1127 2822 1191 2909 ἤδη

187 2944 319 2997 αυτονς.

272 3023 321 3085 43.
344 3026 479 3087 ΠΛΑΤ.
495 3018 600 3108 Ἡμῦς
617 3024 769 3110 πρώτους
783 3019 844 3110 χρὴ
860 3021 939 3101 τοῦς
955 3019 1191 3099 Πλατωνικοὺς

187 3126 311 3207 λαβεῖν.

271 3227 371 3288 ΠΤΘ.
396 3216 484 3303 Οῦκ,
497 3218 581 3289 ἀλλά
591 3219 671 3299 τοῦς
679 3221 940 3309 Πυθαγορικοῦς
950 3223 1050 3309 ἡμᾶς·
1072 3220 1193 3306 πρότε-

188 3343 246 3402 ρος
261 3314 325 3404 γάρ
342 3315 359 3385 ὁ
373 3319 580 3405 Πυθαγόρας
595 3314 647 3407 ἦν.

118 3433 167 3487 611
273 3422 430 3485 ΣΤΩΙΚ.
452 3426 589 3504 Ληρεῖτε
624 3416 781 3505 ἀμείνους
790 3416 882 3505 ἡμεῖς
895 3422 929 3487 οί
938 3415 1003 3486 ἀπὸ
1016 3426 1072 3502 τῆς
1083 3424 1190 3494 στοᾶς.
