2550 3825
462 188 776 248 ΑΡΜΟΝΙΔΗΣ.
1055 181 1117 246 403

113 343 204 410 οὕτω
219 343 255 409 δὲ
270 339 335 425 άρα
349 341 392 408 σε)
404 347 535 428 ἔμελλες
544 340 625 428 ἡμῖν
640 349 821 427 φαίνεσθαι
830 352 876 435 τῷ
888 353 1004 437 δικαλφ
1015 345 1115 437 λόγῳ,
1132 363 1185 417 855

113 437 134 505 ὅ
151 465 180 506 τι
195 463 257 524 περ
272 436 308 507 τό
326 440 509 525 κεφάλαιον
524 439 641 528 ἀρετής
656 437 801 528 ἁπάσης,
816 439 834 509 ὁ
848 443 1007 528 γνώμων,
1023 451 1115 529 φασί,

113 539 168 604 καὶ
181 535 199 603 ὁ
215 534 319 623 ὀρθός
330 537 444 605 κανων
454 545 522 605 τῶν
535 539 706 605 τοιούτων.
730 544 760 607 εἰ
770 542 809 607 δέ
815 560 869 606 σοι
879 545 1019 627 δείξαιμι
1029 538 1115 627 τάμὰ

112 631 226 702 καὶσὺ
243 636 446 715 ἐπαινέσειας
460 633 544 703 αι’πά
554 677 595 686 -
607 646 656 721 ελη
669 633 734 722 γάρ
749 635 837 705 οὕτω
852 638 1063 725 φανήσεσθαι
1077 680 1112 696 -.

112 733 167 797 καὶ
183 727 223 817 δή
242 733 294 800 ἐπὶ
314 735 415 818 πέρας
429 731 524 818 ήκειν
537 759 577 819 με
591 741 649 819 τῆς
662 735 794 812 ἐλπίδος
812 737 850 801 έν
866 743 926 824 μιᾷ
939 735 1041 824 ψήφφ
1057 733 1116 814 τάς

112 827 243 907 ἁπάσας
257 830 410 915 λαβόντα.
437 827 546 917 ήτίνα
567 828 631 916 γὰρ
653 827 697 898 ἀν
715 829 779 916 πρό
794 839 857 899 σου
874 832 1029 918 ε’λόμενος
1042 831 1116 918 οόηλ

112 935 312 1011 παραπαίειν
329 924 372 996 ἀν
388 931 523 1006 εἰκότως
537 935 752 1015 νομισθείην;
775 927 858 997 ω’στε
879 931 967 1021 λόγῳ
981 931 1043 1018 μὲν
1058 934 1113 1017 ἐφ’

113 1023 188 1104 ἑνός
206 1024 329 1113 ἀνδρὸς
344 1027 570 1114 ἀναρρίψομεν
583 1024 644 1094 τόν
662 1025 785 1113 κύβον,
806 1024 842 1094 τό
858 1025 892 1093 δ’
910 1025 1033 1114 ἀληθές
1049 1027 1116 1095 ἀόσ-

111 1147 175 1209 περ
191 1122 234 1190 ἀν
250 1131 281 1192 εἰ
292 1123 370 1203 τούς
385 1122 618 1212 ἁπανταχόθεν
631 1121 834 1208 ἀνθρώπους
848 1127 1052 1211 συγκαλέσας
1069 1133 1115 1205 εἰς

111 1220 230 1290 κοινόν
243 1225 388 1308 θέατρον
402 1226 671 1309 ἐπιδεικνυοίμην
684 1219 763 1300 τούς
777 1223 913 1307 λόγους
937 1227 1039 1309 δῆλον
1048 1222 1113 1310 γὰρ

112 1317 158 1398 ως
168 1317 247 1388 καθ’
261 1323 320 1388 ἕνα
332 1323 432 1389 τεκαὶ
446 1321 579 1407 συνάμα
589 1321 725 1387 πάντων
736 1325 1000 1406 συνειλεγμένων
1010 1320 1114 1406 μόνος

112 1415 212 1495 αὐτὸς
227 1416 373 1503 ἀμείνων
388 1414 432 1485 ἀν
445 1411 545 1506 ἦσθα.
574 1423 608 1487 οί
619 1421 680 1504 μέν
701 1444 740 1503 γε
759 1424 827 1485 τῶν
838 1423 1114 1505 Λακεδαιμονίων

111 1524 266 1604 βασιλεῖς,
276 1522 343 1582 τάν
352 1514 463 1584 ἀλλων
474 1516 614 1584 ἑκάστου
623 1523 703 1602 μίαν
713 1522 828 1601 ψῆφον
837 1517 1022 1601 φερόντων,
1032 1519 1113 1584 ἐκεῖ·

111 1638 165 1680 νοι
178 1614 276 1698 μόνοι
291 1614 444 1699 ἑκάτερος
454 1611 566 1680 αὐτῶν
577 1612 640 1680 δόο
652 1619 792 1699 ἔφερον,
808 1610 851 1679 σύ
863 1611 899 1680 δέ
909 1614 965 1680 καὶ
977 1610 1036 1692 τὰς
1045 1621 1114 1680 τῶν

111 1711 244 1796 ἐφόρων
261 1709 386 1790 καὶτὰς
400 1719 467 1779 τῶν
481 1712 650 1798 γερόντων
663 1713 813 1800 προσέτι,
829 1714 884 1779 καὶ
900 1708 986 1790 όλως
1001 1709 1113 1778 ἀπάν-

111 1836 178 1877 των
188 1807 205 1877 ό
217 1812 494 1896 πολυψηφότατος
506 1813 543 1878 ἐν
553 1814 686 1899 παιδεία
697 1809 741 1877 σύ
750 1835 805 1895 γε,
819 1812 874 1877 καλ
890 1810 1031 1895 μάλιστα
1043 1807 1113 1898 ὅσφ
1129 1821 1181 1877 856

110 1905 172 1993 τήν
186 1905 309 1993 λευκήν
319 1905 369 1977 ἀεὶ
382 1914 437 1978 καὶ
447 1907 620 1991 σώζουσαν
629 1911 758 1995 φέρεις,
775 1905 860 1977 όκαὶ
871 1921 1013 1996 θαρρεῖν
1023 1935 1063 1996 με
1075 1911 1112 1975 έν

111 2013 158 2094 τῷ
171 2006 311 2089 παρόντι
326 2022 416 2075 ποιεῖ
430 2008 485 2074 διά
501 2033 539 2092 γε
555 2005 591 2074 τό
607 2010 750 2093 μέγεθος
762 2014 823 2075 τοῦ
836 2009 1043 2093 τολμήματος
1057 2007 1113 2075 καὶ

108 2102 202 2171 πάνυ
216 2106 349 2181 δικαίως
366 2100 410 2171 ἀν
424 2108 627 2192 φοβηθέντα.
651 2103 784 2172 κάκεῖνο
798 2106 834 2171 δὲ
848 2103 890 2191 νή
902 2113 968 2173 Δία
979 2107 1114 2190 προσέτι

108 2205 165 2271 καλ
174 2199 255 2270 αότδ
266 2213 408 2290 θαρρεῖν
420 2218 523 2290 ποιεῖ,
535 2201 571 2271 τό
582 2200 625 2290 μή
637 2203 848 2269 παντάπασιν
859 2200 1015 2285 ἀλλότρια
1026 2199 1112 2286 τάμά

110 2300 197 2369 εἶναι’
217 2322 287 2386 σοι,
314 2299 350 2381 ὃς
372 2302 500 2381 πόλεάς
514 2329 553 2388 γε
575 2305 701 2388 ἐκείνης
724 2307 804 2387 εἰμί,
829 2297 873 2386 ἢν
893 2300 1051 2377 πολλάκις
1073 2291 1113 2366 εὖ

11 2460 13 2465 .
109 2402 274 2485 ἐποίησας,
289 2397 326 2468 τό
339 2401 400 2487 μὲν
411 2408 543 2485 πρῶτον
557 2404 635 2490 ἰδία,
652 2397 689 2467 τό
702 2402 738 2468 δὲ
751 2399 909 2485 δεύτερον
922 2405 1020 2487 κοινή
1030 2389 1111 2483 μετά

108 2496 233 2576 παντὸς
247 2505 307 2565 τοῦ
321 2504 459 2578 ἐθνους·
482 2498 565 2567 ὥστε
579 2497 622 2585 ήν
635 2524 702 2566 που
713 2502 768 2566 καὶ
781 2506 848 2566 νῦν
864 2500 935 2584 ἐμοὶ
949 2501 982 2574 ἐς
996 2494 1032 2565 τό
1044 2511 1113 2583 χελ-

109 2622 171 2681 ρον
186 2600 331 2683 ῥέπωσιν
349 2604 386 2665 αλ
397 2604 503 2683 ψήφοι
520 2600 557 2665 ἐν
572 2605 619 2687 τῷ
636 2599 725 2688 λόγῳ
741 2599 795 2664 καὶ
810 2598 964 2677 ἐλάττους
978 2589 1061 2664 ὦσιν
1077 2600 1114 2664 αί

109 2692 283 2780 ἀμείνους,
300 2692 343 2763 σε)
357 2699 393 2764 δὲ
407 2694 469 2783 τήν
483 2704 541 2783 τῆς
553 2695 696 2781 Ἀθηνᾶς
711 2697 902 2778 προστιθεὶς
915 2693 1111 2783 ἀναπλήρου
1127 2711 1179 2767 857

107 2791 145 2862 τό
155 2797 277 2881 ἐνδέον
291 2792 380 2882 παρὰ
396 2803 537 2863 σεαυτοῦ
553 2797 609 2863 καὶ
627 2792 664 2862 τό
680 2792 904 2880 ἐπανόρθωμα
919 2793 1043 2863 οἰκεῖόν
1057 2815 1111 2862 σοι

109 2898 255 2961 δοκείτω.
288 2899 318 2961 4.
335 2892 469 2980 καὶγὰρ
485 2891 565 2962 οὐδὲ
583 2893 690 2961 ἐκεῖνό
710 2918 767 2978 μοι
788 2890 923 2978 ἱκανόν,
950 2899 980 2960 εἰ
994 2894 1111 2960 πολλοὶ

108 2992 306 3076 έθαόμασαν
323 2993 502 3078 πρότερον,
521 2998 551 3060 εἰ
565 2996 697 3072 ἐνδοξος
712 2989 776 3076 ήδη
791 2989 872 3076 ἐγώ,
888 2996 919 3057 εί
931 2992 1110 3057 ἐπαινοῦν-

108 3116 162 3157 ται
177 3087 341 3176 πρδςτων
359 3088 576 3158 ἀκουσάντων
598 3094 632 3158 οί
643 3088 746 3174 λόγοι.
774 3090 882 3155 πάντα
899 3090 1007 3156 ἐκεῖνα
1022 3086 1110 3172 ὑπη-

108 3191 206 3274 νέμια
220 3186 388 3276 ὀνείρατα,
405 3196 503 3275 φασί,
525 3192 579 3258 καὶ
594 3192 738 3257 ἐπαίνων
754 3194 859 3254 σκιαί·
885 3184 923 3254 τό
938 3184 970 3253 δ’
986 3184 1110 3271 ἀληθές

108 3290 145 3354 ἐν
153 3294 199 3377 τῷ
209 3288 350 3372 παρόντι
361 3288 577 3374 δειχθήσεται.
591 3281 689 3365 οὗτος
697 3283 836 3372 ἀκριβής
845 3283 923 3370 ὅρος
931 3293 999 3351 των
1009 3287 1108 3372 ἐμῶν,

109 3384 210 3454 οὐδέν
226 3384 411 3471 ἀμφίδοξον
425 3392 470 3454 ἔτι
486 3384 559 3454 οὐδ’
580 3383 623 3465 ὡς
637 3385 680 3453 ἀν
697 3412 744 3463 τις
759 3383 978 3535 ἐνδοιάσεὲἓν,
999 3381 1070 3454 ἀλλ’
1086 3379 1108 3470 ἢ
