2550 3825
356 171 602 228 ΝΕΚΡΙΚΟΙ
621 172 878 230 ΔΙΑΛΟΓΟΙ.
1061 169 1119 236 137

198 334 302 397 ΠΟΛ.
328 333 427 414 Λέγε·
450 326 491 396 οῦ
506 327 594 417 βαρῦ
611 327 676 414 γὰρ
692 327 772 399 οῦδὲ
785 339 893 400 τοῦτο.

198 433 318 495 ΔΙΟΓ.
355 425 399 494 Τδ
419 428 480 514 μὲν
501 425 581 495 ὅλον
598 428 794 497 παύσασθαι
815 427 926 509 αὐτοῖς
945 431 1120 517 παρεγγύα

6 611 8 618 Ι
65 591 69 598 ,
114 531 253 609 ληροῦσι
271 526 327 592 καὶ
340 528 416 607 περὶ
429 532 497 592 τών
511 523 601 592 ὅλων
615 527 757 609 ἐρίζουσι
771 529 826 592 καί
839 530 960 610 κέρατα
972 526 1119 614 φύουσιν

113 620 268 708 ἀλλήλοις
278 628 333 692 καὶ
344 628 578 708 κροκοδείλους
590 631 724 691 ποιοῦσι
740 627 795 692 καί
805 622 846 691 τά
860 634 996 694 τοιαῦτα
1008 624 1118 712 ἀπορα

113 724 241 806 ἐρωτᾶν
258 723 455 790 διδάσκουσι
469 719 530 790 τδν
545 729 640 789 νοῦν.

196 841 299 902 ΠΟΛ.
326 831 413 902 Ἀλλ’
437 834 492 925 ἐμὲ
510 832 626 920 ἀμαθῆ
647 838 702 902 καὶ
721 833 922 903 ἀπαίδευτον
944 834 1028 903 εἰναι
1050 836 1118 921 φά-

112 950 231 998 σκουσι
245 937 495 1018 κατηγοροῦντα
510 940 568 1017 τῆς
584 939 704 1018 σοφίας
717 930 839 1002 αὐτῶν.
1135 953 1187 1007 333

85 1083 87 1086 ·
196 1052 317 1113 ΔΙΟΓ.
340 1044 394 1112 Σῦ
409 1049 444 1113 δὲ
459 1046 610 1131 οἰμώζειν
624 1045 737 1126 αῦτοῑς
750 1044 830 1132 παρ’
848 1049 929 1133 ἐμοῦ
944 1052 1026 1135 λέγε.

196 1167 298 1226 ΠΟΛ.
322 1160 388 1225 Καὶ
402 1166 521 1244 ταῦτα,
539 1153 758 1247 ώΔιόγενες,
774 1157 958 1247 ἀπαγγελῶ.

196 1281 224 1342 3.
246 1281 366 1342 ΔΙΟΓ.
393 1281 469 1352 Τοῖς
480 1281 652 1355 πλουσίοις
663 1272 714 1361 δ’,
734 1267 932 1360 ώφίλτατον
941 1276 1118 1342 Πολυδεύ-

43 1425 46 1432 .
110 1398 203 1456 κτον,
221 1369 407 1460 ἀπάγγελλε
424 1380 529 1441 ταῦτα
544 1371 624 1458 παρ’
641 1371 753 1460 ἡμών·
780 1380 827 1458 τί,
845 1365 872 1439 ώ
886 1373 1036 1460 μάταιοι,
1057 1372 1117 1442 τδν

109 1467 239 1555 χρυσὸν
254 1471 452 1556 φνλάττετες
473 1479 508 1538 τί
520 1474 555 1539 δὲ
565 1481 773 1558 τιμωρεῖσθε
794 1468 933 1550 ἐαυτοῦς
947 1471 1117 1557 λογιζόμε-

110 1594 164 1636 νοι
179 1565 258 1646 τοῦς
274 1568 394 1647 τόκους
408 1571 463 1636 καί
476 1570 620 1638 τάλαντα
636 1571 688 1638 ἐπὶ
701 1569 876 1648 ταλάντοις
891 1572 1115 1652 συντιθέντες,

110 1663 170 1744 οῦς
182 1664 244 1752 χρὴ
261 1669 321 1733 ἕνα
338 1663 462 1753 ὀβολδν
476 1673 609 1753 ἔχοντας
622 1665 718 1753 ἥκειν
732 1664 803 1753 μετ’
822 1664 951 1751 ὀλίγον;

194 1784 296 1846 ΠΟΛ.
319 1777 496 1864 Εἰρήσεται
512 1782 567 1847 καὶ
582 1787 685 1846 ταῦτα
700 1777 784 1865 πρὸς
798 1782 953 1858 ἐκείνους.

194 1898 313 1961 ΔΙΟΓ.
331 1889 428 1960 ’Λλλά
443 1894 498 1961 καί
517 1906 585 1971 τοῖς
601 1900 715 1971 καλοῖς
735 1920 770 1959 τε
791 1893 846 1960 καί
867 1897 1014 1978 ἰσχυροίς
1029 1892 1115 1978 λε’γε,

110 1996 269 2080 Μεγίλλῳ
285 2016 320 2057 τε
338 1998 385 2079 τῳ
401 1998 575 2082 Κορινθίῳ
596 1993 651 2059 καὶ
672 1994 854 2079 Δαμοξένῳ
872 1999 918 2078 τῷ
940 1996 1114 2076 παλαιστῇ,

94 2084 162 2177 ῦτι
176 2085 255 2171 παρ’
275 2086 355 2174 ἡμῖν
370 2088 481 2175 οῦτεὴ
498 2088 605 2175 ξανθὴ
624 2090 710 2175 κόμη
726 2087 803 2156 οῦτε
818 2087 856 2155 τά
871 2086 1001 2174 χαροπά
1016 2085 1038 2174 ἦ
1056 2088 1115 2173 μέ-

109 2194 194 2253 λανα
211 2186 341 2273 ὄμματα
355 2182 378 2273 ἢ
394 2186 547 2272 ἐρύθημα
568 2190 620 2255 ἐκί
635 2196 697 2255 τοῦ
713 2188 896 2271 προσώπου
919 2192 966 2253 ἐτι
986 2181 1113 2270 ἔστινῆ
1132 2207 1183 2260 334

109 2293 214 2371 νεῦρα
227 2285 348 2353 εῦτουα
362 2282 383 2373 ἢ
398 2278 482 2371 ώμοι
497 2295 667 2371 καρτεροί,
682 2286 765 2354 ἀλλὰ
776 2286 885 2353 πάντα
896 2291 955 2369 μία
964 2280 1045 2369 ἡμῖν
1055 2283 1115 2350 κό-

107 2411 178 2469 νις,
194 2391 291 2470 φασί,
308 2390 429 2470 κρανία
442 2381 554 2469 γυμνά
569 2393 631 2451 τοῦ
644 2385 796 2463 κάλλους.

192 2504 296 2564 ΠΟΛ.
322 2493 374 2564 οῦ
383 2492 529 2581 χαλεπὸν
539 2493 617 2565 οῦδὲ
630 2505 734 2564 ταῦτα
747 2503 851 2565 εἰπεῖν
862 2492 945 2579 πρὸς
961 2491 1039 2571 τοῦς
1052 2519 1114 2560 κα·

108 2592 189 2673 λοῦς
204 2598 259 2663 καὶ
273 2596 439 2680 ἰσχυρούς.

191 2713 222 2775 4.
244 2713 365 2775 ΔΙΟΓ.
387 2710 453 2775 Καὶ
469 2722 536 2786 τοῖς
556 2710 713 2795 πένησιν,
737 2701 919 2793 ώΛάκων,
938 2747 981 2758 -
997 2707 1114 2773 πολλοὶ

108 2803 140 2873 δ’
161 2807 224 2873 εἰσὶ
239 2808 294 2873 καὶ
309 2802 491 2890 ἀχθόμενοι
504 2813 552 2895 τῷ
568 2808 736 2894 πράγματι
750 2809 805 2874 καὶ
822 2812 1037 2891 οἰκτείροντες
1052 2800 1115 2890 τὴν

107 2901 253 2987 ἀπορίαν
268 2944 310 2956 ——
324 2905 399 2990 λέγε
412 2904 494 2990 μήτε
513 2905 673 2989 δακρῦειν
690 2904 770 2992 μήτε
786 2905 938 2991 οἰμώζειν
955 2901 1115 2988 διηγησά-

107 3025 209 3087 μενος
221 2998 284 3086 την
299 3003 448 3069 ἐνταῦθα
466 3008 646 3089 ἰσοτιμίαν,
664 3008 719 3072 καί
733 3002 784 3071 ὅτι
800 3001 939 3085 ὄψονται
956 2998 1035 3078 νοῦς
1049 3001 1118 3067 ἐκεῖ

108 3104 290 3175 πλουσίους
310 3096 411 3166 οῦδὲν
432 3096 588 3184 ἀμείνους
614 3100 740 3168 αῦτών·
768 3104 822 3169 καὶ
841 3103 1115 3184 Λακεδαιμονίοις
1133 3110 1183 3163 335

109 3196 146 3261 δέ
166 3210 234 3273 τοῖς
256 3209 326 3273 σολς
340 3203 461 3280 ταῦτα,
484 3202 513 3263 εἰ
527 3200 632 3285 δοκεῖ,
655 3197 736 3283 παρ’
751 3202 833 3284 ἐμοῦ
854 3201 1048 3285 ἐπιτίμησον
1062 3197 1117 3262 λέ-

110 3318 181 3377 γαν
197 3293 398 3361 ἐκλελύσθαι
414 3291 544 3372 αὐτοῦς.

193 3396 296 3457 ΠΟΛ.
323 3392 461 3477 Μηδέν,
493 3384 519 3457 ώ
540 3392 720 3478 Διόγενες,
746 3395 820 3478 περὶ
843 3394 1116 3475 Λακεδαιμονίων
