2550 3825
163 151 227 214 ³50
518 156 807 215 AOYKIANOY

162 309 309 400 τρίδηςῆ
326 312 467 401 ἀγεννὴς
480 311 502 401 ἢ
520 319 639 391 δοῦλος
656 307 680 399 ἢ
695 315 873 392 ἐλεύθερος
887 313 965 384 οὐδὲ
980 315 1065 396 ὅλως
1081 315 1167 386 εἶναι

162 408 184 498 ἢ
200 417 357 499 λέγεσθαι
375 417 412 481 ἐν
425 421 465 502 τῇ
479 413 580 480 πόλει.

247 517 297 579 25.
319 519 422 582 EPM.
440 510 554 601 Ὁρᾷς,
573 502 600 577 ἀ
609 517 751 594 Λυκῖνε,
768 508 811 588 ὡς
826 508 867 578 οά
881 511 990 597 μάτην
1001 511 1080 581 οὐδὲ
1091 517 1170 593 περὶ

93 629 145 686 764
163 615 292 693 μικρῶν
304 610 421 696 κάμνω
429 615 563 694 πολίτης
574 609 750 692 ἐπιθυμῶν
761 609 918 692 γενέσθαι
928 611 984 677 καὶ
995 606 1094 687 αάιδς
1104 607 1170 676 οὕ·

161 731 207 772 τω
222 712 324 793 καλῆς
339 708 394 774 καὶ
409 704 604 790 εὐδαίμονος
619 706 764 785 πόλεωςς

245 811 344 872 ΛΥΚ.
369 805 434 870 Καὶ
451 799 515 888 γάρ
531 799 646 886 αὐτός,
664 793 691 866 ὦ
700 797 889 886 Ἑρμότιμε,
904 810 971 869 τῶν
984 800 1096 870 αὐτῶν
1112 822 1168 870 σοι

162 905 227 986 ἐρῶ
244 903 299 969 καλ
317 898 379 968 οὐκ
395 905 486 968 ἔστιν
499 897 519 967 ό
532 926 563 966 τι
577 898 621 966 ἀν
634 923 691 985 μοι
712 896 776 984 πρό
793 899 921 966 τούτων
936 898 1094 986 εὐξαίμην
1109 927 1163 986 γε-

162 1002 291 1066 νέσθαι.
315 1004 345 1064 εί
356 999 419 1083 μέν
433 989 497 1064 οὖν
511 1004 652 1083 πλησίον
667 989 711 1082 ἦν
725 993 746 1081 ἡ
758 997 852 1074 πόλις
865 1001 919 1065 καί
936 996 1066 1083 φανερά
1082 1003 1169 1066 ἰδεῖν

163 1095 282 1182 ἀπασι,
300 1096 402 1164 πάλαι
419 1093 479 1177 ἀν,
503 1088 543 1162 εὖ
560 1104 648 1178 ίσθι,
670 1097 775 1179 μηδὲν
789 1096 963 1174 ἐνδοιάσας
978 1093 1079 1173 αὐτὸς
1092 1094 1168 1184 ᾔειν

163 1197 195 1272 ές
211 1190 316 1278 αὐτὴν
337 1195 392 1260 καὶ
412 1192 651 1278 ἐπολιτευόμην
668 1188 712 1258 ἀν
731 1194 768 1258 ἐκ
787 1200 930 1278 πολλοῦ,
958 1196 1027 1262 ἐπεὶ
1043 1197 1096 1278 δέ,
1122 1190 1168 1271 ὡς

162 1290 256 1378 ὑμεῖς
270 1316 371 1376 φατε,
387 1291 429 1358 σά
444 1315 479 1357 τε
493 1293 547 1358 καὶ
558 1288 711 1367 Ἡσίοδος
727 1287 744 1356 ὁ
758 1291 929 1380 ῥαψῳδός,
945 1291 1036 1358 πάνυ
1049 1290 1168 1374 πόρρω

163 1388 361 1478 ἀπῴκισται,
378 1385 507 1474 ἀνάγκη
523 1394 628 1474 ζητεῖν
643 1385 726 1456 ὁδόν
739 1414 775 1456 τε
788 1386 851 1474 την
867 1387 1017 1475 ἄγουσαν
1033 1385 1085 1458 ἐπ’
1102 1385 1168 1454 αὐ-

161 1487 223 1574 τὴν
236 1489 291 1556 καὶ
304 1482 450 1573 ἡγεμόνα
461 1483 521 1553 τόν
532 1485 678 1573 ἀριστον.
701 1481 723 1572 ἦ
735 1483 797 1553 οὐκ
812 1495 874 1554 οίει
888 1485 932 1553 σύ
945 1494 1065 1573 χρῆναι
1076 1484 1167 1554 οὕτω

161 1599 287 1664 ποιεῖν,

244 1687 347 1749 ΕΡΜ.
371 1684 436 1748 Καὶ
449 1687 519 1758 πῶς
534 1677 578 1746 ἀν
592 1680 701 1758 άλλως
716 1686 811 1748 ἔλθοι
826 1707 893 1762 τις,

244 1785 345 1846 ΛΤΚ.
376 1775 514 1846 Οὐκοῦν
537 1775 618 1844 ὅσον
639 1779 701 1862 μὲν
718 1779 771 1845 ἐπὶ
793 1784 839 1868 τῷ
856 1775 1089 1864 ὑπισχνεῖσθαι
1110 1783 1168 1848 καὶ

162 1875 306 1963 φάσκειν
321 1877 443 1943 εἰδέναι
460 1873 564 1961 πολλὴ
581 1873 732 1962 ἀφθονία
746 1884 813 1944 τῶν
822 1874 1059 1964 ἡγησομένων·
1080 1886 1165 1946 πολ-

160 1976 212 2042 λοὶ
223 1971 288 2059 γάρ
299 1975 424 2059 ἕτοιμοι
435 1980 653 2059 παρεστᾶσιν,
669 1970 873 2059 αὐτόχθονες
887 1978 1016 2042 ε’κεῦθεν
1030 1977 1167 2054 ἕκαστος

162 2070 246 2142 εἶναι
260 2074 420 2157 λέγοντες.
443 2069 521 2149 ὁδός
533 2097 572 2156 γε
585 2069 653 2157 μὴν
667 2068 709 2138 οά
722 2079 781 2157 μία
795 2069 884 2159 καὶὴ
900 2069 984 2159 αὕτη
1000 2079 1167 2158 φαίνεται,
1261 2059 1262 2078 ¹

161 2166 245 2239 ἀλλά
260 2172 377 2237 πολλαὶ
393 2172 448 2238 καὶ
465 2170 622 2255 διάφοροι
638 2171 693 2237 καὶ
710 2168 811 2237 οὐδὲν
825 2168 980 2257 ἀλλήλαις
994 2169 1121 2257 ὅμοιαι·
1143 2168 1166 2256 ἡ
1260 2217 1261 2260 1

161 2264 300 2355 μὲνγὰρ
315 2270 367 2336 ἐπὶ
382 2266 421 2335 τὰ
437 2270 587 2354 ἑσπέρια,
610 2266 630 2353 ἡ
653 2268 689 2335 δὲ
710 2270 762 2335 ἐπὶ
778 2266 840 2354 τὴν
853 2271 898 2335 ἕω
915 2272 1030 2354 φέρειν
1045 2274 1166 2355 ἔοικεν,

159 2364 179 2453 ἡ
196 2367 235 2433 δέ
245 2391 294 2443 τις
309 2365 360 2432 ἐπὶ
374 2362 432 2443 τὰς
444 2362 602 2449 ἀρκτονς,
619 2366 674 2431 καί
688 2361 771 2449 άλλη
784 2362 871 2432 εάθύ
882 2373 939 2450 τη”ς
950 2372 1165 2453 μεσημβρίας,
1259 2401 1261 2444 ι

92 2486 143 2540 755
162 2465 216 2531 καὶ
229 2460 251 2548 ἡ
263 2465 325 2548 μέν
336 2460 389 2528 διὰ
402 2462 574 2546 λειμώνων
585 2464 640 2529 καὶ
654 2469 771 2547 φυτῶν
782 2464 837 2529 καὶ
847 2470 942 2540 σκιᾶς
957 2462 1099 2550 εὔυδρος
1108 2466 1166 2531 καί

159 2559 253 2645 ἡδεῖα
270 2558 370 2626 οὐδὲν
383 2555 564 2626 ἀντίτυπον
579 2553 601 2644 ἢ
616 2559 784 2645 δύσβατον
796 2565 932 2647 ἔχουσα,
947 2558 968 2647 η
986 2563 1022 2628 δὲ
1035 2561 1165 2647 πετραί-
1258 2485 1260 2628 δ

161 2663 220 2742 δης
236 2658 291 2723 καὶ
304 2669 435 2741 τραχεῖα
451 2654 560 2723 πολύν
572 2654 669 2740 ἥλιον
680 2659 734 2724 καί
746 2661 841 2739 δίψος
854 2660 910 2725 καλ
920 2657 1068 2744 κάματον
1078 2683 1155 2742 προ-

161 2760 344 2839 φαίνουσα·
375 2753 429 2827 καὶ
443 2751 532 2837 ὅμως
547 2747 645 2821 αὗται
659 2754 863 2840 πᾶσαιπρός
878 2755 940 2841 τήν
956 2759 1055 2826 πόλιν
1070 2756 1164 2843 ἀγειν
1257 2783 1258 2810 ι

160 2857 312 2937 λέγονται
339 2858 418 2935 μίαν
447 2845 554 2919 οὖσαν
582 2855 615 2930 ἐς
641 2851 681 2920 τά
708 2854 928 2922 ἐναντιώτατα
954 2865 1164 2925 τελευτῶσαι.

161 2957 210 3018 26.
232 2954 318 3017 ἔνθα
332 2948 374 3033 δη’
386 2974 442 3033 μοι
455 2951 509 3016 καὶ
525 2946 647 3034 ἡπᾶσα
658 2948 779 3036 ἀπορία
791 2954 895 3020 ἐστίν·
919 2951 973 3038 ἐφ’
985 2951 1030 3039 ἣν
1042 2951 1107 3040 γὰρ
1118 2948 1165 3018 ἀν
1256 2903 1257 2992 δ

159 3057 249 3118 ἔλθω
264 3042 392 3131 αὐτῶν,
408 3044 493 3133 ἀνὴρ
505 3046 587 3115 κατά
600 3046 663 3134 την
677 3047 782 3135 ἀρχὴν
793 3056 850 3136 τῆς
864 3048 1015 3133 ἀτραποῦ
1026 3051 1164 3137 ἑκάστης
1255 3087 1256 3176 η

159 3145 304 3233 ἐφεστώς
320 3150 357 3214 ἐν
371 3152 410 3235 τῇ
429 3145 546 3235 είσόδςο
560 3148 648 3232 μάλα
664 3174 712 3225 τις
727 3145 913 3227 ἀξιόπιστος
927 3145 1035 3233 ὀρέγει
1049 3173 1083 3214 τε
1099 3144 1164 3232 την
1254 3207 1255 3210 ,

158 3259 249 3330 χεῖρα
260 3246 315 3313 καὶ
326 3247 502 3328 προτρέπει
516 3241 599 3312 κατὰ
610 3242 671 3330 την
681 3241 788 3312 αὐτοῦ
798 3242 947 3327 ἀπιέναι,
963 3247 1070 3329 λέγων
1083 3244 1164 3310 ἕκα-

159 3362 234 3419 στος
248 3338 359 3408 αὐτῶν
374 3342 476 3428 μόνος
492 3341 554 3427 τὴν
576 3340 715 3410 εὐθεῖαν
729 3347 866 3428 εἰδέναι,
886 3340 965 3421 τούς
986 3341 1019 3409 δ’
1038 3340 1162 3419 ἀλλους
