2550 3825
157 166 218 229 152
503 170 812 228 AOTKIANOY'

155 330 192 397 δὲ
209 326 358 415 ἀμαθίαν
372 331 427 395 καὶ
442 333 514 408 ἔριν
530 329 583 394 καὶ
605 330 799 406 κενοδοξίαν
815 331 869 395 καὶ
886 329 1059 415 ἐρωτήσεις
1071 325 1154 396 ἀπό-
1265 346 1270 375 ¹

155 453 236 513 ρους
249 431 304 494 καί
324 425 445 511 λόγους
465 423 674 504 ἀκανθώδεις
688 427 744 493 καί
763 429 892 506 ἐννοίας
912 429 1155 513 πολυπλόκους,

155 521 238 593 ἀλλά
253 527 308 592 καὶ
321 531 562 610 ματαιοπονίαν
575 525 664 610 μάλα
681 523 809 610 πολλὴν
822 527 877 593 καί
890 533 994 613 λῆρον
1008 524 1070 595 οὐκ
1085 524 1153 595 όλί-

119 652 121 656 ·
155 649 217 709 γον
232 625 287 689 καὶ
300 621 429 702 ὕθλους
444 625 498 691 καί
513 629 746 709 μικρολογίαν,
761 622 803 710 νὴ
817 630 885 692 Δία
897 627 952 693 καί
965 634 1104 711 χρυσιόν
1117 653 1154 712 χε

83 732 137 788 ³70
155 722 246 788 τουτί
261 721 316 788 καλ
328 719 540 806 ἡδυπάθειαν
555 722 657 788 δὲκαὶ
671 717 908 806 ἀναισχυντίαν
919 727 973 792 καί
985 721 1090 809 ἀρχὴν
1101 725 1154 791 καί

155 815 288 905 τρυφὴν
299 821 353 886 καί
364 826 543 904 μαλακίαν·
562 816 603 887 οὐ
613 819 734 904 λέληθε
746 820 810 905 γάρ
821 846 878 906 με,
894 826 924 888 εί
933 823 987 888 καί
997 823 1084 906 μάλα
1096 846 1155 888 πε-

155 915 346 998 ρικρύπτεις
355 914 448 985 αὐτά.
470 919 526 986 καὶ
538 916 575 985 τό
587 921 711 997 ψεῦδος
721 917 758 984 δὲ
767 914 902 985 ἀπόθου
912 920 966 986 καὶ
977 916 1037 986 τόν
1047 925 1151 1004 τῦφον

154 1016 209 1082 καί
222 1011 259 1080 τδ
275 1023 406 1082 οίεσθαι
417 1013 563 1101 ἀμείνων
575 1013 738 1083 εἶναιτῶν
749 1013 876 1083 ἀλλων·
901 1014 945 1095 ὡς
960 1026 994 1085 εί
1004 1044 1042 1104 γε
1051 1025 1153 1084 ταῦτα

154 1111 262 1179 πάντα
273 1118 357 1198 ἔχων
368 1115 519 1200 ἐμβαίης,
531 1121 609 1182 ποία
625 1115 887 1199 πεντηκόντορος
903 1118 1030 1194 δέξαιτο
1042 1112 1086 1181 ἀν
1098 1135 1154 1191 σει

239 1218 327 1280 ΦΙΛ.
353 1209 564 1300 Ἀποτίθεμαι
584 1220 701 1280 τοίνυν
721 1209 823 1293 αύτά,
847 1214 978 1297 ἐπείπερ
995 1209 1083 1279 οὕτω
1098 1237 1156 1278 κε-

155 1311 271 1390 λεύεις.

84 1421 137 1475 ³71
239 1416 268 1477 9.
291 1417 403 1478 ΜΕΝ.
423 1409 518 1479 Ἀλλά
533 1409 662 1479 καὶτὸν
673 1411 818 1496 πάγωνα
833 1416 952 1477 τοῦτον
963 1409 1156 1493 ἀποθέσθω,

158 1502 311 1595 οἷἘρμῆ,
327 1508 438 1596 βαρύν
447 1536 482 1576 τε
494 1508 574 1578 ὄντα
587 1512 641 1578 καλ
651 1510 784 1593 λάσιον,
796 1506 840 1587 ὡς
851 1507 947 1593 ὁρᾶς·
969 1511 1066 1575 πέντε
1077 1520 1160 1593 μναῖ

155 1613 279 1692 τριχῶν
296 1613 358 1674 είσι
374 1605 599 1694 τούλάχιστον.

242 1712 351 1772 ΕΡΜ.·
367 1699 420 1774 Εά
434 1711 554 1793 λέγεις·
576 1706 711 1776 ἀπόθου
725 1708 780 1774 καί
794 1712 922 1773 τοῦτον.

242 1809 331 1870 ΦΙΛ.
355 1805 420 1871 Καὶ
434 1811 482 1884 τίς
498 1802 516 1872 ὁ
534 1803 722 1890 ἀποκείρων
736 1810 844 1884 ἔσται;

240 1908 343 1970 ΕΡΜ.
366 1906 541 1983 Μένιππος
561 1901 673 1973 οὑτοσί
694 1901 809 1990 λαβάν
827 1904 970 1971 πέλεκυν
985 1907 1053 1967 τῶν
1073 1924 1158 1965 ναν-

157 2006 309 2084 πηχικῶν
329 1996 491 2080 ἀποκόψει
517 1998 621 2068 αύτδν
642 2001 788 2090 ἐπικόπῳ
808 2006 848 2088 τῇ
871 1996 1051 2086 ἀποβάθρᾳ
1076 2022 1157 2081 χρη-

157 2115 308 2182 σαμενος.

87 2204 140 2261 372
246 2200 353 2261 ΜΕΝ.
380 2194 468 2280 Ούκ,
482 2188 634 2282 άἘρμῆ,
647 2192 730 2263 ἀλλὰ
743 2192 865 2279 πρίονά
876 2218 932 2279 μοι
941 2190 1078 2270 ἀνάδος·
1100 2217 1158 2277 γε·

158 2292 329 2383 λοιότερον
343 2291 407 2378 γάρ
422 2301 529 2361 τοῦτο.

242 2400 346 2462 ΕΡΜ.
362 2392 398 2462 Ὁ
413 2398 552 2474 πέλεκυς
572 2395 696 2473 ίκανός.
726 2387 766 2462 εύ
782 2419 830 2478 γε.
858 2387 1159 2474 ἀνθρωπινώτερος

159 2498 223 2559 νῦν
238 2491 454 2578 ἀναπέφηνας
468 2492 677 2581 ἀποθέμενος
693 2500 819 2561 σαυτοῦ
834 2489 896 2579 τὴν
911 2488 1084 2577 κινάβραν.

242 2597 353 2656 ΜΕΝ.
374 2592 495 2659 Βούλει
509 2590 631 2677 μικρὸν
645 2591 816 2679 ἀφέλωμαι
831 2593 886 2658 καί
898 2598 965 2657 τῶν
983 2586 1137 2675 όφρύων;

241 2695 347 2756 ΕΡΜ.
370 2689 542 2756 Μάλιστα·
564 2687 649 2776 ὑπὲρ
666 2688 703 2758 τὸ
720 2696 872 2777 μέτωπον
887 2690 951 2776 γάρ
967 2691 1022 2757 καὶ
1037 2684 1158 2762 ταύτας

160 2789 319 2873 ἐπῆρκεν,
336 2782 398 2852 ούκ
414 2784 487 2879 οἶδα
502 2785 555 2872 ἐφ’
572 2786 637 2880 ὅτῳ
652 2787 836 2857 ἀνατείνων
851 2789 980 2857 ἑαυτόν.
1002 2792 1037 2853 τί
1042 2789 1158 2862 τοῦτος

159 2887 213 2953 καί
225 2884 394 2968 δακρύεις,
408 2877 435 2953 ά
446 2885 620 2974 κάθαρμα,
631 2891 685 2955 καί
697 2886 780 2972 πρὸς
790 2887 941 2957 θάνατον
953 2884 1159 2969 ἀποδειλιᾷς;

160 2989 283 3070 ἔμβηθι
298 2980 327 3048 δ’
348 2976 419 3050 οὖν.

244 3088 355 3148 ΜΕΝ.
370 3080 429 3149 Ἓν
444 3088 491 3149 ἔτι
507 3080 542 3149 τδ
560 3084 749 3171 βαρύτατον
764 3083 830 3153 ὑπό
847 3085 951 3171 μάλης
965 3090 1040 3169 ἔχει.

88 3190 141 3245 ειο
243 3187 349 3248 ΕΡΜ.
375 3186 430 3263 Τι’,
448 3171 662 3253 ὀΜένιπιιει

242 3286 355 3346 ΜΕΝ.
376 3286 581 3367 Κολακείαν,
599 3273 754 3368 άἘρμῆ,
773 3280 876 3350 πολλά
892 3278 1161 3367 χρησιμεύσασαν
1228 3333 1234 3345 .

159 3377 249 3465 αύτῷ
265 3380 302 3445 ἐν
316 3384 361 3469 τῷ
376 3386 447 3467 βίω.
