2550 3825
441 160 561 216 nm
582 137 783 217 ονεταα.
1050 152 1111 215 223

114 318 220 405 οἶμαι,
239 316 403 404 πρότερον
416 326 477 385 τοῦ
489 323 592 403 γελᾶν
607 314 690 399 πρὸς
706 314 825 384 ἑαυτόν
839 318 981 396 ἐξετάσει
997 315 1110 399 πότερ’

114 414 260 504 εὐσεβεῖς
274 414 396 494 αύτούς
409 414 471 502 χρὴ
487 424 599 483 καλεῖν
612 410 634 500 ἢ
649 410 844 481 τούναντίον
861 425 953 491 θεοῖς
971 409 1113 498 ἐχθρούς

114 516 168 582 καὶ
186 518 444 599 κακοδαίμονας,
465 515 501 579 οί
515 538 554 597 γε
574 510 662 579 ούτω
682 508 839 578 ταπεινόν
854 512 909 577 καὶ
925 506 1061 594 ἀγεννὲς
1074 504 1111 575 τό

114 624 210 686 θεῖον
235 609 478 699 ὑπειλήφασιν,
504 608 588 677 ὥστε
609 607 693 676 εἰναι
718 606 910 695 ἀνθρώπων
927 608 1035 684 ἐνδεὲς
1059 607 1115 673 καὶ

115 709 383 795 κολακευόμενον
402 708 545 795 ἥδεσθαι
569 710 624 775 καὶ
650 704 848 793 ἀγανακτεῖν
869 705 1113 793 ἀμελούμενον·

116 806 154 875 τά
168 816 254 894 γοῦν
265 804 431 875 Αἰτωλικὰ
452 807 546 892 πάθη
563 810 617 873 καὶ
630 803 689 883 τάς
703 812 771 872 τῶν
785 808 1013 872 Καλυδωνίων
1029 820 1115 886 συμ-

117 904 224 993 φοράς
244 908 297 975 καὶ
317 905 396 985 τούς
414 906 594 983 τοσούτους
611 904 738 990 φόνους
757 906 812 970 καὶ
834 900 896 989 τὴν
913 900 1113 983 Μελεάγρου
1132 914 1183 967 526

117 1006 288 1089 διάλυσιν,
310 1006 417 1072 πάντα
433 1010 536 1070 ταῦτα
550 1008 631 1088 ἔργα
648 1003 750 1087 φασίν
765 998 849 1067 εἰναι
863 1005 920 1084 τῆς
931 994 1115 1081 Ἀρτέμιδος

116 1102 418 1191 μεμψιμοιρούσης,
439 1099 490 1167 ότι
512 1096 556 1185 μὴ
577 1098 777 1183 παρελήφθη
804 1094 888 1182 πρὸς
909 1092 971 1181 τὴν
989 1098 1115 1160 θυσίαν

116 1199 181 1268 ύπὸ
200 1208 261 1268 τού
276 1205 416 1276 Οἰνέως·
444 1196 550 1275 οὕτως
571 1194 635 1281 ἄρα
652 1199 784 1282 βαθέως
805 1201 961 1263 καθίκετο
978 1188 1115 1276 αύτηςὴ

116 1306 184 1365 τῶν
199 1302 327 1381 ἰερείων
349 1302 533 1382 διαμαρτία.
557 1300 615 1361 καί
625 1319 682 1379 μοι
697 1297 785 1360 δοκῶ
799 1290 883 1379 ὁρᾶν
898 1287 1004 1375 αύτὴν
1019 1292 1116 1376 ἐντῷ

118 1393 251 1485 οὐρανῷ
269 1395 342 1462 τότε
363 1394 472 1479 μόνην
488 1399 555 1459 τῶν
577 1390 688 1459 ἀλλων
707 1399 799 1459 θεοῖν
818 1394 851 1469 ές
867 1392 991 1466 Οἰνέως
1012 1409 1117 1455 πεπο-

118 1497 299 1579 ρευμένων,
313 1489 405 1560 δεινά
417 1497 582 1558 ποιοῦσαν
592 1494 646 1557 καὶ
657 1490 910 1575 σχετλιάζουσαν
922 1490 993 1565 οἵας
1004 1486 1116 1568 ἑορτῆς

118 1590 410 1678 ἀπολειφθήσεται.
432 1596 461 1657 2.
479 1587 559 1666 τούς
573 1586 605 1655 δ’
622 1581 667 1655 αὖ
684 1595 850 1667 Αἰθίοπας
866 1588 920 1655 καὶ
935 1588 1117 1672 μακαρίους

117 1692 172 1757 καί
191 1693 464 1774 τρισευδαίμονας
486 1697 572 1755 εἰποι
591 1713 641 1764 τις
657 1684 716 1773 ἀν,
742 1697 776 1755 εί
788 1714 825 1773 γε
848 1680 1115 1770 ἀπομνημονεύει
1132 1696 1182 1750 527

118 1784 178 1871 τὴν
191 1786 289 1871 χάριν
303 1785 414 1863 αύτοῖς
428 1786 445 1852 ό
460 1784 560 1865 Ζεύς,
572 1781 618 1869 ἣν
633 1786 682 1867 [έν
697 1781 780 1870 ἀρχῇ
793 1791 850 1869 τῆς
861 1782 1008 1868 Ὁμήρου
1018 1778 1115 1863 ποιή-

117 1891 210 1969 σεως]
224 1879 306 1970 πρὸς
321 1880 424 1951 αύτόν
436 1885 641 1961 ἐπεδείξαντο
654 1882 780 1950 δυόδεκα
792 1884 864 1968 ἑξῆς
874 1878 995 1967 ἡμέρας
1006 1874 1115 1945 ἑστιά-

118 2001 252 2065 σαντες,
276 1984 330 2049 καὶ
346 1990 449 2050 ταῦτα
472 1981 680 2067 ἐπαγόμενον
703 1983 757 2048 καὶ
771 1979 849 2058 τούς
865 1979 986 2056 ἄλλους
1001 1975 1113 2052 θεούς.

80 2109 92 2130 0
117 2077 223 2155 ούτως
239 2077 355 2165 ούδέν,
378 2078 421 2157 ὡς
435 2085 560 2162 ἔοικεν,
582 2077 700 2164 ἀμισθὶ
714 2087 869 2147 ποιοῦσιν
886 2071 934 2146 τόν
949 2083 1114 2158 ποιοῦσιν,

117 2174 201 2244 ἀλλά
218 2184 366 2244 πωλοῦσι
379 2192 447 2257 τοῖς
461 2175 654 2262 ἀνθρώποις
666 2175 813 2263 τάγαθά,
828 2178 883 2244 καὶ
897 2181 1002 2243 ἔνεστι
1017 2180 1117 2259 πρία-

117 2285 198 2342 σθαι
212 2271 291 2360 παρ’
305 2273 417 2343 αύτων
427 2273 464 2342 τὸ
475 2278 537 2360 μὲν
552 2271 732 2362 ὑγιαίνειν,
749 2282 779 2344 εἰ
788 2275 896 2359 τύχοι,
914 2277 1061 2360 βοιδίου,
1079 2266 1115 2336 τό

117 2375 154 2440 δὲ
162 2381 318 2440 πλουτεῖν
328 2380 421 2460 βοῶν
430 2372 612 2456 τεττάρων,
623 2373 659 2442 τό
674 2376 710 2441 δέ
721 2373 912 2462 βασιλεύειν
924 2370 1116 2456 ἑκατόμβης,

118 2469 153 2538 τό
172 2473 207 2538 δὲ
224 2477 294 2538 σῶν
307 2474 506 2539 ἐπανελθεῖν
521 2474 553 2550 ἐξ
566 2469 663 2538 Ἰλίου
679 2475 712 2550 ἐς
725 2471 842 2540 Πύλον
857 2469 991 2555 ταύρων
1007 2471 1113 2552 ε’ννέα,
1133 2478 1183 2531 528

117 2571 172 2638 καὶ
184 2567 221 2637 τό
232 2571 268 2636 ἑκ
279 2576 336 2656 τῆς
346 2567 490 2648 Αύλίδος
505 2568 644 2648 έςἼλιον
659 2575 855 2637 διαπλεῦσαι
868 2569 1043 2654 παρθένου
1054 2573 1116 2652 βα-

26 2757 33 2764 .
118 2675 260 2754 σιλικῆς·
281 2666 302 2755 ἡ
319 2669 382 2756 μὲν
395 2668 459 2755 γάρ
470 2667 590 2756 Ἑκάβη
605 2666 642 2736 τό
656 2667 700 2756 μὴ
718 2665 844 2736 άλύναι
859 2665 920 2755 τὴν
934 2666 1033 2734 πόλιν
1043 2665 1115 2732 τότε

118 2771 251 2853 ἐπρίατο
264 2767 354 2854 παρά
370 2776 427 2854 τῆς
438 2767 581 2855 Ἀθηνᾶς
596 2776 688 2856 βοῶν
703 2768 831 2836 δυόδεκα
843 2770 901 2836 καὶΙ
911 2771 1047 2834 πέπλου,
1070 2769 1116 2832 εἰ-

117 2867 228 2947 κάζειν
244 2866 278 2933 δὲ
293 2865 355 2954 χρὴ
367 2865 473 2935 πολλοὶ
488 2867 572 2934 εῖναι
586 2868 640 2935 καὶ
649 2865 869 2953 ἀλεκτρυόνος
883 2867 938 2934 καὶ
948 2863 1116 2950 στεφάνου

118 2967 171 3033 καὶ
194 2971 380 3051 λιβανωτοῦ
402 2966 511 3050 μόνου
529 2965 609 3049 παρ’
630 2965 743 3046 αύτοῖς
767 2965 858 3034 άνια.
896 2971 925 3032 3.
948 2971 1051 3032 ταῦτα
1069 2965 1115 3046 δέ,

118 3060 224 3148 οἶμαι,
247 3059 334 3130 καὶὸ
351 3064 484 3150 Χρύσης
503 3065 717 3152 ἐπιστάμενος
739 3063 796 3132 άτε
813 3061 920 3150 ἱερεύς
939 3066 993 3131 καὶ
1010 3065 1117 3148 γέρων

117 3163 172 3229 καὶ
192 3158 233 3229 τά
255 3171 332 3229 θεῖα
356 3161 478 3247 σοφός,
504 3160 614 3249 ἐπειδὴ
635 3164 801 3251 ἀπρακτος
820 3161 917 3253 ἀπῄει
943 3160 1032 3246 παρά
1058 3167 1117 3228 τοῦ

113 3255 372 3347 Ἀγαμέμνονος,
388 3259 432 3340 ὡς
447 3257 491 3328 άν
507 3265 561 3330 καὶ
575 3268 794 3349 προδανείσας
809 3269 854 3353 τῷ
865 3260 1047 3329 Ἀπόλλωυι
1057 3257 1118 3346 τὴν

116 3359 215 3448 χάριν
233 3363 484 3448 δικαιολογεῖται
497 3363 552 3430 καὶ
567 3360 699 3432 ἀπαιτεῖ
710 3359 773 3450 τὴν,
786 3357 928 3448 ἀμοιβὴν
943 3362 998 3427 καὶ
1011 3358 1115 3444 μόνον
