2550 3825
434 206 562 265 ΒΙΩΝ
584 208 777 266 ΠΡΑΣΙΣ.
874 248 875 251 =
1044 202 1109 265 235

104 372 177 449 λος,
193 362 235 451 ἦν
247 386 299 435 σοι
314 372 412 454 δοκῇ,
428 366 602 434 πολύποδα
618 361 742 451 όμὸνῆ
757 373 880 451 σηπίαν
891 362 1011 452 φαγόν
1022 358 1107 431 ἀπο-

103 475 200 533 θανε.
222 466 347 553 ταύτην
361 487 414 533 σοι
429 463 491 553 τὴν
505 466 722 553 εὐδαιμονίαν
738 470 973 552 προξενοῦμεν.

189 569 237 631 ll.
259 572 359 633 ΑΓΘ.
380 562 520 651 ”Απαγε·
544 562 645 651 μιαροὶ
666 562 731 650 γάρ
749 567 803 631 ναὶ
824 564 886 631 ούιι
906 562 1107 647 ἀνθρώπινα

104 666 143 730 λέ
163 688 191 729 ει
211 718 217 729 .

140 690 161 748 γ
187 690 307 829 {UOR
325 757 422 827 Ἀλλά
438 760 543 849 ῥᾷστά
558 786 611 846 γε,
629 754 657 826 ὦ
674 752 789 845 οὗτος,
804 764 859 828 καί
870 768 972 828 πᾶσιν
988 757 1105 846 εὐχερῆ
1124 777 1170 827 551

103 866 291 943 μετελθεῖν·
325 853 365 923 ού
387 856 452 941 γάρ
472 877 525 923 σοι
547 857 658 942 δεήσει
674 862 824 949 παιδείας
845 861 900 925 καὶ
918 857 1028 943 λόγων
1052 858 1108 923 καὶ

106 954 233 1040 λήρων,
256 951 329 1022 ἀλλ’
347 957 499 1039 ἐπίτομος
518 953 602 1040 αὕτη
619 975 673 1021 σοι
688 953 771 1037 πρὸς
788 952 922 1040 δόξανὴ
938 953 1029 1033 ὁδός·
1051 955 1107 1020 καὶ

104 1051 237 1137 ἰδιότης
252 1050 316 1138 γάρ
332 1050 392 1120 ἐὰν
412 1045 469 1141 ᾗς,
493 1049 567 1136 ἤτοι
587 1049 790 1130 σαυτοδεψδς
808 1046 829 1137 ἢ
844 1051 1070 1138 ταριχοπώλης
1084 1045 1107 1138 ἢ

104 1152 227 1215 τέκτων
237 1145 259 1235 ἦ
269 1156 473 1235 τραπεζίτης,
488 1147 589 1217 ούδέν
601 1170 638 1217 σε
647 1149 790 1216 κωλύσει
801 1147 998 1234 θαυμαστόν
1010 1147 1106 1233 εἶναι,

103 1244 147 1333 ἢν
161 1250 268 1335 μόνον
283 1246 433 1317 ἀναίδεια
448 1251 502 1317 καὶ
515 1246 552 1317 τό
564 1250 693 1333 θράσος
707 1256 796 1337 παρῇ
811 1251 865 1317 καὶ
881 1255 1107 1334 λοιδορεῖσθαι

103 1354 210 1425 καλῶς
227 1348 382 1435 ἐτιμάθης.

189 1452 287 1515 ΑΓΟ.
309 1442 401 1530 Πρός
414 1452 517 1512 ταῦτα
528 1446 590 1531 μὲν
601 1444 643 1512 ού
657 1449 774 1532 δέομαί
785 1467 857 1513 σου.
878 1447 1003 1531 ναύτης
1018 1443 1049 1513 δ’
1062 1442 1106 1513 ἀν

105 1552 183 1621 ἴσως
198 1539 220 1630 ἢ
234 1540 403 1631 κηπουρὸς
417 1546 454 1612 ἐν
468 1552 576 1633 καιρῷ
587 1546 717 1630 γένοιο,
735 1548 791 1613 ναὶ
804 1551 925 1628 ταῦτα,
944 1540 989 1628 ἦν
1005 1548 1105 1633 ἐθέλῃ

103 1661 141 1709 σε
158 1638 347 1710 ἀποδόσθαι
362 1640 475 1710 οὑτοσὶ
490 1639 527 1709 τό
541 1644 697 1727 μέγιστον
715 1638 770 1709 δύ’
786 1639 924 1728 ὀβολῶν.

187 1747 292 1809 ΕΡΜ.
307 1741 381 1827 Ἔχε
394 1741 523 1827 λαβών·
546 1743 600 1808 καὶ
616 1737 681 1826 γάρ
696 1738 835 1825 ἀσμενοι
849 1734 1105 1825 ἀπαλλαξόμεθα

104 1842 318 1925 ἐνοχλοῦντος
331 1837 436 1906 αὐτοῦ
450 1840 504 1907 καὶ
518 1846 665 1926 βοῶντος
680 1840 734 1906 καὶ
747 1836 896 1918 ἅπαντας
909 1836 1107 1919 ἁπαξαπλῶς

103 1934 294 2023 ὑβρίζοντος
309 1938 363 2004 καὶ
378 1935 599 2022 ἀγορεύοντος
615 1943 733 2014 κακῶς.

187 2038 237 2100 12.
260 2039 386 2101 zm.
399 2031 521 2102 ’Ἁλλον
537 2035 631 2102 πόλει
648 2033 707 2101 τόν
722 2041 930 2122 Κυρηναῖον,
947 2031 1008 2102 τόν
1018 2035 1055 2101 ἐν
1066 2039 1105 2121 τῇ

103 2133 302 2214 πορφυρίδι,
318 2127 378 2198 τόν
394 2132 677 2216 ἐστεφανωμένον.

187 2234 291 2295 ΕΡΜ.
302 2225 381 2312 ’Ἇγε
392 2228 444 2314 δή,
455 2228 595 2313 πρόσεχε
606 2235 686 2306 πᾶς·
697 2229 873 2306 πολυτελὲς
884 2227 920 2296 τὸ
933 2236 1040 2314 χρῆμα
1050 2231 1106 2296 καὶ

102 2331 273 2393 πλουσίων
290 2325 459 2410 δεόμενον.
488 2331 560 2412 βίος
575 2319 673 2405 οὗτος
688 2324 786 2412 ἡδύς,
804 2333 875 2412 βίος
888 2327 1105 2411 τρισμακάρι-

103 2446 186 2504 στος,
209 2431 258 2502 τίς
273 2426 431 2509 ἐπιθυμεῖ
441 2431 584 2509 τρυφῆς;
606 2431 655 2502 τίς
667 2422 796 2491 ὠνεῖται
807 2421 867 2491 τόν
881 2421 1084 2510 ἀβρότατον;

186 2531 286 2592 ΑΓΘ.
305 2521 400 2591 Ἐλθδ
412 2520 454 2589 σύ
463 2524 517 2589 καλ
528 2524 603 2607 λέγε
614 2520 699 2608 ἀπερ
712 2522 805 2601 είδώς
815 2523 1003 2608 τυγχάνεις·
1016 2519 1104 2609 ὠνή-
1121 2548 1173 2602 552

103 2643 202 2709 σομαι
218 2623 284 2708 γάρ
299 2643 352 2708 σε,
368 2617 412 2708 ἢν
428 2619 594 2707 ὠφέλιμος
608 2615 657 2710 ᾖς.

186 2729 291 2792 ΕΡΜ.
320 2717 380 2806 Μὴ
398 2721 525 2806 ἐνόχλει
541 2718 662 2806 αὐτόν,
687 2713 890 2806 ἀβέλτιστε,
913 2724 996 2808 μηδὲ
1020 2720 1105 2790 ἀνοῖ-

102 2844 210 2903 ιιρινε·
238 2817 359 2905 μεθύει
377 2819 452 2903 γάρ.
486 2818 570 2886 ὥστε
585 2816 648 2886 ούκ
669 2814 713 2887 ἀν
732 2816 948 2903 ἀποκρίναιτό
969 2839 1022 2887 σοι
1043 2818 1104 2905 τὴν

101 2924 267 3004 γλῶτταν,
285 2914 329 2994 ὡς
344 2915 441 3006 ὁρᾷς,
456 2921 703 2985 διολισθαίνων.
825 2991 829 3002 Ι

185 3019 285 3082 ΑΓΟ.
307 3014 374 3079 Καὶ
387 3019 434 3091 τίς
449 3008 493 3080 ἀν
509 3006 549 3080 εύ
559 3021 698 3100 φρονῶν
711 3019 842 3098 πρίαιτο
854 3019 1103 3102 διεφθαρμένον

103 3109 191 3177 οὗτοι
207 3113 262 3178 καὶ
278 3107 463 3177 ἀκόλαστον
483 3107 714 3194 ἀνδράποδον;
738 3110 820 3179 ὅσον
840 3113 947 3180 δὲκαὶ
964 3110 1107 3181 ἀποπνεῖ

101 3207 228 3294 μύρων,
241 3206 286 3287 ὡς
297 3209 333 3276 δὲ
344 3206 580 3293 ααὶσφαλερὸν
589 3213 714 3297 βαδίζει
725 3210 996 3295 ααὶπαράφορον.
1020 3208 1103 3279 ἀλλά

100 3302 166 3371 κάν
181 3303 294 3393 σύγε,
319 3297 346 3373 ό
361 3303 479 3394 Ἑρμῆ,
499 3308 573 3393 λέγε
588 3306 695 3375 ὁπόσα
710 3308 888 3392 πρόσεστιν
908 3306 1066 3399 αὐτῷκαὶ
1082 3306 1104 3375 ἀ

99 3428 223 3483 μετιων
236 3406 400 3491 τνγχάνει,
