2550 3825
184 135 248 200 354
546 141 834 200 ΛΟΤΚΙΑΝΟΥ

117 310 167 367 771
187 297 259 369 θολι
276 294 297 386 ἢ
312 306 376 368 τίνι
391 301 469 368 ποτὲ
484 298 662 378 πιστεύσας
672 300 872 388 Χρύσιππον
882 303 937 368 καλ
947 298 1089 386 Ζήνωνα
1104 322 1192 383 προ-

187 403 339 486 ετίμησας
359 396 470 486 ἡμῶν,
498 402 732 486 πρεσβυτέρων
752 397 861 467 όντων
876 394 966 480 παρὰ
983 396 1087 481 πολύ,
1110 398 1192 479 χθὲς

187 497 241 564 καλ
254 495 372 585 πρῴην
385 499 604 582 γευομένους,
623 497 704 582 μήτε
718 497 822 584 λόγου
837 494 1000 582 μεταδοὺς
1013 492 1093 580 ἡμῖν
1108 493 1193 580 μήτε

186 595 357 680 πειραθεὶς
367 591 452 672 ὅλως
464 584 513 660 σόν
523 597 653 679 φαμένς
672 599 703 661 εί
715 601 817 663 ταῦτα
830 595 977 679 λέγοιεν,
997 599 1030 661 τί
1045 588 1089 658 ἀν
1104 589 1192 659 ἀπο-

188 695 366 778 κριναίμην
382 687 509 769 αύτοῖς;
528 685 550 776 ἢ
567 693 732 778 ἐξαρκέσει
748 718 821 778 μοι,
843 685 985 758 ἀνείπω
1006 689 1057 758 ὅτι
1071 686 1192 774 Ἑρμο-

186 793 268 877 τίμφ
293 789 453 876 ἐπείσθην
474 795 559 879 φίλφ
588 786 701 872 ἄνδρές
727 785 812 857 ἀλλὰ
832 801 932 874 φαῖεν
951 786 1013 872 ἀν,
1038 783 1103 854 οἶδ’
1126 783 1190 869 ὅτι,

180 882 302 969 Ἡμεῖς,
317 877 493 972 ιόΛοκῖνε,
510 883 572 958 οὐκ
585 895 681 972 ίσμεν
691 883 751 955 τόν
760 883 958 972 Ἑρμότιμον
968 892 1088 954 τοῦτον
1100 881 1191 960 ὅστις

187 985 267 1050 ποτέ
277 983 383 1066 ἐστιν,
400 981 478 1050 οὐδὲ
489 986 613 1062 ἐκεῖνος
623 982 724 1070 ἡμᾶς·
746 981 830 1052 όστε
844 980 907 1052 ούκ
921 985 1020 1068 ἐχρῆν
1030 978 1191 1052 ἀπόντων

188 1077 476 1166 καταγιγνώσκειν
492 1079 570 1150 οὐδὲ
590 1080 716 1166 ἐρήμην
738 1078 834 1166 ἡμῶν
859 1083 1072 1149 καταδιαιτᾶν
1093 1075 1191 1162 ἀνδρλ

188 1176 409 1254 πιστεύσαντα
431 1183 511 1264 μίαν
528 1175 610 1246 ὁδόν
632 1181 670 1246 έν
689 1186 871 1268 φιλοσοφίᾳ
893 1179 948 1249 καλ
967 1174 1046 1249 οὐδὲ
1064 1175 1191 1259 ταύτην

189 1283 266 1352 ίσως
283 1270 426 1361 ἀκριβῶς
441 1275 691 1362 κατανοήσαντι.
714 1279 748 1344 οί
761 1277 801 1342 δέ
811 1301 849 1367 γε
863 1277 1059 1360 νομοθέται,
1075 1264 1103 1340 ἀ
1118 1279 1193 1340 Λυ-

189 1383 276 1454 κῖνε,
294 1368 355 1456 οὐχ
364 1369 452 1438 οὕτω
463 1373 705 1456 προστάττουσι
714 1386 782 1451 τοῖς
793 1376 961 1450 δικασταῖς
970 1385 1097 1455 ποιεῖν,
1111 1366 1193 1437 οὐδὲ

189 1473 249 1534 τοῦ
267 1469 380 1552 ἑτέρου
399 1467 461 1553 μέν
480 1466 633 1554 ἀκούειν,
657 1466 718 1538 τὸν
738 1471 775 1537 δὲ
790 1471 905 1554 ἕτερον
927 1466 991 1536 οὐκ
1008 1470 1067 1538 ἐᾶν
1083 1471 1190 1552 λέγειν

190 1562 274 1650 ὑπὲρ
295 1568 416 1633 ἑαυτοῦ
437 1563 459 1632 ἀ
479 1576 580 1635 οίεται
601 1569 799 1652 ξυμφέρειν,
827 1563 901 1634 ἀλλ’
924 1564 1046 1651 ὁμοίως
1064 1563 1191 1653 ἀμφοῖν

190 1660 394 1750 ἀκροᾶσθαι,
418 1661 460 1742 ὡς
480 1667 565 1754 ῥᾷον
579 1662 845 1746 ἀντεξετάζοντες
866 1661 945 1742 τούς
959 1663 1081 1749 λόγους
1100 1659 1195 1747 εὑρί-

190 1779 303 1828 σκοιεν
318 1757 447 1846 τάληθῆ
464 1787 499 1828 τε
519 1763 574 1830 καὶ
589 1766 713 1847 ψευδῆ,
734 1763 789 1830 καλ
807 1759 850 1847 ἦν
866 1787 905 1847 γε
918 1757 962 1846 μὴ
985 1757 1073 1830 οὕτω
1088 1765 1194 1826 ποιω-

191 1880 261 1943 σιν,
287 1858 416 1943 έφιέναι
437 1861 574 1927 δίδωσιν
594 1856 612 1927 ό
636 1859 741 1945 νόμος
761 1864 806 1939 είς
829 1860 944 1942 ἕτερον
968 1855 1196 1943 δικαστήριον.

175 1959 241 2023 θλ.
265 1961 400 2022 τοιαῦτα
417 1952 497 2023 ἀττα
512 1953 599 2035 είκὸς
619 1959 707 2042 έρεῖν
724 1955 856 2036 αύτούς.
884 1952 991 2041 ἢτάχ’
1009 1953 1052 2021 ἀν
1066 1980 1116 2032 τις
1131 1952 1196 2020 αύ·

191 2057 259 2119 τῶν
272 2054 327 2119 καλ
343 2055 540 2141 προσέροιτό
553 2080 611 2141 με,
632 2059 718 2135 Εἰπέ
731 2081 806 2140 μοι,
824 2057 949 2140 λέγων,
965 2046 992 2121 ω’
1014 2061 1151 2137 λυκῖνε,
1168 2061 1201 2118 εῖ

191 2177 239 2231 τις
254 2156 382 2234 Αἰθίοψ
403 2154 618 2241 μηδεπιόποτε
641 2152 762 2233 ἀλλους
779 2151 983 2239 ἀνθρώπους
1004 2152 1103 2238 ίδόν,
1131 2147 1199 2219 ολοι

192 2247 284 2339 ἡμεῖς
300 2254 414 2337 έσμεν,
430 2251 484 2319 διά
500 2251 536 2321 τό
552 2250 596 2339 μη
612 2251 898 2338 ἀποδεδημηκέναι
914 2250 951 2321 τδ
966 2253 1136 2337 παράπιν,
1160 2257 1200 2319 έν

119 2358 123 2367 ’
191 2376 256 2418 τινι
270 2349 422 2441 συλλόγφ
436 2356 504 2421 τῶν
518 2350 697 2419 Αίθιόπων
712 2355 942 2437 διισχυρίζοιτο
956 2355 1010 2421 καλ
1024 2353 1116 2437 λέγοι
1131 2378 1201 2437 μη-

122 2468 173 2525 ⁷72
193 2446 317 2535 δαμόθι
326 2455 382 2534 τῆς
391 2456 452 2535 γῆς
462 2446 667 2536 ἀνθρώπους
678 2448 762 2517 εἶναι
772 2446 944 2537 λευκούςῆ
954 2446 1101 2531 ξανθούς
1111 2452 1201 2535 μηδὲ

191 2540 352 2631 ἀλλοτιῆ
366 2548 525 2632 μέλανας,
544 2539 609 2634 ἀρα
625 2546 806 2616 πιστεύοιτ’
825 2545 869 2617 ἀν
883 2546 942 2617 ὑπ’
961 2546 1089 2628 αύτεδνς
1107 2543 1131 2632 ἦ
1149 2556 1201 2617 εί-

191 2670 249 2714 ποι
261 2669 311 2725 τις
325 2640 369 2712 ἀν
384 2644 468 2727 πρός
483 2643 586 2713 αὐτὸν
599 2653 668 2715 τῶν
683 2649 919 2734 πρεσβυτέρων
929 2647 1128 2730 Αἰθιόπων,
1143 2644 1202 2718 Σὺ
1249 2691 1250 2710 2

140 2786 141 2789 =
193 2746 228 2813 δὲ
243 2739 285 2829 δὴ
301 2743 410 2811 πόθεν
424 2749 544 2828 ταῦτα,
569 2736 815 2831 ολθρασύτατε,
831 2744 948 2827 οἶσθας
974 2742 1016 2812 ού
1032 2741 1097 2829 γὰρ
1112 2740 1203 2811 ἀπε-
1249 2737 1250 2796 λ

192 2843 340 2929 δήμησας
355 2838 436 2925 παρ’
451 2838 548 2927 ἡμῶν
563 2839 730 2928 οὐδαμόσε
746 2842 824 2914 οὐδὲ
841 2843 924 2923 εἶδες
937 2843 980 2931 νὴ
990 2850 1057 2915 Δία
1072 2839 1112 2911 τόι
1130 2866 1204 2909 πα-

193 2938 235 3024 ρὰ
250 2953 317 3019 τοῖς
331 2936 443 3019 ἀλλοις
459 2938 558 3008 ὁποῖό
573 2943 651 3011 έστι.
680 2948 785 3030 φαίην
807 2938 851 3010 ἀν
867 2948 971 3029 ἔγωγε
984 2947 1095 3011 δίκαια
1111 2943 1205 3027 έρω-
1248 2949 1249 2992 ff

192 3046 288 3127 τησαι
307 3036 366 3135 τόν
389 3038 595 3126 πρεσβύτηνς
625 3037 758 3127 ἢποῐς,
784 3036 1019 3129 ἀἙρμότιμε,
1045 3047 1205 3128 συμβου-

184 3139 315 3220 ,λεύειςς

275 3245 379 3307 ΕΡΜ.
404 3235 519 3305 Οὕτω·
542 3240 734 3308 δικαιότατα
750 3239 815 3324 γάρ
832 3241 1005 3324 ἐπιπλῆξαι
1025 3241 1120 3309 δοκεῖ
1131 3262 1203 3324 μοι.

275 3343 374 3404 AYK.
400 3338 463 3403 Καὶ
478 3332 542 3423 γὰρ
563 3341 692 3423 ἔμοιγε,
715 3328 936 3417 όἙρμότιμεε
959 3332 1042 3405 ἀλλὰ
1061 3332 1099 3403 τό
1113 3334 1203 3405 μετὰ
1247 3337 1248 3408 λ

1232 3735 1246 3774 λ
