2550 3825
148 182 213 244 &w
500 180 802 240 AOYKIANOY

234 350 339 409 EPM.
364 339 410 409 Τὸ
424 343 486 426 μὲν
507 338 588 408 ὅλον
603 346 791 426 συμβιῶναι
809 336 915 419 δεξιός
929 343 983 407 καὶ
999 352 1156 425 συμπιεῖν

152 438 266 518 ἱκανὸς
281 442 336 507 καὶ
356 440 508 524 κωμάσαι
522 435 602 523 μετά
625 435 822 523 αὐλητρίδος
838 436 1018 523 ἐπιτήδειος
1039 440 1156 521 ἐρῶντι

151 540 208 605 καί
222 534 339 627 ἀσώτῳ
362 537 520 624 δεσπότῃ·
552 533 592 603 τά
613 534 697 603 άλλα
718 538 754 602 δὲ
771 537 949 621 πεμμάτων
969 534 1156 620 ἐπιστήμων

152 636 207 703 καί
224 632 384 716 ὀψοποιός
405 634 654 719 ἐμπειρότατος,
675 638 730 701 καὶ
746 632 831 712 ὅλως
847 633 1005 720 σοφιστὴς
1025 632 1157 718 ἡδυπα-

70 775 73 783 ,
152 738 256 811 θείας.
279 732 541 819 ἐπαιδεύθημεν
563 725 629 798 οὖν
640 730 839 818 Ἀθήνησιν,
862 732 1037 800 ἐδούλευσε
1054 730 1089 797 δὲ
1103 732 1158 795 καλ

154 832 228 914 περὶ
240 838 398 898 Σικελίαν
412 845 479 908 τοῖς
488 829 669 913 τυράννοις
682 832 737 897 καὶ
748 832 880 915 σφόδρα
899 828 1064 917 εὐδοκίμει
1075 822 1156 913 παρ’

155 926 276 1007 αὐτοῖς.
299 926 336 995 τό
355 929 392 996 δὲ
406 929 590 1015 κεφάλαιον
600 936 658 1015 τῆς
667 930 907 1015 προαιρέσεως,
924 926 1083 995 ἁπάντων
1098 954 1160 995 κα-

154 1042 352 1113 ταφρονεῖν,
368 1026 471 1095 άπασι
482 1035 644 1114 χρῆσθαι,
656 1028 869 1111 πανταχόθεν
881 1030 1087 1113 ἐρανίζεσθαι
1097 1024 1160 1113 τὴν

156 1122 293 1212 ἡδονήν.

240 1228 339 1291 ΑΓΘ.
365 1222 451 1306 Ὥρα
471 1244 523 1291 σοι
547 1226 651 1292 ἄλλον
673 1228 885 1311 περιβλέπειν
906 1233 974 1293 τῶν
988 1230 1159 1292 πλουσίων

156 1321 285 1389 τούτων
300 1324 356 1390 καλ
374 1321 654 1408 πολυχρημάτων·
682 1320 745 1406 ἐμοὶ
762 1325 798 1389 δὲ
814 1321 876 1390 οὐκ
894 1323 1075 1409 ἐπιτήδειος
1089 1326 1162 1389 ίλα-

158 1416 221 1502 ρόν
235 1417 395 1487 ὠνεῖσθαι
411 1426 496 1508 βίον.

240 1524 345 1584 ΕΡΜ.
359 1518 524 1602 Ἄπρατος
537 1524 661 1600 ἔοικεν,
687 1508 714 1583 ά
728 1522 811 1601 Ζεῦ,
833 1508 930 1594 οὗτος
943 1513 1023 1603 ἡμῖν
1037 1518 1159 1603 μένειν.

90 1632 141 1687 55³
243 1620 293 1683 13.
310 1624 436 1683 ΖΕΥΣ.
457 1615 693 1700 Μετάστησου·
710 1612 813 1681 άλλου
824 1616 1011 1700 παράγαγε·
1034 1622 1162 1701 μᾶλλον

159 1715 196 1779 δὲ
215 1709 261 1779 τω
277 1713 340 1779 δύο
354 1703 478 1798 τούτω,
494 1711 556 1781 τόν
570 1719 720 1798 γελῶντα
740 1709 800 1778 τόν
814 1709 1019 1798 Ἀβδηρόθευ
1033 1714 1087 1779 καὶ
1102 1710 1161 1778 τόν

159 1809 303 1877 κλάοντα
319 1808 380 1877 τόν
393 1814 427 1889 ἐξ
437 1808 591 1895 Ἐφέσου·
614 1808 683 1895 ἅμα
698 1806 761 1894 γάρ
775 1807 864 1875 αὐτῶ
875 1816 1068 1895 πεπρᾶσθαι
1079 1808 1163 1894 βού-

161 1917 268 1993 λομαι
552 1921 555 1925 ’

244 2013 348 2072 EPM.
370 2007 568 2094 Κατάβητου
582 2008 615 2085 ἐς
628 2003 665 2074 τό
684 2009 794 2092 μέσον.
815 2002 861 2071 τά
878 2002 1000 2087 άρίστω
1014 2009 1077 2090 βίω
1093 2027 1163 2068 πω-

33 2157 38 2169 .
162 2112 225 2190 λῶ,
239 2103 285 2171 τό
300 2106 482 2189 σοφωτάτω
496 2105 633 2174 πάντων
648 2103 928 2189 ἀποκηρύττομεν.

247 2209 346 2272 Am.
363 2197 403 2270 Ὦ
421 2211 488 2272 Ζεῦ
502 2211 559 2290 τῆς
575 2203 811 2289 ἐναντιότητος.
835 2199 856 2268 όΙ
866 2193 932 2298 ιμὲν
948 2196 989 2266 οὐ
1006 2203 1164 2265 διαλείπει

161 2309 286 2389 γελῶν,
306 2299 326 2369 δ
340 2305 379 2370 δέ
396 2328 471 2370 τινα
486 2309 573 2370 ἔοικε
587 2309 740 2370 πευθάν·
769 2300 906 2386 δακρύει
921 2295 985 2384 γάρ
1006 2295 1042 2362 τὸ
1057 2296 1166 2381 παρά-

161 2428 238 2470 παν.
261 2408 295 2469 τί
306 2409 426 2487 ταῦτα,
445 2395 472 2468 ὦ
488 2393 601 2481 οὗτος;
624 2407 658 2468 τί
669 2407 786 2488 γελᾷςς

246 2505 562 2568 ΔΗΜΟΚΡΙΤΟΣ.
591 2498 746 2588 Ἐρωτᾷς;
775 2497 826 2565 ὅτι
846 2518 902 2582 μοι
923 2504 1033 2582 γελοία
1056 2493 1164 2560 πάντα

163 2600 271 2663 δοκέει
286 2592 327 2662 τά
344 2595 519 2680 πρήγματα
533 2593 646 2680 ὑμέων
662 2601 716 2666 καὶ
730 2595 824 2665 αὐτοὶ
840 2595 946 2682 ὑμέες.

248 2698 347 2760 ΑΓο.
368 2700 446 2769 Πως
466 2696 586 2778 λέγεις,
613 2703 796 2784 καταγελᾷς
812 2692 908 2780 ἡμῶν
931 2691 1088 2760 ἁπάντων
1111 2692 1165 2758 καὶ

164 2793 243 2877 παρ’
261 2788 363 2858 οὐδὲν
378 2797 509 2858 τίθεσαι
526 2790 566 2858 τά
579 2790 720 2879 ἡμέτερα
737 2795 929 2881 πράμματας

248 2895 364 2957 ΔΗΜ.
381 2881 460 2976 Ὦδε
476 2895 555 2975 ἔχει·
583 2898 767 2960 σπουδαῖον
787 2891 851 2978 γάρ
872 2895 909 2959 έν
924 2890 1091 2958 αὐτέοισιν
1106 2885 1167 2956 οδ-

166 2990 241 3073 δέν,
255 2984 355 3054 κενεά
371 2988 408 3054 δὲ
423 2985 464 3054 τά
477 2989 585 3055 πάντα
599 2993 655 3058 καί
669 2989 802 3079 ἀτόμων
819 2989 907 3077 φορὴ
923 2993 978 3059 καὶ
992 2987 1133 3074 άπειρίη.

247 3092 348 3155 ΑΓΘ.
379 3083 431 3154 Οὐ
450 3086 512 3171 μὲν
530 3081 609 3173 οὖν,
635 3088 719 3157 ἀλλά
737 3091 780 3157 σὺ
794 3085 891 3167 κενός
906 3087 950 3167 ὡς
965 3087 1099 3174 άληθῶς
1112 3087 1167 3153 καὶ

162 3185 307 3268 άπειρος.
319 3181 411 3270 ὦτῆς
420 3183 558 3271 ὕβρεως,
569 3185 610 3253 οδ
620 3188 732 3276 παύσῃ
742 3195 865 3273 μελωυς
884 3192 933 3255 14.
945 3185 988 3254 σύ
1000 3189 1036 3254 δὲ
1045 3193 1079 3254 τί
1086 3185 1168 3252 κλά-

164 3310 226 3370 εις,
243 3277 270 3351 ά
281 3286 445 3370 βέλτιστε;
465 3281 626 3370 πολδγάρ
641 3283 730 3370 οἶμαι
743 3285 880 3352 κάλλιον
891 3286 943 3351 σοί
956 3291 1166 3369 προσλαλεῖν.

246 3390 550 3451 ΗΡΑΚΛΕΙΤΟΣ.
568 3382 809 3470 Ἡμέομαιγάρ,
826 3375 959 3466 άξείνε,
977 3381 1017 3448 τά
1030 3380 1168 3464 άνθροό-
