2550 3825
335 196 583 256 NEKPIKOI
612 196 870 254 ΔΙΑΛΟΓΟΙ.
1044 190 1105 260 189
1180 256 1184 262 ,

97 359 181 423 ἔνθα
196 352 260 440 γάρ
276 351 320 422 άν
341 365 426 441 ῖητε,
452 351 674 441 ἀκολουθήσω
691 352 797 422 άνιῶν
812 358 867 423 καὶ
881 354 1036 444 κατᾴδων
1049 356 1104 421 καί

97 461 299 538 καταγελῶν.

181 557 329 619 ΚΡΟΙΣ.
355 558 465 617 Ταῦτα
483 547 543 636 οὐχ
558 549 673 636 ὑβριςς
1065 624 1071 629 ,

181 655 293 716 ΜΕΝ.
319 647 408 734 Ούκ,
423 645 495 716 ἀλλ’
509 653 618 716 ἐκεῖνα
631 646 728 735 ὕβρις
735 641 795 734 ἦν,
813 645 940 734 άὺμεῖς
954 651 1103 732 ἐποιεῖτε,

97 756 361 829 προσκυνεῖσθαι
384 743 554 825 ἀξιοῦντες
575 748 629 814 καὶ
651 748 842 828 ἐλευθέροις
862 744 1026 831 ἀνδράσιν
1046 746 1104 812 ἐν·

96 850 290 931 τρυφῶντες
299 848 354 912 καὶ
364 854 425 912 τού
432 846 586 912 θανάτου
596 843 633 913 τὰ
648 845 807 928 παράπαν
817 843 859 912 ού
869 846 1103 932 μνημονεύον-

1 1005 2 1014 ,
97 968 164 1020 τες·
186 949 368 1027 τοιγαροῦν
379 943 562 1029 οἰμώξεσθε
579 944 716 1010 πάντων
731 945 867 1012 ἐκείνων
883 943 1100 1033 ἀφῃρημένοι.

182 1048 330 1109 ΚΡΟΙΣ.
362 1049 504 1110 Πολλῶν
524 1069 580 1128 γε,
604 1036 631 1109 ώ
651 1050 743 1124 θεοί,
770 1047 824 1111 καὶ
845 1044 1001 1131 μεγάλων
1023 1072 1103 1127 κτη·

96 1141 221 1227 μάτων.

183 1248 282 1308 ΜΙΛ.
297 1239 400 1310 Ὅσον
413 1240 476 1325 μὲν
489 1239 553 1326 ἐγώ
568 1249 704 1326 χρυσοῦ.

182 1346 311 1406 ΣΛΡΛ.
326 1336 426 1424 Ὅσης
443 1340 478 1404 δέ
493 1336 558 1424 ἐγῶ
574 1346 712 1423 τρυφῆς.

182 1443 292 1504 ΜΕΝ.
314 1430 366 1503 Em}
383 1463 438 1520 γε,
460 1434 548 1501 οὑτω
569 1451 708 1502 ποιεῖτε·
738 1434 903 1518 ὀδύρεσθε
918 1436 980 1520 μέν
996 1434 1101 1523 ὑμεῖς,

95 1533 160 1618 ἐγῶ
185 1533 220 1600 δὲ
236 1531 272 1600 τό
294 1541 403 1619 γνῶθι
426 1531 551 1600 σαυτὸν
571 1532 730 1611 πολλάκις
748 1540 914 1619 συνείρων
937 1535 1101 1623 ἐπᾴσομαι

95 1629 192 1716 ὑμῖν·
205 1637 325 1711 πρέποι
334 1629 399 1718 γάρ
409 1627 452 1697 άν
461 1645 530 1708 ταῖς
540 1631 707 1708 τοιαύταις
717 1639 873 1718 οἰμωγαῖς
881 1634 1100 1721 ἐπᾳδόμενον.

581 1905 609 1964 3.

125 2012 389 2081 ΜΕΝΙΠΠΟΤ,
411 2016 686 2069 ΑΜΦΙΔΟΧΟΤ
701 2020 777 2069 ΚΑΙ
794 2017 1069 2070 ΤΡΟΦΩΝΙΟΤ.
1117 2029 1169 2081 338

180 2144 208 2205 l.
232 2144 344 2205 MEN.
366 2136 451 2222 Σφῶ
467 2138 597 2224 μέντοι,
613 2133 641 2205 ώ
658 2140 833 2225 Τροφώνιε
848 2142 902 2206 καὶ
914 2136 1099 2224 Ἀμφίλοχε,

94 2239 208 2322 νεκροί
222 2234 316 2315 ὄντες
333 2232 394 2301 ούκ
413 2232 475 2301 οἶδ’
492 2232 582 2314 ὅπως
595 2244 690 2303 ναῶν
703 2237 927 2322 κατηξιώθητε
942 2239 996 2302 καὶ
1013 2237 1100 2320 μάν-

94 2361 161 2413 τεις
175 2339 316 2419 δοκεῖτε,
340 2336 394 2400 καὶ
409 2338 443 2400 oc
455 2332 587 2418 μάταιοι
603 2341 671 2401 τῶν
688 2331 881 2417 ἀνθρώπων
895 2330 999 2409 θεούς
1013 2330 1100 2416 ὑμᾶς

95 2432 320 2519 ὑπειλήφασιν
335 2432 427 2499 εἶναι.

179 2538 342 2599 ΑΜΦΙΛ.
369 2536 410 2597 Τί
422 2523 484 2597 οὑν
500 2528 593 2615 ἡμεῖς
604 2540 719 2613 αἴτιοι,
739 2536 768 2597 εί
779 2526 837 2595 ὑπ’
854 2525 968 2606 άνοίας
979 2530 1100 2595 ἐκεῖνοι
1116 2547 1169 2603 339

94 2638 231 2699 τοιαῦτα
245 2631 320 2713 περὶ
334 2635 465 2712 νεκρῶν
480 2628 691 2708 δοξάζουσιν;

180 2735 292 2794 ΜΕΝ.
312 2724 397 2793 Ἀλλ’
410 2723 473 2793 ούκ
485 2722 529 2793 άν
539 2728 709 2809 ἐδόξαζον,
722 2722 805 2811 εἰμὴ
818 2731 935 2804 ζῶντες
944 2728 997 2792 καὶ
1007 2723 1101 2810 ὑμεῖς

94 2833 232 2892 τοιαῦτα
253 2824 487 2908 ἐτερατεύεσθε
513 2822 557 2903 ὡς
583 2825 623 2892 τά
645 2829 806 2909 μέλλοντα
832 2824 1022 2906 προειδότες
1045 2826 1100 2890 καί

95 2937 267 3006 προειπεῖν
281 2922 463 3007 δυνάμενοι
479 2937 546 3000 τοῖς
562 2925 741 3005 ἐρομένοις.

184 3028 308 3088 ΤΡΟΦ.
322 3015 362 3088 Ὠ
378 3024 544 3117 Μένιππε,
559 3019 751 3105 Ἀμφίλοχος
761 3021 823 3105 μὲν
835 3013 933 3098 οὑτος
946 3018 989 3087 άν
1001 3024 1100 3104 εἰδείη

94 3117 161 3186 ὅτι
177 3117 266 3209 αὐτῷ
284 3116 482 3203 άποκριτέον
496 3115 581 3202 ὑπὲρ
597 3116 717 3202 αὑτοῦ,
734 3115 799 3202 έγῶ
813 3122 849 3185 δὲ
861 3118 950 3204 ἥρως
968 3122 1033 3205 είμὶ
1046 3120 1101 3186 καί

94 3218 317 3303 μαντεύομαι,
339 3216 382 3303 ἥν
395 3244 444 3295 τις
459 3220 604 3305 κατέλθη
621 3215 702 3299 παρ’
720 3218 784 3303 ἐμέ.
807 3215 896 3285 οὐδ’
914 3223 1023 3296 ἐοικας
1039 3216 1100 3284 ούκ

96 3316 369 3401 ἐπιδεδημηκέναι
384 3319 548 3403 Λεβαδείᾳ
563 3312 599 3382 τὸ
616 3314 791 3397 παράπαν·
820 3313 861 3382 ού
874 3313 940 3401 γάρ
954 3313 1101 3403 ἠπίστεις

94 3427 139 3475 συ
152 3412 291 3487 τούτοις.
