2550 3825
466 199 789 257 ΚΑΤΑΠΛΟΤΣ.
1068 196 1129 260 283

210 360 316 424 ΜΕΓ.
337 355 423 442 Ὅτι,
444 353 486 442 νὴ
502 364 585 443 Δία,
603 358 769 441 τύραννος
784 349 827 442 ἦν
846 359 902 426 καί
918 357 1131 443 δορυφόρους

128 450 216 537 εἶχον
231 460 379 537 μυρίους,

213 557 313 618 KYN.
336 549 407 618 Εἶτ’
425 549 465 618 οὐ
482 555 615 631 δικαίως
629 575 667 619 σε
678 553 873 635 παρέτιλλεν
887 549 1054 636 δΚαρίων
1068 550 1130 620 οὖ-

126 649 204 714 mol
216 645 334 715 σκαιόν
344 647 441 731 ὄντας
456 647 581 733 πικρόιν
592 657 678 736 γοῦν
689 648 751 736 τὴν
762 655 944 737 τυραννίδα
956 653 1036 731 ἕξεις
1049 676 1130 737 γευ-

126 745 270 830 σάμενος
283 744 345 813 τοῦ
357 747 468 824 ξύλου,

210 850 314 912 ΜΕΓ.
342 845 504 931 Τολμησει
519 842 582 930 γὰρ
595 851 762 924 Κυνίσκος
778 849 1061 916 ἐπανατείνασθαί
1072 871 1146 933 μοι,

125 939 162 1008 τό
178 941 341 1028 βόκτρονς
364 939 427 1009 οὐκ
439 939 503 1027 ἐγιό
517 963 555 1009 σε
570 942 704 1032 πρῴην,
720 942 771 1011 ὅτι
782 945 960 1028 ἐλεύθερος
974 943 1060 1030 ἄγαν
1074 946 1128 1012 καὶ

125 1035 247 1123 τραχὺς
265 1032 357 1126 ἦσθα
377 1042 432 1106 καὶ
449 1041 685 1126 ἐπιτιμητικός,
712 1049 835 1126 μικροῦ
849 1045 920 1109 δεῖν
939 1061 1129 1125 προσεπατ·

124 1137 283 1216 τόλευσιις

209 1243 312 1305 KPN.
345 1243 533 1322 Τοιγαροῦν
550 1250 660 1322 μενεῖς
680 1239 734 1304 καλ
750 1235 794 1303 σύ
813 1244 859 1326 τῷ
880 1242 960 1326 ἱστῷ
980 1255 1128 1320 προσπε-

125 1336 398 1421 πατταλευμένος.

92 1461 94 1466 ·
211 1437 260 1501 14.
276 1439 375 1501 ΜΙΚ.
399 1436 483 1501 Είπέ
493 1457 564 1518 μοι,
583 1426 774 1518 όΚλωθοί,
787 1435 868 1518 ἐμοῦ
880 1431 916 1498 δὲ
928 1428 1037 1509 οὐδεὶς
1046 1429 1126 1518 ὑμῖν
1144 1450 1195 1506 636

124 1529 240 1614 λόγοςς
262 1525 283 1615 η’
300 1530 384 1597 διότι
399 1531 501 1615 πένης
517 1536 598 1616 είμί,
614 1528 670 1597 διὰ
687 1537 785 1598 τοῦτο
799 1531 854 1597 καὶ
866 1536 1056 1599 τελευταίου
1070 1530 1128 1613 έμ-
1150 1530 1152 1537 '

126 1633 228 1714 βῆναί
242 1653 283 1712 με
301 1630 364 1705 δεί;

209 1729 344 1790 mcx).
365 1719 419 1790 Σύ
435 1723 470 1789 δὲ
484 1728 533 1799 τίς
547 1718 592 1803 εἶς

210 1828 307 1889 ΜΙΚ.
323 1819 360 1888 Ὁ
376 1818 578 1904 σκυτοτόμος
594 1826 776 1898 Μίκυλλος.

209 1927 344 1988 mm.
367 1917 448 1987 Εἶτα
468 1918 556 2007 ι’ίχθη
578 1918 772 2006 βραδύνωνς
795 1917 856 2005 οὐχ
875 1917 957 2009 ὁρᾷς
977 1916 1085 1990 ὁπόσοι
1108 1915 1126 1985 δ

124 2020 290 2102 τόραυνος
301 2014 506 2102 ὑπισχνεῖται
518 2016 640 2083 δώσειν
650 2014 788 2102 ἀφεθεὶς
798 2015 882 2103 πρὸς
893 2015 1023 2102 ὀλίγου;
1036 2024 1127 2085 θαῦ-

125 2142 171 2202 μα
186 2121 272 2201 γοῦν
287 2120 352 2199 ἔχει
366 2139 422 2199 με,
439 2119 469 2182 εί
480 2111 525 2198 μὴ
541 2110 691 2198 ἀγαπητὴ
708 2117 763 2181 καὶ
778 2111 863 2200 σοίἡ
879 2131 1041 2201 σιατριρη,

209 2218 307 2280 ΜΙΚ.
323 2209 505 2294 Ἄκουσον,
529 2202 718 2295 όβελτίστη
736 2217 895 2294 Μοιρῶν·
917 2208 958 2277 οὐ
978 2212 1070 2277 πάνυ
1085 2238 1127 2297 με

124 2309 221 2398 ἡτοῦ
238 2309 423 2385 Κύκλωπος
440 2305 612 2392 εὐφραίνει
628 2307 753 2391 δωρεαί,
770 2304 807 2374 τό
824 2304 1056 2393 ὑπισχνεῖσθαι
1074 2307 1125 2376 ὅτι

123 2407 278 2493 πύματον
293 2402 356 2489 ἐγώ
371 2402 431 2472 τὸν
448 2398 553 2473 Οὖτιν
569 2406 762 2490 κατέδομαι·
784 2402 828 2471 ἄν
838 2431 873 2472 τε
882 2412 968 2490 γοῦν
982 2412 1124 2491 πρῶτον,

123 2503 167 2572 όν
181 2529 217 2571 τε
233 2502 402 2589 πύματον,
428 2508 461 2571 oc
478 2500 572 2570 αὐτοὶ
593 2501 729 2580 ὀδόντες
743 2505 988 2589 περιμένουσιν.
1019 2501 1125 2580 ἄλλως

123 2628 159 2670 τε
180 2596 256 2668 οὐδ’
275 2597 374 2686 ὅμοια
392 2596 478 2687 τάμὰ
501 2613 569 2678 τοῖς
586 2606 655 2667 τῶν
675 2605 858 2666 πλουσίων·
888 2602 923 2667 έκ
946 2596 1124 2684 διαμέτρου

123 2696 188 2787 γὰρ
202 2695 282 2784 ἡμῖν
297 2702 332 2764 οί
341 2704 424 2784 βίοι,
447 2702 565 2784 φασίν·
593 2696 611 2765 ὁ
631 2700 694 2782 μέν
715 2722 753 2783 γε
769 2696 935 2781 τύραννος
956 2695 1123 2783 εὐδαίμων

124 2794 209 2863 εἶναι
224 2801 334 2863 δοκῶν
347 2796 437 2880 παρὰ
450 2794 510 2863 τόν
524 2802 615 2884 βίον,
631 2794 775 2882 φοβερὸς
785 2793 889 2862 ἅπασι
903 2798 959 2865 καὶ
972 2802 1124 2882 περίβλε-

122 2917 213 2979 πτος,
223 2891 397 2962 ἀπολιπών
405 2892 532 2979 χρυσόν
542 2902 704 2962 τοσοῦτον
714 2897 768 2963 καὶ
779 2891 943 2979 ἀργύριον
952 2896 1007 2962 καὶ
1020 2896 1124 2979 ἐσθη-

122 3016 162 3057 τα
176 2992 232 3058 καὶ
246 2994 369 3069 ἵππους
383 2994 438 3058 καὶ
452 2996 569 3059 δεῖπνα
582 2994 636 3061 καὶ
648 2997 767 3070 παῖδας
779 2990 922 3076 ὡραίους
936 2994 990 3061 καὶ
1005 3005 1124 3078 γυναί-

122 3114 182 3167 κας
197 3085 389 3176 εὐμόρφους
405 3090 538 3167 εἰκότως
557 3087 673 3176 ἠνιᾶτο
689 3094 744 3158 καὶ
758 3088 998 3176 ἆποσποόμενος
1012 3088 1123 3156 αὐτῶν

122 3182 259 3269 ἤχθετο·
288 3183 407 3271 οὐγὰρ
423 3184 488 3254 οἶδ’
503 3185 592 3267 ὅπως
607 3189 761 3275 καθάπερ
781 3192 838 3278 ίξῷ
850 3214 916 3257 τινι
931 3191 1122 3273 προσέχεται

121 3295 189 3359 τοῖς
202 3283 366 3363 τοιούτοις
380 3280 501 3373 ἡψυχὴ
517 3289 572 3355 καὶ
583 3284 645 3354 οὐκ
657 3288 766 3355 ἐθέλει
780 3284 1045 3355 ἀπαλλάττεσθαι
1059 3288 1119 3375 ῥηι-
1139 3303 1190 3360 637

121 3383 199 3459 δίυς
213 3382 271 3450 ἅτε
286 3380 398 3464 αὐτοῖς
418 3385 520 3452 πάλαι
534 3399 789 3470 προστετηκυῖα·
815 3392 943 3471 μᾶλλον
959 3386 995 3452 δὲ
1012 3383 1121 3470 ὥσπερ
