2550 3825
166 206 230 270 286
519 212 819 271 ΛΟΤΚΙΑΝΟΤ

167 365 305 451 αότοός;
329 367 370 437 οὐ
390 367 455 455 γάρ
476 372 567 436 δέδια
587 367 631 455 μή
655 367 886 456 ἀπαγορεύσας
906 370 1079 458 ἀποπνιγῶ
1102 372 1167 458 ἤδη

165 469 325 546 τεθνεός
348 467 456 546 άλλως
472 494 508 535 τε
530 465 608 535 οὐδὲ
629 466 690 534 τόν
710 466 832 556 ὀβολόν
852 475 915 555 ἔχω
935 468 975 536 τά
998 479 1167 556 πορθμεῖα

97 583 147 636 641
167 557 374 654 καταβαλεῖν.

249 669 384 730 xm.
412 668 455 729 Τί
462 669 575 740 τοῦτο;
594 669 803 750 περίμεινον,
819 655 1024 732 ῶΜίκυλλε·
1047 659 1089 730 οὐ
1103 665 1168 730 θέ-

165 788 220 848 μις
234 759 323 828 οὕτω
337 781 375 828 σε
389 764 545 828 διελθεῖν.

249 865 349 926 MJK.
373 861 439 926 Καὶ
453 860 519 944 μην
533 867 612 936 ίσας
627 856 725 943 ὑμῶν
739 861 794 927 καὶ
807 859 1123 945 προκαταχθήσομαι

249 963 384 1026 mo.
407 961 595 1042 Μηδαμῶς,
611 954 695 1025 ἀλλά
709 959 973 1042 προσελάσαντες
989 957 1167 1043 ἀναλάβω-

165 1081 227 1144 μεν
242 1054 360 1140 αότόν,
379 1058 433 1122 καί
447 1055 506 1140 σά,
524 1047 678 1140 ῶῈρμῆ,
693 1058 964 1124 συνανάσπασον.

249 1159 298 1221 19.
323 1159 419 1222 ΧΑΡ.
442 1158 517 1220 Ποῦ
537 1159 603 1220 νῦν
618 1158 824 1236 καθεδεῖται;
845 1152 946 1241 μεστά
967 1151 1031 1239 γάρ
1044 1150 1165 1235 πάντα,

165 1280 209 1332 ως
223 1277 312 1340 ορμς.

246 1357 350 1420 ΕΡΜ.
369 1347 439 1417 Ἐπὶ
451 1346 529 1426 τοὺς
547 1346 674 1435 ῶμους,
691 1354 722 1417 εί
735 1353 841 1434 δοκεῖ,
857 1355 918 1415 τοῦ
932 1346 1111 1430 τυράννου.

247 1454 381 1516 xm.
405 1453 524 1525 Καλῶς
539 1443 556 1513 ὁ
570 1444 689 1532 Ἐρμῆς
704 1447 889 1532 ἐνενόησεν.

247 1555 342 1615 ΧΑΡ.
363 1544 537 1632 Ἀνάβαινε
551 1538 615 1611 οὖν
629 1543 755 1612 καὶτὸν
767 1549 905 1612 τένοντα
919 1552 980 1611 τοῦ
994 1542 1166 1630 ἀλιτηρίου

164 1645 356 1715 καταπάτει·
376 1642 469 1729 ἡμεῖς
483 1642 519 1709 δὲ
534 1639 736 1728 εὐπλοῶμεν.
848 1672 851 1678 ·

249 1749 352 1810 ΚῬΝ.
374 1735 413 1808 Ὦ
427 1741 565 1824 Χάρων,
587 1747 695 1817 καλῶς
712 1746 777 1825 ἔχει
791 1760 843 1807 σοι
862 1737 921 1817 τάς
935 1737 1092 1825 ἀληθείας
1109 1742 1163 1807 ἐν·

164 1849 287 1910 τεῦθεν
304 1845 415 1906 εἰπεῖν.
440 1835 503 1924 ἐγῶ
514 1836 574 1904 τόν
590 1835 711 1925 ὀβολόν
723 1841 785 1925 μὲν
796 1837 858 1906 οὐκ
872 1834 915 1905 ἀν
926 1844 1031 1925 ἔχοιμι
1046 1842 1166 1904 δοῦναι

165 1964 217 2008 σοι
231 1936 474 2013 καταπλεύσας·
500 1938 602 2003 πλέον
614 1934 679 2021 γάρ
694 1937 794 2005 οὐδέν
814 1940 881 2004 ε’στι
900 1943 957 2022 τῆς
978 1936 1100 2022 πήρας,
1121 1931 1164 2020 ἣν

165 2036 261 2125 ὁρᾷς,
276 2036 331 2102 καὶ
346 2036 479 2102 τουτουὶ
493 2041 554 2100 τοῦ
568 2033 687 2113 ξύλου·
710 2029 812 2102 τάλλα
829 2039 865 2103 δὲ
879 2031 923 2121 ήν
940 2034 1072 2102 ἀντλεῖν
1088 2034 1165 2100 ἐθέ-

163 2144 238 2223 λης,
256 2136 384 2219 ἕτοιμος
400 2135 454 2201 καὶ
471 2133 669 2215 πρόσκωπος
688 2131 788 2201 εἶναι·
810 2138 921 2222 μέμψῃ
936 2133 973 2201 δὲ
987 2130 1104 2215 οὐδέν,
1119 2126 1164 2215 ἢν

163 2232 279 2320 εὐῆρες
293 2232 349 2298 καὶ
362 2230 525 2316 καρτερόν
540 2257 596 2316 μοι
611 2230 748 2318 ἐρετμὸν
763 2236 827 2321 δῷς
843 2233 958 2318 μόνον.

251 2340 347 2399 XAP.
372 2330 521 2417 Ἔρεττε·
552 2333 607 2398 καὶ
635 2332 726 2397 τουτὶ
750 2327 814 2415 γάρ
840 2328 958 2397 ίκανόν
982 2326 1071 2414 παρά
1101 2336 1164 2396 σοῦ

162 2441 285 2520 λαβεῖν.

94 2549 144 2606 542
247 2534 349 2595 ΚῬΝ.
369 2519 412 2592 Ἦ
425 2530 479 2593 καὶ
493 2522 714 2595 ὑποκελεῦσαι
733 2527 860 2612 δεήσεις

239 2631 334 2695 ΧΑΡ.
343 2622 594 2711 ΝὴΔία,ήνπερ
602 2626 860 2712 είδήςκέλευσμά
870 2652 901 2693 τι
910 2632 977 2693 τῶν
986 2633 1164 2694 ναυτικῶν.

248 2730 350 2791 ΚΤΝ.
375 2720 459 2790 Οἶδα
469 2726 524 2791 καὶ
534 2724 659 2808 πολλά,
676 2716 844 2808 ῶΧάρων.
868 2723 960 2810 ἀλλ’,
976 2723 1072 2814 ὁρᾷς,
1085 2723 1146 2792 ἀντ

163 2829 343 2910 επηχοῦσιν
355 2813 449 2887 οὗτοι
466 2821 684 2906 δακρύοντες·
708 2820 791 2889 ῶστε
803 2820 883 2909 ἡμῖν
896 2821 933 2891 τό
949 2817 1038 2913 ᾆσμα
1052 2827 1165 2891 ἐπιτα-

162 2920 373 3009 ραγθήσεται.

245 3023 295 3085 20.
319 3022 498 3084 NEKPOI.
522 3023 621 3103 Οίμοι
637 3025 705 3085 τῶν
721 3018 905 3105 κτημάτων.
919 3064 962 3075 -
983 3027 1082 3105 Οίμοι
1096 3025 1164 3086 τῶν

162 3118 285 3204 ἀγρῶν.
300 3156 342 3167 -
364 3111 521 3200 Ὀττοτοῖ,
541 3113 603 3202 τήν
620 3122 728 3183 οἰκίαν
743 3120 819 3184 οἵαν
836 3115 1006 3185 ἀπέλιπον.
1024 3158 1067 3167 -
1081 3115 1164 3184 Ὅσα

161 3216 305 3283 τάλαντα
326 3209 343 3280 ὁ
364 3213 571 3298 κληρονόμος
587 3214 754 3299 σπαθήσει
774 3216 986 3303 παραλαβών.
1012 3256 1049 3266 -
1074 3220 1164 3298 Aean

160 3319 229 3381 τῶν
240 3318 389 3396 νεογνῶν
400 3336 456 3397 μοι
468 3314 618 3378 παιδίοιν.
631 3352 674 3364 -
693 3319 749 3392 Τίς
763 3313 827 3398 ἀρα
838 3313 896 3394 τάς
906 3313 1072 3402 ἀμπέλους
1082 3338 1159 3397 τρυ·

161 3410 271 3495 γήσει,
288 3406 327 3487 ἃς
341 3412 483 3495 πέρυσιν
499 3410 750 3496 ἐφυτευσάμηνς
