2550 3825
161 229 224 291 310
508 234 815 293 AOYKIANOT

161 388 243 460 αύτό
265 415 332 458 που
348 388 466 477 σχεδόν
488 391 525 458 τό
545 391 763 476 μεσονύκτιον
779 390 871 478 ἥκεις
889 394 941 461 ἐπὶ
963 390 999 459 τό
1023 397 1162 459 δεῖπνον

163 486 280 556 οὐκέθ’
299 486 417 573 ὁμοίως
433 494 561 573 ἔντιμος
577 485 656 556 οὐδὲ
673 495 888 575 περίβλεπτος
901 504 969 568 τοῖς
983 496 1162 574 παροῦσιν,

162 583 234 654 ἀλλ’
251 583 293 671 ἦν
308 613 356 662 τις
367 582 465 663 άλλος
476 587 651 672 ἐπεισέλθῃ
662 587 887 671 νεαλέστερος,
904 589 937 664 ές
947 585 1093 654 τοῦπίσω
1105 587 1163 670 σῦ,

163 685 216 751 καὶ
234 681 339 759 οὕτως
354 684 386 759 ές
400 679 463 767 την
479 682 678 768 ἀτιμοτάτην
698 691 823 766 γωνίαν
839 685 994 763 ἐξωσθεὶς
1009 684 1164 750 κατάκει-

162 800 215 848 σαι
231 780 358 866 μάρτυς
371 780 556 865 μόνοντῶν
567 784 869 866 παραφερομένων,
885 779 925 847 τά
937 778 1032 866 ὀστᾶ,
1049 787 1079 847 εί
1087 785 1164 865 έφί-

162 903 252 945 κοιτο
280 878 373 962 μέχρι
399 885 477 960 σοῦ,
503 877 655 960 καθάπερ
680 882 715 944 οί
734 878 835 956 κύνες
856 884 1059 966 περιεσθίων
1079 873 1100 963 ἢ
1122 875 1162 944 τό

163 971 308 1061 σκληρόν
329 981 385 1059 τῆς
398 974 544 1059 μαλάχης
561 975 706 1060 φύλλον,
728 967 755 1064 ᾦ
776 973 816 1042 τά
838 973 920 1043 ἄλλα
938 983 1162 1059 συνειλοῦσιν,

163 1080 193 1141 εί
205 1071 414 1157 ὑπεροφθείη
428 1069 493 1138 ύπδ
510 1078 577 1137 τῶν
591 1077 918 1158 προκατακειμένων,
937 1071 1078 1159 άσμενος
1094 1069 1161 1138 ὑπὸ

95 1181 146 1236 684
164 1176 261 1255 λιμοῦ
275 1167 524 1253 παροψώμενος.
549 1165 588 1236 οῦ
604 1167 671 1254 μὴν
682 1167 760 1237 οῦδὲ
774 1168 794 1255 ἡ
809 1169 892 1256 άλλη
906 1170 1003 1258 ὕβρις
1013 1170 1162 1253 ἄπεστιν,

164 1264 238 1335 ἀλλ’
255 1264 332 1333 οῦτε
348 1263 418 1355 ςόδν
432 1272 513 1351 ἔχεις
527 1267 629 1352 μόνος
646 1309 681 1318 -
696 1266 738 1334 ού
751 1265 816 1354 γάρ
830 1265 1012 1353 άναγκαίόν
1026 1270 1093 1334 ἐστι
1109 1269 1163 1332 καὶ

165 1371 201 1435 σὲ
220 1372 287 1433 τῦν
304 1362 414 1431 αύτῦν
434 1361 485 1432 dez
501 1379 568 1442 τοῖς
588 1367 693 1444 ξένοις
712 1368 767 1433 καὶ
782 1362 963 1450 άγνύστοις
984 1362 1163 1431 άντιποιεῖ-

164 1473 260 1531 σθαι·
276 1460 496 1547 ἀγνωμοσύνη
508 1460 572 1547 γάρ
584 1460 624 1547 δὴ
636 1462 734 1530 τοῦτό
746 1487 783 1547 γε
792 1503 835 1513 -
843 1461 919 1530 οῦτε
930 1459 951 1548 ἡ
963 1460 1056 1545 ὅρνις
1065 1458 1163 1546 ὁμοία

164 1576 233 1640 ταίς
252 1557 380 1645 άλλαις,
405 1556 487 1627 ιἰλλδι
507 1567 552 1650 τῷ
568 1565 629 1646 μὲν
648 1567 788 1645 πλησίον
808 1574 924 1646 παχεῖα
939 1563 995 1627 καὶ
1014 1558 1163 1645 πιμελής,

165 1663 216 1727 σοί
231 1660 267 1725 δὲ
281 1655 414 1737 νεοττός
429 1656 587 1745 ἡμίτομος
600 1654 620 1743 ἢ
639 1658 745 1743 φάττα
759 1683 808 1734 τις
824 1654 1048 1742 ῦπύσκληρος,
1066 1652 1164 1742 ῦβρις

165 1755 323 1840 άντικρυς
335 1756 390 1822 καί
401 1752 520 1842 ἀτιμία.
533 1755 692 1833 πολλάκις
702 1757 738 1821 δὲ
749 1749 793 1840 ἢν
805 1757 948 1823 ἐπιλίποι
959 1755 1065 1821 άλλου
1074 1748 1165 1829 τινός

165 1858 339 1940 αἰφνιδίως
354 1853 587 1936 ἐπιπαρόντος,
603 1851 768 1940 άράμενος
780 1851 797 1921 ὁ
810 1853 963 1931 διάκονος
976 1849 1015 1920 τά
1034 1853 1086 1920 σοὶ
1100 1875 1165 1919 πα·

166 1958 343 2037 ρακείμενα
361 1954 473 2036 φέρων
490 1953 605 2039 ἐκείνῳ
621 1956 861 2034 παρατέθεικεν
876 1948 1165 2035 ὑποτονθορύσας,

166 2046 220 2117 Σῦ
235 2047 299 2135 γάρ
314 2046 468 2135 ἡμέτερος
485 2046 527 2115 εί·
549 2053 753 2134 τεμνομένου
767 2050 828 2135 μέν
843 2049 908 2135 γάρ
928 2054 964 2117 έν
981 2058 1027 2139 τῷ
1042 2044 1163 2137 μέσφῆ

166 2146 246 2225 συός
263 2144 487 2232 ὑπογαστρίου
503 2141 524 2231 ἦ
541 2148 684 2231 ἐλάφου,
705 2146 765 2233 χρὴ
788 2151 824 2215 εἰι
841 2145 964 2226 παντὸς
979 2147 1000 2233 ἢ
1016 2145 1076 2214 τόν
1092 2152 1164 2213 δια-

166 2250 308 2333 νέμοντα
322 2248 422 2313 ἵλεων
437 2250 522 2329 ἔχειν
535 2240 556 2329 ἢ
571 2242 632 2330 τὴν
642 2249 849 2331 Προμηθέως
863 2250 980 2332 μερίδα
990 2247 1166 2332 φέρεσθαι,

167 2346 245 2413 ὀστᾶ
261 2347 491 2430 κεκαλυμμένα
505 2350 545 2432 τῇ
559 2351 688 2431 πιμελῇ.
711 2342 748 2410 τό
759 2342 823 2429 γάρ
834 2352 880 2434 τῷ
892 2344 953 2430 μέν
963 2341 1046 2428 ὑπὲρ
1058 2344 1094 2409 σὲ
1105 2339 1167 2425 τὴν

99 2454 149 2508 685
168 2444 297 2513 λοπάδα
313 2445 531 2528 παρεστάναι,
548 2441 615 2509 ἔστ’
627 2439 671 2509 άν
681 2441 893 2532 άπαγορεύση
907 2441 1167 2529 ἐμφορούμενος,

167 2542 203 2610 σὲ
218 2544 254 2609 δὲ
271 2540 358 2607 οῦτω
371 2545 490 2625 ταχέως
500 2545 745 2627 παραδραμεῖν,
759 2548 825 2610 τίνι
840 2540 988 2627 φορητόν
999 2542 1167 2628 ἐλευθέρῳ

167 2640 264 2725 άνδρί
285 2636 349 2706 κάν
369 2637 498 2726 ὁπόσην
515 2646 550 2708 αι’
572 2646 690 2725 ἔλαφοι
710 2637 772 2725 τὴν
794 2636 897 2725 χολὴν
914 2645 1038 2724 έχοντι;
1060 2642 1167 2703 καίτοι

168 2737 298 2806 οῦδέπω
315 2742 418 2805 ἐκεῖνο
435 2744 538 2822 ἔφην,
563 2736 613 2805 ὅτι
629 2746 696 2805 των
710 2736 820 2806 άλλων
832 2736 970 2822 ἥδιστόν
982 2762 1017 2803 τε
1033 2737 1087 2803 καὶ
1101 2760 1167 2801 πα-

168 2834 341 2904 λαιότατον
363 2833 456 2903 οἶνον
477 2834 645 2903 πινόντων
665 2837 768 2923 μόνος
790 2834 833 2905 σύ
853 2836 1003 2921 πονηρόν
1022 2860 1097 2901 τινα
1112 2836 1169 2901 καὶ
1265 2875 1266 2878 ¹

168 2933 277 3020 παχύν
291 2941 406 3019 πίνεις,
421 2935 621 3020 θεραπεύων
636 2932 687 3003 άεδ
698 2938 735 3002 ἐν
745 2933 880 3025 άργύρφ
891 2930 912 3020 ἢ
923 2939 1033 3021 χρυσῷ
1045 2938 1169 3016 πίνειν,

169 3031 213 3112 ῦς
229 3032 273 3120 μη
298 3035 483 3117 ἐλεγχθείης
502 3029 566 3099 άπδ
586 3040 646 3099 τοῦ
669 3033 838 3119 χρώματος
858 3031 964 3110 οὕτως
985 3029 1099 3115 άτιμος
1119 3024 1169 3096 ω”ν
1265 3073 1266 3102 ,

168 3133 348 3219 ξυμπότης·
373 3134 428 3199 καί
452 3140 523 3200 είθε
543 3156 581 3216 γε
598 3127 663 3198 κάν
685 3133 815 3198 ἐκείνου
835 3132 867 3208 ἐς
887 3129 990 3215 κόρον
1004 3121 1048 3215 ἦν
1068 3142 1169 3203 πιεῖν,

168 3239 232 3299 νῦν
250 3232 285 3299 δὶ
299 3231 456 3310 πολλάκις
466 3231 660 3317 αἰτήσαντος
675 3227 782 3307 ὁπαίς
796 3224 893 3314 ,,ούδ’
907 3225 1013 3296 άλοντι
1025 3232 1170 3295 ἔοικεν.“

167 3334 217 3398 27.
240 3328 319 3417 ἀνιᾷ
341 3329 381 3415 δή
403 3350 439 3396 σε
456 3326 561 3397 πολλά
579 3332 632 3395 καὶ
653 3323 763 3414 άθρόα
780 3331 834 3397 καὶ
853 3325 971 3413 σχεδόν
989 3323 1029 3393 τά
1047 3325 1168 3410 πάντα,

167 3432 221 3495 καὶ
233 3429 372 3512 μάλιστα
390 3424 471 3494 όταν
488 3449 525 3495 σε
546 3431 775 3515 παρευδοκιμῇ
790 3427 936 3504 κίναιδός
955 3452 1003 3503 τις
1022 3420 1044 3509 ἢ
1067 3420 1171 3510 ὀρχη*
