2550 3825
168 172 209 237 28
518 177 814 236 ΛΟῬΚΙΑΝΟΥ

253 334 355 423 βάλλ’
373 334 493 421 οὕτως,
510 345 548 404 αῖ
560 338 618 403 κέν
632 362 664 403 τι
680 335 772 422 φόως
786 334 944 421 ἄνδρεσσι
957 342 1082 424 γένηαι.

170 431 281 518 ὥσπερ
295 432 360 519 γάρ
379 439 413 502 οί
425 441 487 502 τοῦ
503 440 655 518 Φρυγίου
672 431 779 500 αὐλοῦ
793 430 973 512 άκοάοντες
986 430 1028 502 οὗ
1044 433 1165 512 πάντες
1262 441 1263 444 ’

169 539 354 617 μαίνονται,
371 530 445 601 ἀλλ’
462 530 580 600 ὁπόσοι
595 530 708 599 αὐτῶν
721 538 762 620 τῇ
772 528 841 621 Ῥέα
856 532 1093 619 λαμβάνονται,
1104 522 1166 599 οὖ-

167 655 219 697 τοι
233 631 270 697 δὲ
284 627 368 715 πρὸς
383 629 420 698 τὸ
438 633 535 717 μέλος
548 627 857 715 ὑπομιμνήσκονται
872 636 933 697 τοῦ
944 630 1088 715 πάθους,
1104 627 1164 697 οὕ-

166 752 213 793 τω
229 726 269 814 δή
286 731 341 797 καὶ
362 729 561 816 φιλοσόφων
583 725 764 805 άκοάοντες
785 724 827 794 οὐ
841 727 963 805 πάντες
983 733 1097 795 ἔνθεοι
1111 728 1165 795 καλ

167 833 364 912 τραυματίαι
381 823 529 910 ἀπίασιν,
548 821 621 892 ἀλλ’
639 819 687 901 οἷς
700 821 792 909 ὑπῆν
802 851 834 892 τι
848 826 885 891 έν
895 832 935 911 τῇ
949 824 1050 909 φάσει
1067 833 1165 906 φιλο-

168 928 288 1007 σοφίας
302 927 469 1008 συγγενές.

254 1023 305 1088 38.
327 1027 447 1091 ΕΤΑΙ.
464 1017 524 1097 Ὡς
537 1016 643 1103 σεμνά
659 1019 714 1085 καὶ
728 1019 902 1103 θαυμάσια
917 1020 973 1086 καὶ
985 1018 1064 1086 θεῖά
1078 1010 1166 1104 γε,ά

114 1118 145 1172 8¹
170 1116 287 1201 ἑταῖρε,
305 1115 517 1204 διελήλυθας,
534 1115 704 1203 ἐλελήθεις
717 1119 753 1183 τε’
765 1142 806 1202 με
826 1123 950 1203 πολλῆς
970 1115 1014 1196 ὡς
1031 1116 1166 1203 άληθῶς

168 1220 227 1298 τῆς
241 1211 425 1301 ἀμβροσίας
440 1217 497 1283 καὶ
515 1222 577 1282 τοῦ
597 1221 707 1282 λωτοῦ
726 1217 982 1301 κεκορεσμένος·
1008 1213 1091 1282 ὥστε
1111 1217 1166 1282 καλ

168 1310 290 1399 μεταξὺ
302 1320 366 1380 σοῦ
378 1314 533 1399 λέγοντος
549 1314 694 1398 ἔπασχόν
708 1338 739 1380 τι
754 1314 791 1379 έν
804 1316 953 1401 τῇθνχή,
968 1315 1023 1382 καὶ
1033 1334 1166 1380 παυσα-

168 1414 273 1495 μένου
288 1409 434 1498 άχθομαι
449 1413 504 1479 καὶ
517 1412 574 1477 ἵνα
591 1407 630 1496 δή
650 1407 801 1478 καὶκατὰ
819 1413 857 1477 σὲ
872 1420 971 1497 εἴπω,
986 1414 1165 1497 τέτρωμαι·

168 1507 282 1595 καὶμὴ
296 1508 492 1596 θανμάσης·
514 1506 613 1576 οἶσθα
622 1504 688 1593 γάρ
702 1506 753 1575 ὅτι
763 1508 861 1576 καλοί
869 1506 953 1593 πρὸς
967 1515 1035 1575 τῶν
1051 1515 1166 1576 κυνῶν

167 1613 235 1673 τῶν
257 1608 455 1674 λυττώντων
476 1608 654 1692 δηχθέντες
676 1602 739 1673 οὐκ
759 1602 854 1673 αὐτοὶ
875 1606 974 1692 μόνοι
988 1614 1165 1690 λυττῶσιν,

167 1701 251 1771 άλλά
266 1704 331 1771 κάν
346 1730 440 1782 τινας
455 1706 587 1788 ἑτέρους
602 1706 639 1771 έν
652 1711 693 1792 τῇ
708 1709 811 1793 μανία
825 1701 862 1772 τὸ
879 1704 961 1773 αὐτὰ
977 1712 1075 1772 τοῦτο
1090 1709 1166 1772 δια-

166 1806 265 1884 θάσι,
280 1803 336 1869 καὶ
347 1800 441 1869 αὐτοὶ
453 1807 613 1887 ἔκφρονες
622 1808 811 1886 γίγνονται·
833 1810 1089 1890 συμμεταβαίνει
1099 1804 1167 1889 γάρ

166 1904 272 1966 τετοῦ
287 1900 421 1979 πάθους
434 1898 503 1986 άμα
516 1906 562 1989 τῷ
585 1898 726 1986 δήγματι
745 1902 802 1967 καὶ
821 1907 1054 1986 πολυγονεῖται
1067 1896 1088 1987 ἡ
1105 1899 1168 1969 νά·

167 2021 225 2076 σος
239 2001 295 2066 καὶ
308 1997 412 2085 πολλή
427 2006 575 2084 γίγνεται
589 2005 648 2085 τῆς
661 2004 781 2083 μανίας
796 1999 942 2085 διαδοχή.

251 2103 381 2164 AOYK.
407 2094 544 2164 Οὐκοῦν
559 2098 613 2164 καί
627 2094 729 2174 αὐτὸς
741 2094 822 2181 ἡμῖν
833 2099 915 2180 ἐρᾶν
931 2093 1123 2183 ὁμολογεῖςς

250 2201 370 2262 ΕΤΑΙ.
398 2195 499 2260 Πάνυ
513 2197 575 2278 μὲν
591 2187 673 2278 οὖν,
697 2196 752 2262 καὶ
766 2197 901 2276 προσέτι
917 2198 1035 2281 δέομαί
1047 2199 1087 2282 γέ
1101 2216 1166 2264 σου

166 2291 285 2378 κοινήν
298 2319 372 2360 τινα
387 2291 448 2378 τήν
470 2296 655 2375 θεραπείαν
669 2294 823 2360 ἐπινοεῖν.

110 2392 145 2447 8²
250 2398 380 2460 AOTK.
405 2389 450 2458 Τό
463 2397 523 2458 τοῦ
539 2387 603 2473 άρα
621 2393 776 2476 Τηλέφου
791 2388 921 2476 ἀνάγκη
934 2404 1051 2458 ποιεῖν.

251 2496 369 2558 ΕΤΑΙ.
394 2497 501 2557 Ποῖον
520 2481 564 2554 αὖ
579 2490 701 2573 λέγεις;
1060 2516 1065 2527 ·

252 2594 381 2654 AOYK.
404 2587 471 2654 Ἐπὶ
485 2584 546 2653 τὸν
559 2585 733 2670 τρώσαντα
750 2588 911 2666 ἐλθόντας
926 2594 1044 2656 ἰᾶσθαι
1059 2613 1163 2673 παρα-

167 2693 290 2754 καλεῖν.

561 2868 765 2875 m*

349 3058 508 3124 ΔΙΚΗ
544 3057 981 3126 ΦΩΝΗΕΝΤΩΝ.

252 3268 280 3332 l.
303 3260 373 3332 Ἐπὶ
391 3261 551 3348 ἄρχοντος
574 3260 787 3348 Ἀριστάρχου
807 3265 1003 3348 Φαληρέως,
1026 3268 1166 3329 Πυανε·

168 3368 292 3440 διωνος
308 3359 433 3448 ἑβδόμη
449 3362 640 3445 ἱσταμένου,
653 3358 789 3447 γραφήν
805 3365 901 3427 ἔθετο
911 3354 948 3426 ιδ
959 3365 1070 3448 Σῖγμα
1079 3354 1166 3443 πρὸς

405 3614 436 3673 ¹.
