2550 3825
510 152 689 211 ΤΙΜΩΝ.
1055 149 1098 214 49

96 309 156 378 οῦκ
175 308 410 397 ἐκκλησιαστὴς
431 310 693 396 ψηφοφορήσας,
714 308 757 377 ον’
773 310 940 398 τύραννος
959 314 1098 400 όπιβον-

94 408 213 485 λεόσας
227 405 412 493 ἀφελέσθαι
428 405 556 474 δύναιτ’
573 404 625 474 ἀν.
650 412 700 477 37.
716 410 902 494 ἐρρωμένος
914 417 1096 497 τοιγαροῦν

8 560 9 575 2
94 502 158 571 ῦπό
169 512 238 572 τῶν
248 502 364 572 πόνων
374 500 435 571 τόν
448 501 556 590 ἀγρόν
569 505 703 571 τουτονί
712 504 904 590 φιλοπόνως
918 506 1096 593 ἐργαζόμε-

94 626 167 684 νος,
183 598 283 668 οῦδὲν
297 599 387 683 δρῦν
402 607 471 667 τῶν
487 606 524 667 ἐν
538 600 629 667 άστει
644 608 773 683 κακῶν,
788 598 889 669 ίκανά
903 605 960 670 καί
975 607 1095 689 διαρκῆ

93 704 155 784 ἔχω
169 694 209 764 τά
224 695 346 783 ἀλφιτα
362 695 452 783 παρά
466 704 524 783 τῆς
537 697 696 784 δικέλλης.
720 695 804 766 ὥστε
817 705 1051 786 παλίνδρομος,
1068 693 1096 767 ά

89 793 203 882 Ἑρμῆ,
226 794 324 863 ἀπιθι
342 792 402 863 τὸν
416 802 573 863 Πλοῦτον
588 792 777 881 1ἀπαγαγῦν
796 804 843 887 τῷ
862 804 936 866 Διί·
966 800 1038 885 ἐμοὶ
1057 798 1094 865 δὲ

92 898 189 961 τοῦτο
204 890 324 961 ίκανῦν
343 886 403 980 ἦν,
424 893 551 971 πάντας
568 890 774 978 ἀνθρώπους
791 890 921 980 ῆβηδόν
941 895 1093 980 οἰμώζειν

91 998 235 1076 ποιῆσαι.

174 1095 278 1157 EPM.
301 1093 489 1176 Μηδαμῶς,
506 1080 635 1174 ἀγαθέ·
657 1085 699 1155 ον’
714 1086 778 1174 γὰρ
790 1090 913 1171 πάντες
927 1094 1010 1160 εἰσίν
1021 1094 1091 1160 ἐπι-

90 1188 215 1275 τήδειοι
228 1186 311 1274 πρὸς
325 1189 481 1274 οἰμωγήν.
505 1184 578 1256 ἀλλ’
596 1191 634 1255 ἔα
647 1185 688 1253 τά
702 1184 818 1281 όργίλη
831 1195 935 1256 ταῦτα
950 1192 1006 1258 καὶ
1018 1216 1090 1275 μει-

92 1288 240 1372 ραιαάδη
260 1289 314 1354 καί
334 1285 395 1354 τόν
413 1292 569 1354 Πλοῦτον
588 1287 770 1371 παράλαβε.
804 1284 897 1353 οῦτοι
918 1283 1091 1373 ἀπόβλητά

90 1390 159 1455 ἐστι
173 1384 214 1455 τά
228 1392 319 1473 δοῦρα
334 1385 374 1454 τά
389 1384 478 1473 παρά
497 1394 558 1453 τοῦ
571 1386 663 1464 Διός.

175 1490 337 1552 ΠΛΟῬΤ.
362 1484 497 1569 Βούλει,
516 1475 686 1568 άΤίμων,
704 1484 997 1571 δικαιολογήσομαι
1006 1485 1091 1569 πρὸς

90 1583 145 1662 σός
163 1576 186 1666 ῆ
201 1587 407 1666 χαλεπαίνεις
422 1604 480 1666 μοι
492 1582 640 1665 λέγοντις

177 1684 273 1745 ΤΙΜ.
309 1680 411 1764 Λέγε,
432 1675 476 1765 μῆ
497 1674 607 1763 μακρά
623 1680 752 1764 μέντοι,
772 1683 857 1764 μηδὲ
872 1676 954 1765 μετὰ
973 1706 1091 1766 προοι-

89 1784 193 1861 μίων,
218 1774 327 1859 ὥσπερ
352 1780 386 1844 οί
405 1780 586 1861 ἐπίτριπτοι
606 1776 759 1864 ῥήτορες
790 1774 949 1863 ἀνέξομαι
967 1778 1033 1865 γάρ
1053 1801 1090 1847 σε

89 1866 186 1960 ὀλίγα
200 1876 338 1960 λέγοντα
352 1871 406 1942 διά
421 1871 481 1943 τὸν
491 1870 615 1960 Ἑρμῆν
629 1880 770 1942 τοντονί.

135 1995 139 2004 ·
174 1976 226 2039 38.
257 1979 419 2041 ΠΛΟῬΤ.
445 1970 562 2059 Ἐχρῆν
578 1973 641 2059 μὲν
662 1981 741 2050 ίσος
766 1976 821 2040 καί
840 1971 951 2059 μακρά
972 1981 1088 2062 είπείν,
1109 1994 1159 2047 150

88 2069 179 2139 οὕτω
194 2068 299 2139 πολλοὶ
314 2068 382 2138 ῦπῦ
399 2078 461 2138 σοῦ
476 2074 763 2158 κατηγορηθέντα·
783 2068 874 2156 ὅμως
888 2071 924 2139 δὲ
938 2071 1002 2159 ὅρα
1016 2081 1051 2140 εί
1059 2080 1094 2141 τί

87 2192 145 2258 σε,
163 2169 209 2249 ὡς
222 2171 303 2257 φῆς,
320 2169 478 2259 ῆδίκηκα,
494 2169 531 2250 δς
544 2177 612 2238 τῦν
626 2171 689 2257 μὲν
702 2167 847 2257 ἡδίστων
863 2167 1022 2239 ἁπάντων
1035 2181 1090 2240 αί-

87 2269 158 2348 τιός
172 2288 227 2336 σοι
238 2272 407 2356 κατέστην,
423 2275 518 2356 τιμῆς
528 2270 583 2336 καί
593 2272 770 2353 προεδρίας
780 2268 835 2336 καί
844 2267 1022 2352 στεφάνων
1035 2272 1090 2336 καὶ

88 2379 146 2456 τῆς
159 2367 263 2456 άλλης
276 2377 422 2456 τρυφῆς,
444 2371 661 2458 περίβλεπτός
679 2396 715 2438 τε
736 2372 792 2438 καί
806 2367 956 2456 ἀοίδιμος
972 2371 1017 2439 δι’
1033 2373 1089 2459 ἐμὲ

87 2460 180 2553 ἦσθα
194 2468 250 2534 καί
263 2467 562 2551 περισπούδαστος·
590 2475 621 2537 εί
633 2471 673 2536 δέ
689 2495 721 2536 τι
735 2471 878 2555 χαλεπὸν
895 2473 931 2537 ἐκ
945 2477 1013 2537 τῶν
1030 2497 1090 2538 κο-

86 2565 204 2634 λάκων
225 2567 414 2652 πέπονθας,
436 2563 583 2645 ἀναίτιος
604 2566 670 2652 ἔχω’
689 2585 758 2634 σοι·
788 2567 966 2652 μᾶλλονδὲ
989 2563 1089 2646 αάτδς

87 2660 246 2750 η’δίκημαι
259 2670 357 2731 τοῦτο
369 2659 435 2730 ὑπὸ
448 2671 527 2749 σοῦ,
550 2662 634 2732 διότι
651 2689 692 2749 με
709 2661 816 2743 οὕτως
827 2660 948 2750 ἀτίμως
963 2662 1090 2751 ὑπόβα-

84 2771 140 2841 λες
157 2760 302 2848 ἀνδράσι
322 2763 518 2848 καταράτοις
535 2766 711 2831 ἐπαινοῦσι
731 2765 786 2831 καί
799 2764 1089 2849 ,καταγοητεύουσι

84 2863 140 2929 καί
156 2859 269 2928 πάντα
284 2860 411 2945 τρόπον
426 2862 685 2948 ἐπιβουλεύουσί
696 2887 769 2946 μοι·
797 2863 852 2930 καί
865 2861 906 2929 τό
919 2886 958 2947 γε
974 2870 1089 2931 τελευ-

20 2983 24 2988 ’
84 2973 181 3028 ταίον
197 2963 348 3044 ἔφησθα,
370 2955 413 3036 ἀς
433 2959 627 3043 προδέδωκά
644 2978 698 3045 σε,
719 2957 917 3028 τούναντίον
936 2961 973 3028 δὲ
988 2957 1089 3040 αῦτδς

83 3057 302 3143 ίγκαλέσαιμί
319 3075 373 3123 σοι
395 3056 504 3124 πάντα
523 3058 650 3144 τρόπον
670 3055 848 3136 ἀπελαθεὶς
867 3053 934 3125 ῦπῦ
955 3065 1019 3125 σοῦ
1033 3060 1088 3126 καὶ

84 3156 138 3222 ἐπὶ
154 3151 306 3240 κεφαλῆν
324 3157 479 3234 ἐξωσθεὶς
493 3161 550 3241 τῆς
564 3161 677 3234 οίκίας.
698 3163 879 3241 τοιγαροῦν
892 3151 966 3224 ἀντὶ
981 3165 1089 3241 μαλα-

83 3258 145 3339 κῆς
159 3255 315 3336 χλανίδος
326 3253 452 3340 ταύτην
466 3250 528 3339 τῆν
542 3256 711 3338 διφθέραν
723 3249 744 3339 ῆ
760 3250 937 3338 τιμιωτάτη
953 3271 1006 3320 σοι
1019 3261 1087 3321 Πε-

84 3357 139 3418 νία
165 3351 403 3436 περιτέθεικεν.
435 3348 518 3418 ὥστε
538 3350 665 3436 μάρτυς
684 3348 703 3417 ὁ
726 3347 845 3435 Ἑρμῆς
865 3346 994 3433 οῦτοσί,
1017 3359 1087 3428 πῶς

171 3473 276 3513 tuem«.
299 3458 320 3511 Ι.
902 3452 923 3512 4
