2550 3825
181 189 244 253 392
554 195 857 257 AOYKIANOY

181 358 248 420 τῶν
263 355 299 420 ἐκ
313 359 369 439 τῆς
388 353 606 441 πανηγύρεως
620 351 774 440 ἡκόντων
787 356 1058 442 πυνθανόμενοι,
1081 360 1137 425 καί
1155 367 1182 425 εί

182 451 248 518 ποό
263 476 301 537 γε
319 459 438 538 φανείη
454 452 576 539 μόνον,
593 455 760 519 ἐδείκνυτο
774 446 818 519 άν
828 461 875 544 τῳ
889 455 1057 544 δακτόλῳ,
1075 445 1182 531 Οὖτις
1253 524 1254 531 χ

20 571 23 620 3
81 625 88 644 .
181 554 304 629 ἐκεῖνος
314 547 491 636 Ἡρόδοτός
507 555 596 620 ἐστιν
613 549 630 618 6
647 549 705 629 τάς
720 551 824 636 μάχας
837 550 896 630 τάς
910 551 1075 636 Περσικὰς
1088 551 1181 622 Ἰαστί

181 649 436 735 συγγεγραφώς,
455 647 543 728 ὁτάς
554 658 648 728 νίκας
661 646 757 738 ἡμῶν
768 645 926 735 ὑμνήσας.
948 657 1083 716 τοιαῦτα
1096 653 1181 717 ἐκεῖ·
1253 734 1255 745 ,

110 757 164 814 834
177 747 239 822 ’νος
255 742 419 815 άπέλαυσε
433 754 501 815 τάν
523 752 695 831 ἱστοριῶν,
718 749 755 814 ἐν
774 755 833 836 μιᾷ
855 747 988 836 συνόδῳ
1006 746 1181 832 πάνδημόν
1253 754 1255 801 ἵ

20 841 22 866 ³
181 868 255 908 τινα
275 843 464 932 καὶκοινὴν
480 853 596 932 ψῆφον
612 852 669 931 τῆς
683 842 838 922 Ἑλλάδος
852 841 966 931 λαβδν
985 847 1040 912 καλ
1055 841 1178 928 άνακη

182 943 316 1026 ρυχθελς
337 941 397 1029 οὐχ
414 942 476 1029 ὑφ’
501 942 574 1021 ἑνός
589 940 634 1029 μά
653 949 720 1010 Δία
734 943 894 1028 κήρυκος,
918 938 992 1009 άλλ’
1014 945 1051 1010 ἐν
1071 939 1181 1030 άπάση

181 1039 286 1125 πόλει,
296 1036 381 1106 ὅθεν
392 1042 527 1120 ἕκαστος
537 1033 581 1126 ἦν
591 1047 658 1107 τῶν
668 1045 934 1126 πανηγυριστῶν.
951 1043 980 1105 3.
992 1035 1074 1122 ὅπερ
1085 1035 1180 1104 6¹⁶st-
1253 1086 1254 1091 κ

181 1160 243 1221 ρον
257 1138 534 1226 κατανοήσαντες,
557 1140 713 1225 ἐπίτομόν
727 1144 802 1206 τινα
816 1139 941 1223 ταύτην
955 1134 1037 1204 ὁδόν
1051 1139 1084 1214 ἐς
1093 1144 1182 1226 γνῷ·
1253 1152 1254 1157 ’

180 1255 251 1322 σιν,
271 1235 396 1316 Ἱππίας
411 1265 446 1306 τε
461 1237 478 1306 6
497 1239 667 1325 ἐπιχώριος
685 1236 795 1306 αὐτῶν
814 1236 973 1325 σοφιστης
987 1239 1042 1305 καί
1055 1236 1182 1322 Πρόδι-

180 1361 237 1414 κος
254 1332 272 1403 6
290 1343 388 1417 Κεῖος
402 1342 456 1406 καὶ
475 1336 683 1425 Ἀναξιμένης
701 1335 719 1405 6
733 1346 813 1415 Χῖος
827 1339 882 1404 καὶ
894 1343 1013 1415 Πῶλος
1029 1333 1046 1406 ὁ
1065 1335 1182 1421 Ἀκρα-

179 1447 333 1519 γαντῖνος
346 1439 400 1505 καί
420 1435 515 1506 άλλοι
534 1439 650 1524 συχνοὶ
670 1437 791 1522 λόγους
813 1440 928 1520 ἔλεγον
948 1433 998 1503 ἀεὶ
1018 1437 1074 1502 καλ
1088 1431 1182 1501 αὐτοὶ

180 1531 263 1620 πρός
274 1533 335 1622 τὴν
345 1536 544 1624 πανήγυριν,
560 1535 614 1624 ἀφ’
629 1529 677 1604 τόν
687 1535 849 1622 γνώριμοι
860 1536 900 1600 ἐν
906 1540 1023 1620 βραχεῖ
1030 1535 1181 1619 ε’γίγνον-
1253 1580 1254 1589 1

179 1661 226 1701 το.
259 1638 289 1702 4.
316 1637 371 1702 καί
394 1641 427 1703 τί
446 1658 498 1703 σοι
520 1634 597 1714 τοὺς
617 1632 780 1711 παλαιοὺς
802 1635 949 1712 ἐκείνους
974 1637 1060 1717 λέγω
1082 1651 1182 1716 σοφι-

179 1730 257 1809 στάς
272 1734 327 1799 καί
341 1736 552 1818 συγγραφέας
566 1736 620 1801 καὶ
634 1731 883 1819 λογογράφους,
901 1728 988 1798 ὅπου
1003 1733 1058 1797 καὶ
1072 1727 1117 1796 τά
1128 1753 1182 1795 τε-

179 1838 313 1897 λευταῖα
334 1839 435 1897 ταῦτα
451 1835 505 1898 καὶ
524 1829 677 1898 Ἀετίωνά
696 1850 778 1917 φασι
795 1826 854 1896 τόν
877 1829 1069 1914 ζωγράφον,
1098 1847 1183 1911 συγ-
1253 1877 1255 1897 ³

179 1924 353 2012 γράψαντα
362 1925 586 2015 τδνῬυξάνης
595 1931 650 1997 καὶ
660 1926 876 2011 Ἀλεξάνδρου
885 1926 1004 2013 γάμον,
1012 1923 1182 2011 είςὈλνμ-
1253 1964 1255 1970 ·

179 2028 259 2091 πίαν
273 2022 382 2091 καλ’
341 2023 445 2093 αυτόν
461 2025 627 2114 άγαγόντα
641 2054 702 2113 την
715 2026 829 2093 είκόνα
844 2020 1124 2109 ἐπιδείξασθαιῇ
1097 2044 1183 2090 ωστε
1253 2024 1255 2063 ³

179 2125 401 2209 Προξενίδαν,
414 2121 649 2221 Ελλανοδίκην
666 2125 739 2191 τότε
754 2122 851 2209 ὅντα,
868 2120 1015 2208 ησθέντα
1029 2127 1069 2207 τῇ
1084 2123 1184 2206 τέχνη

178 2217 330 2307 γαμβρόν
345 2224 548 2311 ποιήσασθαι
568 2224 627 2294 τόν
645 2223 807 2291 Ἀετίωνα.
839 2228 869 2289 5.
888 2222 942 2290 καὶ
961 2248 992 2287 τι
1005 2244 1041 2286 το
1063 2225 1185 2302 θαῦμα

179 2320 259 2405 ἕνην
275 2345 314 2407 τη
334 2347 447 2411 γραφη
468 2323 588 2410 αὐτοῦ,
613 2321 712 2443 ἤρετό
729 2347 793 2406 τις,
819 2318 862 2398 ὦς
876 2319 936 2387 τόν
944 2316 1183 2402 Ελλανοδίκην
1253 2331 1255 2350 '

179 2414 223 2484 δι’
243 2414 323 2485 αὐτὸ
338 2416 400 2487 οὐκ
418 2424 624 2512 ἐπιχωρίῳ
592 2447 638 2487 τω
624 2408 793 2487 Ἀετίωνι
811 2418 1028 2497 συνάψασθαι
1041 2423 1098 2502 τῆς
1112 2425 1183 2482 θυ·
1253 2477 1255 2486 ,

109 2528 160 2585 835
180 2512 300 2636 γατρός
314 2514 374 2585 τόν
387 2518 513 2645 γάμους
536 2489 655 2587 §aas
640 2546 658 2604 η
673 2517 799 2586 είκων’
783 2545 819 2585 εν
831 2516 956 2603 Ἰταλίᾳ,
972 2512 1063 2600 κάγω
1051 2512 1183 2600 εἶδον,

180 2613 263 2681 ω’στε
276 2617 331 2682 καὶ
346 2618 397 2683 οολ
413 2612 455 2684 άν
471 2644 485 2685 ε
487 2622 606 2686 ίπεῑν”
588 2643 702 2703 εχοιμι.
731 2616 885 2701 θάλαμός
901 2618 967 2682 ἐστι
981 2611 1185 2697 περικαλλης

177 2715 232 2780 καὶ
248 2720 343 2800 κλίνη
361 2716 528 2802 νυμφική,
544 2718 597 2783 καὶ
613 2713 785 2803 ἡῬωξάνη
801 2716 944 2800 κάθηται
959 2713 1133 2799 πάγκαλόν
1149 2740 1185 2779 τι

177 2818 285 2897 χρῆμα
302 2816 475 2899 παρθένον
492 2818 525 2893 ἐς
545 2822 609 2901 γῆν
630 2811 759 2902 ὁρῶσα,
781 2816 960 2899 αἰδουμένη
981 2813 1104 2879 ἑστῶτα
1119 2812 1185 2879 τὸν

174 2907 404 2997 Ἀλέξανδρον·
418 2910 559 2999 Ἔρωτες
575 2916 613 2981 δέ
626 2941 713 2993 τινες
726 2917 915 3000 μειδιῶντες
929 2909 947 2979 ὁ
962 2913 1024 2997 μὲν
1038 2911 1185 2977 κατόπιν

178 3005 321 3093 ἐφεστώς
332 3006 451 3093 άπάγει
461 3018 517 3097 τῆς
528 3010 673 3099 κεφαλῆς
685 3012 746 3099 τὴν
756 3011 949 3095 καλύπτραν
961 3012 1017 3077 καλ
1029 3014 1185 3077 δείκνυσι

176 3114 221 3198 τῷ
236 3113 370 3197 νυμφίῳ
388 3104 638 3196 τηνῬωξάνην,
655 3108 723 3179 ὁδὲ
734 3137 782 3188 τις
796 3109 884 3195 μάλα
902 3113 1064 3186 δουλικῶς
1075 3106 1185 3193 άφαι-

176 3220 230 3289 ρετ
245 3203 282 3275 τό
307 3207 486 3274 σανδάλιον
509 3210 545 3275 ἐκ
565 3218 626 3275 τοῦ
646 3209 763 3296 ποδός,
789 3206 832 3287 ὡς
855 3214 1083 3276 κατακλίνοιτο
1103 3204 1182 3295 ἤδη,

175 3306 275 3384 ἄλλος
287 3313 344 3391 τῆς
357 3310 509 3390 χλανίδος
519 3314 579 3373 τοῦ
590 3306 807 3391 Ἀλεξάνδρου
822 3303 1184 3392 ἐπειλημμένος,”Ερως

175 3401 230 3467 καὶ
244 3394 357 3487 οὗτος,
378 3404 466 3471 ἕλκει
480 3402 584 3474 αὐτόν
599 3404 682 3491 πρὸς
697 3404 758 3494 τὴν
774 3405 938 3489 Ῥωξάνην
954 3407 1045 3473 πάνυ
1062 3413 1182 3481 διαιωτ
