2550 3825
163 172 225 234 104
515 175 814 236 AOYKIANOY

160 339 249 421 ληφέ
261 361 301 421 με
318 337 373 404 καλ
386 335 550 422 ἄχθομαι,
571 338 622 402 ὅτι
639 333 683 421 μὴ
699 337 753 405 καὶ
768 335 868 417 αὐτὸς
883 336 993 426 ὥσπερ
1008 365 1025 408 ο
1041 336 1162 425 Ἀργος

160 429 227 522 ὅλῳ
242 434 376 519 βλέπειν
392 433 536 519 δυ’ναμαι
552 440 597 523 τῷ
611 432 747 520 σάματι.
769 437 857 503 δοκεῖ
875 433 905 503 δ’
922 435 965 503 άν
981 461 1038 523 μοι
1055 443 1164 515 καλῶς

161 531 294 600 δικάσαι
309 533 429 611 πάσαις
446 529 594 611 άποδοδς
607 531 644 600 τό
659 540 774 619 μῆλον.
799 536 854 602 καλ
867 533 932 620 γάρ
947 529 992 602 αὖ
1007 539 1061 604 καλ
1075 536 1163 622 τάδε,

159 629 285 716 ταύτην
300 632 362 716 μέν
378 631 463 699 εἶναι
477 634 665 719 συμβέβηκε
680 638 741 698 τοῦ
754 627 838 708 Διὸς
858 630 1008 718 ἀδελφὴν
1028 635 1083 701 καὶ
1099 659 1162 717 γν-

160 742 274 813 ναϊκα,
297 729 418 809 ταύτας
438 733 475 798 δὲ
496 733 698 816 θυγατέρας·
727 737 797 808 πῶς
818 724 882 798 οὖν
901 730 942 798 οὐ
962 730 1085 818 χαλεπὴ
1108 732 1162 800 καλ

160 824 265 904 οὕτως
279 823 300 913 ἡ
315 836 438 911 κρίσις;

244 946 348 1006 ΕΡΜ.
372 939 444 1008 Οὐκ
462 940 553 1009 οἶδα·
575 939 664 1026 πλην
681 937 741 1026 οὐχ
757 937 830 1007 οἷόν
846 965 882 1006 τε
897 937 1063 1008 άναδῦναι
1079 966 1163 1024 προς

159 1043 220 1103 τοῦ
231 1035 315 1116 Διὸς
329 1044 599 1128 κεκελευσμένον.

90 1165 142 1220 λὸο
244 1155 274 1218 9.
295 1159 394 1220 ΠΛΡ.
410 1150 469 1222 Ἕν
483 1163 597 1240 τοῦτο,
618 1146 770 1240 ολἙρμῆ,
786 1167 902 1220 πεῖσον
913 1150 1030 1237 αὐτάς,
1047 1149 1090 1239 μη
1102 1179 1164 1238 χα-

160 1256 266 1328 λεπῶς
284 1256 370 1337 ἔχειν
384 1281 441 1339 μοι
460 1252 518 1333 τὰς
539 1254 600 1322 δύο
616 1250 676 1331 τάς
694 1250 925 1337 δἐνικημένας,
947 1248 1030 1319 άλλά
1046 1251 1162 1337 μόνων

159 1355 228 1416 τάν
242 1345 431 1436 ὀφθαλμῶν
446 1349 602 1438 ἡγεῖσθαι
618 1349 681 1437 τὴν
697 1355 901 1436 διαμαρτίαν.

245 1455 348 1515 ΕΡΜ.
373 1447 471 1516 Οὕτω
486 1452 567 1535 φασὶ
579 1450 746 1536 ποιήσειν’
771 1446 841 1533 ὥρα
856 1451 895 1516 δέ
904 1469 956 1515 σοι
970 1447 1032 1535 ἤδη
1046 1455 1163 1535 περαί-

160 1571 232 1613 νειν
247 1543 308 1631 τὴν
324 1553 442 1630 κρίσιν.

241 1670 337 1730 ΠΛΡ
351 1663 604 1749 Πειρασόμεθα·
619 1668 654 1728 τί
661 1657 726 1746 γάρ
738 1655 783 1727 δν
793 1661 849 1727 καὶ
859 1660 966 1728 πάθοι
976 1688 1039 1742 τις;
1054 1665 1162 1729 έκεῖνο

160 1761 196 1828 δὲ
215 1761 378 1846 πρότερον
398 1763 520 1828 εἰδέναι
540 1759 722 1846 βούλομαι,
747 1759 870 1842 πότερα
898 1763 1061 1845 ἐξαρκέσει
1081 1780 1163 1828 σκο-

160 1872 235 1927 πεῖν
250 1856 368 1945 αὐτάς,
386 1855 429 1938 ὡς
444 1863 594 1944 ἔχουσιν,
615 1853 636 1945 ἢ
652 1861 706 1925 καλ
721 1855 886 1926 ἀποδῦσαι
902 1859 1012 1945 δεήσει
1025 1856 1109 1949 πρὸς
1121 1857 1161 1927 τὸ

159 1955 291 2044 άκριβὲς
306 1965 363 2044 τῆς
378 1956 569 2037 ἐξετάσεας;

242 2075 346 2135 ΕΡΜ.
381 2075 486 2136 Τοῦτο
508 2070 570 2155 μὲν
593 2066 657 2136 σδν
681 2065 725 2137 ἂν
747 2078 796 2155 εἴη
823 2077 884 2135 τοῦ
906 2074 1078 2157 δικαστοῦ,
1106 2074 1159 2139 καλ

158 2167 355 2253 πρόσταττε,
371 2165 436 2252 ὅπη
451 2170 506 2235 κοιλ
520 2168 639 2245 θέλεις.

241 2288 340 2348 ΠΛΡ.
354 2278 439 2367 Ὅπη
453 2282 508 2348 καὶ
521 2283 627 2361 θέλοις
648 2278 777 2367 γυμνάς
791 2286 874 2349 ἰδεῖν
891 2281 1063 2368 βούλομαι.

241 2386 344 2447 ΕΡΜ.
363 2376 539 2465 Ἀπόδοτε,
555 2370 709 2446 άαῦται·
730 2377 773 2446 σύ
788 2382 824 2447 δὲ
838 2379 1023 2448 ἐπισκόπει·
1046 2377 1110 2465 ἐγώ
1123 2379 1162 2448 δὲ

158 2474 385 2562 ἀπεστράφην.

89 2608 138 2661 261
242 2593 291 2655 10.
312 2594 412 2654 ΗΡΛ.
436 2580 611 2673 Καλῶς,οἶ
622 2588 727 2674 Πάρι·
749 2590 804 2657 καὶ
814 2587 929 2673 προλτη
940 2612 979 2673 γε
989 2585 1161 2655 άποδάσο-

158 2711 233 2771 μαι,
251 2682 341 2763 ὅπως
354 2685 481 2771 μάθης,
507 2683 557 2753 ὅτι
573 2684 616 2772 μη
633 2687 738 2772 μόνας
752 2690 814 2771 ἔχω
828 2684 887 2763 τάς
902 2682 1026 2763 ὠλένας
1040 2683 1163 2764 λευκάς

158 2785 241 2867 μηδὲ
252 2788 297 2872 τῷ
312 2789 437 2869 βοῶπις
451 2781 537 2850 εἶναι
548 2788 631 2869 μέγα
643 2791 776 2870 φρονῶ,
794 2780 844 2850 ἐπ’
859 2793 931 2869 ἴσης
946 2786 985 2849 δέ
993 2789 1058 2868 εἰμι
1070 2790 1162 2851 πᾶσα

157 2880 213 2946 καὶ
227 2876 349 2965 ὁμοίως
364 2880 456 2966 καλή.

241 3000 340 3059 ΠΛΡ.
358 2990 521 3061 ’Λπόδνθι
536 2996 590 3061 καλ
605 2994 667 3078 σύ,
687 2987 911 3081 οἷ’Λφροδίτη.
932 3034 936 3041 ·
990 3029 994 3037 ·

241 3097 311 3159 ΛΘ.
335 3089 395 3177 Μὴ
411 3090 575 3177 πρότερον
588 3089 758 3180 άποδάσης
774 3090 896 3179 αὐτήν,
912 3085 1058 3179 άΠάρι,
1080 3092 1162 3177 πρὶν

158 3184 202 3255 άν
216 3186 276 3256 τὸν
290 3186 409 3258 κεστόν
424 3188 591 3276 άπόθηται
608 3230 646 3241 -
664 3194 829 3277 φαρμακὶς
844 3191 909 3277 γάρ
927 3196 994 3259 ἐστι
1009 3230 1047 3242 -
1064 3187 1109 3276 μή
1121 3210 1162 3259 σε

157 3287 405 3377 καταγοητεάση
419 3284 463 3354 δι’
480 3284 598 3355 αὐτοῦ·
619 3294 726 3356 καίτοι
739 3316 778 3376 γε
792 3292 891 3376 ἐχρῆν
904 3291 987 3376 μηδὲ
1000 3286 1088 3357 οὕτω
1102 3312 1162 3355 κε-

157 3393 431 3477 καλλωπισμένην
454 3402 608 3473 παρεῖναι
633 3388 717 3476 μηδὲ
740 3394 884 3456 τοσαῦτα
904 3390 1162 3473 ἐντετριμμένην
