2550 3825
314 206 557 267 ΝΕΚΡΙΚΟΙ
575 207 831 265 ΔΙΑΛΟΓΟΙ.
1013 200 1071 261 181

154 372 184 434 2.
211 373 318 435 ΜΕΝ.
337 363 423 433 Ἀλλ’
441 364 515 449 ούχλ
528 368 582 433 καί
597 364 664 432 ὑπὸ
678 374 758 451 γῆν,
774 362 819 443 ὡς
833 362 940 449 οἶμαι,
957 360 1071 429 κόλλι-
1091 372 1141 427 43³

72 484 148 543 στος
158 456 275 550 ἦλθες,
287 460 370 531 ἀλλά
381 460 420 530 τά
432 464 494 548 μὲν
505 459 584 529 ὀστᾶ
597 462 712 549 ὅμοια,
724 459 761 530 τό
775 462 811 529 δὲ
821 467 961 546 κρανίον
971 458 1074 546 ταύτῃ

72 562 179 648 μόνον
194 559 259 646 ἀρα
279 565 480 646 διακρίνοιτο
502 557 567 627 ἀπὸ
584 568 646 627 τοῦ
661 567 823 646 Θερσίτου
842 566 999 644 κρανίου,
1024 556 1074 624 ὅτι

71 657 266 745 εὔθρυπτον
278 658 314 725 τό
328 659 406 726 σόν·
428 656 622 725 ἀλαπαδνόν
634 656 698 744 γὰρ
711 656 791 725 αύτό
804 660 859 725 καὶ
870 654 932 723 ούιι
943 654 1074 741 ἀνδρῶ-

72 762 126 835 δες
139 762 231 841 ἔχεις.

155 861 244 923 ΝΙΡ.
267 858 332 923 Καὶ
343 852 411 940 μὴν
421 857 500 941 ἐροῦ
509 852 672 940 Ὅμηρον,
688 850 801 932 ὁποῖος
811 845 865 939 ἦν,
882 850 980 919 ὁπότε
990 872 1073 918 συν-

73 952 272 1036 εστράτευον
286 966 353 1031 τοῖς
364 950 510 1039 Ἀχαιοῖς.

157 1056 269 1118 ΜΕΝ.
288 1046 458 1135 Ὀνείρατά
478 1073 535 1133 μοι
557 1051 676 1133 λέγεις·
708 1045 772 1133 ἐγὼ
788 1047 823 1114 δὲ
847 1050 957 1134 βλέπω
979 1044 1001 1113 ἀ
1020 1048 1074 1113 καί

72 1154 139 1213 νῦν
155 1153 253 1231 ἔχεις,
269 1150 378 1214 ἐκεῖνα
394 1148 430 1214 δὲ
444 1151 477 1213 οί
488 1146 561 1214 τότε
578 1155 698 1213 ἴσασιν.

157 1251 245 1312 NIP.
268 1243 406 1311 Ούκουν
425 1240 490 1329 ἐγώ
509 1245 657 1310 ἐνταῦθα
680 1240 925 1329 εὐμορφότερός
943 1248 1023 1328 είμι,
1048 1235 1073 1308 οἶ

74 1344 246 1424 Μένιππες

158 1449 269 1510 ΜΕΝ.
295 1438 382 1509 Ούτε
397 1440 439 1508 σύ
451 1439 528 1507 ούτε
538 1438 637 1518 ἄλλος
649 1436 830 1525 εύμορφος·
856 1445 998 1526 ίσοτιμία
1009 1437 1073 1525 γὰρ

73 1545 110 1608 ἐν
125 1540 212 1630 ᾅδου
228 1543 282 1607 καὶ
297 1539 405 1626 ὅμοιοι
421 1538 572 1617 ἅπαντες.

158 1646 283 1707 ΘΕΡΣ.
300 1636 389 1725 Ἐμοὶ
403 1639 466 1724 μὲν
477 1631 540 1704 ούν
555 1638 721 1704 καὶτοῦτο
736 1637 862 1703 ίαανόν.

546 1893 597 1956 26.

236 2005 510 2057 νεαιααον
534 2008 619 2058 πλε
644 2006 913 2058 ΧΕιΡαΝοΣ.
1092 2006 1140 2058 εει

159 2143 188 2204 1.
210 2145 321 2204 ΜΕΝ.
333 2137 496 2223 Ἤκουσα,
511 2131 689 2224 ύΧείρων,
705 2134 748 2214 ὡς
758 2136 838 2216 θεὸς
850 2134 898 2205 ἀν
909 2139 1074 2226 ἐπιθυμή-

71 2260 163 2314 σειας
178 2231 373 2303 ἀποθανεῖν.

156 2341 268 2401 ΧΕΙΡ.
287 2330 412 2418 Ἀληθὴ
425 2339 527 2399 ταῦτα
542 2330 703 2417 ἤκουσας,
722 2323 749 2396 οἷ
764 2332 936 2416 Μένιππε,
954 2335 1007 2398 καὶ
1021 2335 1074 2399 τέ-

70 2443 202 2518 θνηιια,
219 2428 263 2509 ὡς
278 2428 375 2518 ὁρᾷς,
394 2428 562 2508 ἀθάνατος
578 2427 662 2496 εἶναι
678 2427 873 2514 δυνάμενος.

157 2536 269 2596 ΜΕΝ.
294 2536 350 2606 Τίς
365 2533 423 2595 δαί
434 2548 472 2595 σε
487 2533 570 2612 ἔρως
584 2533 644 2593 τοῦ
660 2525 812 2592 θανάτου
828 2531 937 2610 ἔσχεν,
953 2523 1074 2609 ἀνερά-

73 2653 155 2698 στου
169 2644 236 2708 τοῖς
250 2638 383 2707 πολλοῖς
396 2630 576 2716 χρήματοςς

156 2735 269 2796 ΧΕΙΡ.
289 2725 369 2813 Ἐροί
384 2723 467 2811 πρὸς
481 2727 517 2793 σὲ
532 2725 594 2794 οὐκ
604 2723 770 2795 ἀσύνετον
782 2725 871 2795 ὄντα.
895 2723 955 2792 ούιι
970 2717 1013 2810 ἦν
1029 2731 1074 2792 ἔτι

69 2823 137 2912 ἡδύ
151 2822 333 2892 ἀπολαύειν
349 2831 406 2910 τῆς
424 2822 617 2902 ἀθανασίας.
1093 2846 1142 2900 430

157 2928 266 2988 ΜΕΝ.
290 2919 361 3005 Ούχ
375 2918 439 3007 ἡδύ
454 2914 498 3007 ἦν
512 2927 616 3000 ζῶντα
631 2919 715 3004 ὁρᾶν
728 2921 764 2989 τό
783 2930 869 3006 φοῖς;

154 3025 267 3087 XEIP.
292 3018 382 3103 Ούκ,
401 3011 428 3084 ὦ
441 3021 613 3085 Μένιππε·
635 3017 673 3086 τό
688 3017 753 3106 γάρ
768 3017 834 3106 ἡδύ
850 3025 953 3105 ἔγωγε
966 3027 1074 3088 ποικί-

69 3123 133 3181 λον
146 3140 178 3182 τι
193 3116 248 3182 καὶ
260 3112 321 3201 ούχ
332 3113 463 3183 ἁπλοῦν
472 3112 617 3202 ἡγοῦμαι
633 3113 726 3184 εἶναι.
749 3113 814 3203 ἐγὼ
827 3117 862 3183 δὲ
880 3122 943 3195 ζῶν
954 3114 1004 3184 ἀεὶ
1019 3121 1073 3184 καὶ

69 3209 252 3281 ἀπολαύων
266 3221 334 3280 τῶν
348 3208 488 3300 ὁμοίων,
504 3210 619 3298 ἡλίου,
636 3213 765 3300 φωτός,
780 3221 921 3300 τροφῆς,
938 3217 974 3281 αι’
989 3206 1072 3298 ύραι

70 3310 108 3378 δὲ
122 3314 159 3376 αί
172 3307 268 3378 αύταλ
282 3315 336 3380 καί
352 3309 393 3378 τά
408 3311 589 3398 γιγνόμενα
603 3308 734 3379 ἅπαντα
750 3315 820 3399 ἑξῆς
834 3314 989 3397 ἕκαστον,
1006 3309 1073 3378 ύσ-

68 3431 134 3492 περ
149 3403 404 3475 ἀκολουθοῦντα
425 3408 571 3488 θάτερον
593 3413 739 3496 θατέρῳ,
760 3409 971 3496 ἐνεπλήσθην
988 3417 1073 3495 γοῦν
