2550 3825
119 145 123 152 ’
166 161 228 226 ³82
537 168 840 228 Λουκιανοῦ

166 345 288 410 γονσα,
304 322 368 394 κάν
385 323 509 413 πτηνδς
522 318 607 413 θέλη
620 352 670 402 τις
685 327 860 417 γενέσθαι,
881 322 946 394 κάν
960 335 1167 405 κολοσσιαῖος

164 419 202 490 τό
218 425 377 510 μέγεθος,
399 419 464 492 κάν
479 423 541 509 όρη
556 421 618 491 όλα
633 429 742 508 χρυσᾶ
759 419 926 508 εὑρίσκειν
937 420 1036 510 -ἢν
1049 430 1163 491 τοίνυν

164 527 266 588 ταῦτα
282 525 458 590 ἐννοοῦσιν
472 519 584 599 αύτοῑς
597 519 705 599 ὀπαῖς
718 519 919 605 προσελθων
934 528 1048 609 ἔρηταί
1057 549 1090 589 τι
1099 527 1165 588 τόν

164 615 371 704 ἀναγκαίων,
396 615 469 688 οἷον
486 617 570 686 ὅθεν
593 617 714 704 ἀρτονς
738 605 928 706 ύνητέονῆ
953 619 973 687 ό
993 647 1025 688 τι
1042 622 1166 706 φατέον

165 713 247 799 πρός
261 714 321 784 τὸν
331 716 534 786 ἀπαιτοῦντα
544 715 735 785 τούνοίκιον
746 721 782 784 ἐκ
796 726 924 786 πολλοῦ
934 722 1165 804 περιμένοντα,

166 812 271 892 οὕτως
285 811 531 900 ἀγανακτοῦσιν
548 813 591 892 ὡς
607 811 674 882 ὑπδ
691 821 752 881 τοῦ
762 817 923 900 ἐρομένου
938 818 991 883 καὶ
1003 838 1165 898 παρενοχ-

165 911 326 997 λήσαντος
338 910 578 1000 ἀφαιρεθέντες
593 908 723 979 ἅπαντα
745 914 854 979 ἐκεῖνα
875 908 1006 998 τάγαθά
1020 914 1076 978 καλ
1096 909 1164 978 ὀλί-

164 1033 227 1094 γου
245 1014 356 1079 δέουσι
373 1011 435 1100 τὴν
455 1015 531 1100 ρῑνα
549 1019 608 1080 τοῦ
631 1010 748 1088 παιδός
768 1009 977 1097 ἀποτραγεῖν.
1011 1015 1060 1080 72.
1082 1003 1163 1078 ἀλλά

164 1107 224 1191 σύ,
246 1101 273 1174 ὦ
289 1111 441 1196 φιλότης,
453 1110 506 1197 ,μὴ
522 1110 636 1199 ,πάθης
652 1107 733 1176 αύτδ
750 1107 833 1192 πρὸς
847 1113 919 1195 ἐμέ,
937 1119 1017 1177 ελσε
1032 1119 1164 1195 θησαν·
1252 1182 1253 1185 ¹

129 1241 132 1247 ·
165 1203 246 1287 ρούς
257 1204 481 1289 ἀνορύττοντα
493 1211 548 1277 καὶ
557 1209 741 1294 πετόμενον
752 1213 810 1275 καί
819 1233 910 1284 τινας
919 1209 1049 1284 ἐννοίας
1059 1204 1165 1288 ὑπερ-

165 1317 260 1388 φυεῖς
272 1307 453 1372 ἐννοοῦντα
465 1314 523 1374 καί
532 1333 624 1385 τινας
636 1309 769 1383 ἐλπίδας
782 1301 980 1390 ἀνεφίκτους
995 1307 1165 1384 ἐλπίζοντα

165 1407 259 1487 φίλος
275 1398 325 1470 οέν
338 1401 380 1471 ού
396 1409 563 1489 περιεῖδον
577 1403 632 1472 διὰ
649 1401 773 1481 παντὸς
792 1409 853 1470 τοῦ
871 1409 947 1489 βίον
961 1399 1082 1492 όνείρφ
1095 1400 1169 1487 ἡδεῖ

164 1499 226 1585 μὲν
240 1509 333 1586 ἴσως,
350 1498 432 1587 ἀτάρ
445 1499 563 1592 όνείρφ
574 1529 612 1589 γε
626 1502 790 1593 συνόντα,
806 1501 1028 1568 διαναστάντα
1039 1504 1074 1567 δὲ
1084 1496 1165 1578 ἀξιά

165 1597 321 1684 πράττειν
337 1625 367 1666 τι
383 1607 450 1667 τῶν
469 1598 660 1687 ἀναγκαίων
675 1602 730 1666 καὶ
751 1597 772 1664 ό
790 1619 827 1666 σε
849 1601 1060 1684 παραπέμψει
1077 1599 1110 1674 ἐς
1127 1591 1164 1662 τό

165 1705 283 1763 λοιπον
297 1704 358 1764 τοῦ
377 1705 453 1784 βίον
468 1697 508 1766 τὰ
529 1695 625 1765 κοινά
645 1705 748 1765 ταῦτα
769 1704 976 1782 φρονοῦντα·
1008 1695 1079 1761 ἐπεὶ
1092 1691 1112 1759 ό
1126 1718 1165 1778 γε

165 1800 230 1858 νῦν
250 1798 405 1879 ἔπραττες
421 1798 476 1864 καὶ
491 1797 653 1880 ἐπενόεις,
677 1793 778 1862 ούδέν
792 1801 859 1861 τῶν
876 1791 1166 1875 Ἱπποκενταύρων

163 1891 218 1958 καὶ
228 1898 399 1977 Χιμαιρῦν
409 1896 463 1961 καί
472 1891 655 1981 Γοργόνων
665 1897 826 1980 διαφέρει,
842 1894 897 1961 καὶ
907 1890 969 1959 ὅσα
979 1888 1063 1958 άλλα
1074 1886 1167 1957 όνει-

96 2008 145 2061 815
166 2012 220 2069 ροι
234 1990 289 2057 καὶ
308 1993 439 2077 ποιηταί
455 1994 508 2059 καὶ
530 2006 668 2078 γραφεῖς
690 1992 863 2075 ἐλεύθεροι
882 1990 975 2067 ὅντες
995 1986 1167 2056 ἀναπλάτ-

164 2105 281 2153 τουσιν
299 2084 376 2155 οὔτε
391 2090 554 2175 γενόμενα
571 2090 703 2158 πάποτε
718 2088 795 2157 ούτε
809 2090 966 2176 γενέσθαι
982 2087 1166 2171 δυνάμενα.

164 2184 220 2250 καλ
236 2182 325 2271 ὅμως
340 2184 358 2254 ό
374 2186 479 2267 πολύς
492 2186 574 2267 λεοδς
590 2187 806 2256 πιστεύουσιν
820 2183 932 2264 αύτοῑς
948 2188 1003 2255 καὶ
1017 2191 1166 2271 κηλοῦν-

164 2309 216 2349 ται
233 2280 375 2366 ὁριῦντες
388 2285 409 2372 ἦ
423 2284 602 2365 ἀκούοντες
615 2285 656 2355 τά
671 2293 805 2353 τοιαῦτα
821 2281 876 2353 διά
890 2282 927 2351 τδ
945 2287 1021 2364 ξένα
1035 2285 1090 2350 καὶ
1102 2280 1167 2349 α’λ-

162 2379 283 2449 λόκοτα
302 2381 393 2451 εἶναι.
430 2390 479 2455 73.
501 2389 556 2454 καὶ
578 2383 620 2453 σύ
643 2382 683 2471 δὴ
700 2392 892 2470 μυθοποιοῦ
910 2409 1000 2462 τινος
1017 2379 1168 2459 ἀκούσας
1222 2440 1226 2448 .

165 2476 208 2558 ὡς
225 2486 292 2548 ἔστι
306 2509 355 2561 τις
365 2482 451 2570 γυνη
463 2482 639 2571 ὑπερφυὴς
648 2481 684 2551 τό
700 2485 835 2569 κάλλος,
851 2480 935 2570 ὑπὲρ
949 2480 1007 2562 τάς
1019 2481 1168 2567 Χάριτας

163 2576 265 2657 αύτάς
279 2575 301 2665 ἢ
317 2580 378 2667 την
397 2580 569 2669 Ούρανίαν
584 2580 706 2667 [εἶναι],
729 2580 773 2669 μὴ
789 2580 954 2669 πρότερον
970 2579 1121 2660 ἐξετάσας
1136 2584 1169 2645 εί

163 2674 273 2762 ἀληθῆ
290 2680 447 2765 λέγεικαὶ
467 2687 497 2747 εἰ
515 2687 583 2749 ἔστι
600 2706 668 2747 που
680 2690 737 2766 τῆς
753 2688 813 2767 γης
831 2678 853 2766 ἡ
869 2678 1048 2763 ἅνθρωπος
1066 2674 1166 2761 αὕτη,

162 2772 244 2861 ἤρας
258 2772 378 2861 εύθύς,
394 2775 504 2862 ύσπερ
516 2780 597 2865 φασδ
610 2777 673 2865 την
686 2778 842 2863 Μήδειαν
855 2781 888 2857 ἐξ
902 2776 1069 2859 ὀνείρατος
1084 2776 1166 2855 ἐρα-

163 2878 286 2958 σθῆναι
301 2881 362 2940 τοῦ
375 2871 526 2955 Ἰάσονος.
550 2876 616 2947 δδὲ
630 2875 670 2964 δη
682 2877 823 2962 μάλιστά
837 2897 874 2944 σε
886 2873 970 2962 πρός
983 2871 1043 2942 τόν
1057 2879 1167 2959 ἔρωτα

163 2975 345 3058 ἐπηγαγετο
360 2975 413 3040 καὶ
429 2973 508 3054 τούς
521 2977 644 3055 ἀλλους
658 2980 710 3061 δέ,
728 2973 845 3044 ὁπόσοι
860 2984 921 3042 τοῦ
932 2972 1036 3042 αὐτοῦ
1046 2993 1100 3040 σοι
1116 2977 1168 3039 εί-

161 3071 273 3140 δύλου
287 3072 404 3157 ἐρῦσι,
424 3080 522 3140 τοῦτο
544 3066 605 3160 ἦν,
628 3073 672 3153 ὥς
684 3079 725 3161 γέ
738 3101 796 3160 μοι
816 3074 977 3155 εἰκάζοντι
998 3078 1166 3159 φαίνεται,

161 3168 198 3237 τό
215 3168 274 3238 τόν
291 3174 428 3257 λέγοντα
443 3174 572 3239 ἐκεῖνον
588 3175 663 3256 περὶ
679 3181 736 3259 τῆς
748 3173 922 3260 γυναικός,
944 3174 1075 3253 ἐπείπερ
1087 3172 1166 3237 ἐπι-

161 3269 287 3356 στεύθη
301 3268 338 3337 τό
356 3277 488 3355 πρῶτον
502 3268 552 3337 ότι
567 3268 678 3359 ἀληθῆ
693 3276 797 3358 λέγει,
818 3269 993 3340 ἀκόλουθα
1008 3269 1164 3355 ἐπάγειν·

162 3387 207 3445 εις
223 3373 321 3434 τοῦτο
339 3365 404 3453 γάρ
419 3371 539 3454 ἑωρᾶτε
556 3368 679 3454 μόνον,
693 3373 748 3437 καὶ
765 3366 820 3438 διὰ
837 3377 934 3436 τοῦτο
949 3364 1056 3438 εἷλκεν
1073 3365 1165 3454 ὑμᾶς
