2550 3825
516 153 694 212 ΧΑΡΩΝ.
1046 152 1108 214 205

205 351 403 420 ΧΑΡΩΝ
428 358 465 415 Η
491 352 1001 421 ΕΠΙΣΚΟΠΟΥΝΤΕΣ.
1124 375 1174 433 ιςι

367 480 538 531 ΕΡΜΗΣ
562 481 648 532 κιο
672 478 844 530 τινοιν.

188 615 217 678 1.
238 618 342 679 ΕΡΜ.
369 618 412 680 Τί
428 620 544 702 γελᾷς,
570 604 598 677 ό
617 611 758 698 Χάρων;
785 607 856 697 ἦτί
868 608 905 679 τό
922 620 1108 697 πορθμεῖον

103 704 279 802 ἀπολιποδν
295 716 396 796 δεῦρο
417 710 630 797 ἀνελήλυθας
652 714 685 790 ές
700 708 761 797 τὴν
781 707 943 798 ἡμετέραν
957 708 999 779 οῦ
1015 712 1108 779 πάνυ

104 804 234 886 είωθάς
248 809 475 893 ἐπιχωριάζειν
489 823 557 888 τοις
573 808 646 876 ἀνω
659 810 868 896 πράγμασιν;

186 913 283 974 ΧΑΡ.
301 904 531 993 Ἐπεθόμησα,
549 898 702 994 όἙρμῆ,
718 911 802 976 ἰδεῖν
816 903 914 975 ὁποῖά
930 910 997 975 έστι
1014 905 1054 974 τά
1070 912 1107 975 ἐν

102 1008 148 1091 τῷ
161 1008 225 1092 βίῳ
239 1004 294 1071 καλ
314 1000 336 1070 ἀ
350 1005 553 1090 πράττουσιν
570 1010 605 1074 ολ
616 1004 793 1089 ἅνθρωποι
813 1008 851 1073 έν
864 1003 956 1096 αὐτῷ
969 1004 991 1093 ἢ
1004 1012 1107 1074 τίνων

103 1101 297 1185 στερόμενοι
312 1101 434 1181 πάντες
447 1102 625 1189 οίμοέζουσι
642 1104 810 1183 κατιόντες
823 1101 902 1189 παρ’
923 1102 1025 1191 ἡμᾶς·
1047 1102 1107 1172 οῦ-

103 1199 170 1275 δεὶς
189 1196 254 1283 γὰρ
269 1195 380 1267 αὐτῶν
403 1197 563 1287 ἀδακρυτὶ
577 1204 781 1269 διέπλευσεν.
810 1201 1028 1288 αίτησάμενος
1042 1194 1107 1269 οῦν

102 1295 193 1383 παρά
218 1305 278 1366 τοῦ
294 1296 410 1366 Ἅιδου
429 1301 484 1367 καὶ
505 1296 607 1378 αὐτὸς
628 1296 738 1382 ὥσπερ
761 1296 778 1367 ὁ
801 1296 962 1377 Θετταλός
981 1301 1107 1377 ἐκεῖνος

103 1403 277 1475 νεανίσκος
296 1402 377 1483 μίαν
391 1393 519 1483 ἡμέραν
538 1396 719 1473 λειπόνεως
738 1399 896 1481 γενέσθαι
913 1391 1106 1482 ἀνελήλυθα
1125 1410 1176 1465 488

102 1496 137 1572 ές
150 1491 187 1560 τό
203 1503 291 1581 φῶς,
305 1505 365 1565 καί
375 1523 432 1584 μοι
448 1502 536 1565 doma
551 1501 584 1577 ἐς
598 1502 676 1566 δέον
691 1499 939 1583 ἐντετυχηκέναι
956 1517 1024 1565 σοι·
1052 1504 1104 1578 ξε-

103 1592 260 1678 ναγήσεις
279 1592 345 1683 γάρ
361 1588 400 1663 εὖ
421 1593 486 1663 οἷδ’
505 1596 557 1665 ὅτι
575 1622 617 1684 με
632 1599 904 1683 ξυμπερινοστῦν
923 1598 978 1663 καί
990 1598 1107 1675 δείξεις

102 1689 224 1756 ἕκαστα
243 1688 286 1770 ὡς
300 1687 344 1759 ἀν
359 1690 454 1772 είδοὶς
468 1692 607 1761 ἅπαντα.

186 1799 290 1859 ΕΡΜ.
320 1790 372 1860 Οὐ
387 1794 488 1879 σχολή
501 1819 575 1879 μοι,
599 1786 626 1862 ό
646 1798 816 1879 πορθμεῦ·
844 1789 1025 1878 ἀπέρχομαι
1040 1792 1105 1877 γάρ

104 1914 134 1956 τι
155 1891 435 1977 διακονησόμενος
453 1899 501 1980 τῷ
520 1889 591 1959 ἀνω
604 1892 665 1960 Διὶ
679 1897 748 1959 τῶν
764 1887 1007 1976 ἀνθρωπικῶν·
1035 1888 1106 1959 ὁδε

103 1983 274 2072 ὀξόθυμός
288 1991 356 2056 ἐστι
370 1992 425 2058 καὶ
439 1991 532 2058 δέδια
547 1986 591 2076 μὴ
608 1989 823 2077 βραδύναντά
838 2015 879 2075 με
893 1988 974 2057 ὅλον
988 1985 1105 2075 ὑμέτε-
1123 2001 1175 2056 489

103 2109 165 2170 ρον
179 2085 260 2173 έάση
280 2084 366 2154 εἶναι
380 2085 551 2174 παραδοῦς
568 2094 613 2178 τῷ
633 2089 740 2178 ζόφῳ,
760 2082 782 2172 ἢ
805 2086 886 2172 ὅπερ
907 2084 967 2154 τόν
981 2084 1106 2173 Ἥφαι-

103 2201 183 2248 στον
198 2182 316 2274 πρῴην
329 2187 477 2271 ἐποίησε,
493 2188 573 2272 δίψη
587 2183 672 2270 κάμὲ
686 2181 832 2270 ποταμόν
848 2191 909 2251 τοῦ
922 2182 1025 2263 ποδὸς
1038 2182 1104 2252 ἀπὸ

102 2287 164 2348 τοῦ
178 2287 361 2349 θεσπεσίου
374 2290 498 2369 βηλοῦ,
520 2280 564 2360 ὡς
583 2280 781 2362 ὑποσκάζων
794 2284 920 2367 γέλωτα
937 2284 992 2349 καὶ
1005 2279 1106 2360 αὐτός

102 2380 275 2466 παρέχοιμι
289 2385 458 2465 οἰνοχοῶν.

184 2484 283 2544 ΧΑΡ.
302 2479 464 2565 Περιόψει
475 2469 539 2545 οὖν
548 2503 589 2563 με
598 2476 708 2556 άλλως
718 2476 939 2562 πλανώμενον
951 2474 1034 2561 ὑπὲρ
1045 2486 1105 2563 γῆς

103 2576 157 2641 καὶ
175 2583 279 2642 ταῦτα
296 2577 423 2661 ἑταῖρος
443 2577 498 2644 καλ
514 2575 687 2661 σάμπλους
707 2576 762 2643 καὶ
783 2575 1018 2663 ξυνδιάκτορος
1038 2573 1104 2656 άυς

102 2670 235 2758 καὶμὴν
244 2680 353 2752 καλῶς
367 2671 462 2759 εἶχεν,
477 2666 628 2751 όΜαίας
642 2687 711 2760 παλ,
723 2675 862 2741 ἐκείνων
871 2680 956 2758 γοῦν
971 2692 1008 2740 σε
1019 2699 1103 2759 μεμ-
1123 2691 1174 2748 490

102 2776 246 2856 νῆσθαι,
269 2769 320 2838 ὅτι
334 2771 554 2859 μηδεπώποτέ
564 2790 601 2838 σε
614 2766 636 2857 ἢ
649 2768 781 2840 ἀντλεῖν
796 2773 953 2838 ἐκέλευσα
965 2765 988 2856 ἦ
998 2771 1105 2857 πρόσ-

102 2892 217 2934 κωπον
239 2866 340 2936 εἶναι·
366 2866 449 2937 ἀλλὰ
473 2866 516 2935 σε)
536 2869 599 2954 μὲν
618 2870 746 2956 ῥέγκεις
761 2870 814 2936 ἐπὶ
831 2875 892 2936 τοῦ
912 2868 1104 2955 καταστρω-

100 2989 203 3049 ματος
216 2966 366 3045 έκταθεὶς
384 2965 494 3053 νόμους
513 2965 601 3033 οὕτω
621 2962 804 3052 καρτεροὺς
817 2971 921 3054 έχων,
944 2962 1016 3053 ἢεί
1029 2990 1104 3033 τινα

100 3061 205 3130 λάλον
218 3060 341 3149 νεκρόν
358 3062 483 3148 εὕροις,
504 3067 618 3152 ἐκείνῳ
637 3060 718 3148 παρ’
734 3061 816 3131 ὅλον
830 3060 889 3130 τόν
903 3071 1011 3131 πλοῦν
1031 3068 1105 3131 δια-

100 3163 195 3250 λένη·
217 3160 283 3248 ἐμοὶ
298 3165 335 3230 δὲ
348 3162 534 3251 πρεσβύτης
545 3158 594 3230 οἲυ
604 3160 667 3249 τὴν
681 3167 845 3232 δικωπίαν
859 3165 976 3248 ἐρέττω
990 3164 1101 3250 μόνος.

100 3257 185 3328 ἀλλά
199 3259 283 3348 πρός
297 3270 357 3329 τοῦ
376 3263 515 3347 πατρός,
541 3255 568 3329 τό
585 3269 745 3345 φίλτατον
763 3260 956 3350 Ἑρμάδιον,
982 3258 1026 3347 μη
1043 3288 1101 3328 κα-

101 3362 239 3446 ταλίπης
253 3384 310 3444 με,
331 3358 529 3445 περιήγησαι
546 3360 582 3426 δέ
597 3357 637 3427 τὰ
654 3362 751 3448 ἐντῷ
768 3367 830 3447 βίῳ
846 3357 994 3440 ἅπαντα,
1013 3356 1058 3435 ἀς
1071 3384 1103 3424 τι

685 3628 699 3770 ἰ
