2550 3825
194 177 214 233 4
548 181 836 241 ΛΟΤΚΙΑΝΟΤ

148 339 178 393 ll
195 332 358 402 τοιούτων
372 332 564 423 ὁρμώμενος
579 340 633 405 καὶ
645 343 779 419 Φειδίας
794 343 918 419 ἐκεῖνος
937 346 1037 423 ἔδειξε
1053 340 1112 410 τὸν
1126 348 1191 411 Δία

195 456 250 497 και
238 432 533 513 ἱ’Πολύκλειτος
497 463 559 522 την
572 434 681 521 Ἥραν
695 438 870 523 εἰργάσατο
892 442 947 507 καὶ
963 440 1097 525 Μύρων
1111 441 1193 556 ἐπη-

195 530 280 613 νέθη
295 532 351 596 καί
365 536 568 620 Πραξιτέλης
582 535 802 654 ἐθαυμάσθη·
824 545 1095 622 προσκυνοῦνται
1108 544 1193 623 γοῦν

196 616 290 691 οὗτοι
309 625 389 711 μετά
406 638 473 697 των
489 638 590 698 θεῶν.
615 656 644 698 ει
638 628 700 716 ’δή
714 632 843 700 τούτων
855 629 901 712 εἷς
915 640 1038 721 γένοιο,
1053 641 1122 712 πῶς
1132 660 1194 719 μεν

149 737 182 790 1θ
196 721 238 791 ού
253 724 384 805 κλεινὰς
404 725 504 807 αύτδς
516 725 606 813 παρά
618 736 721 795 πᾶσιν
734 727 929 816 ἀνθρώποις
939 734 1068 818 γένοιος
1090 738 1194 818 ζηλω-

195 819 255 889 τόν
276 823 312 889 δὲ
330 825 385 891 καὶ
400 822 460 892 τδν
477 833 601 910 πατέρα
617 823 811 914 ἀποδείξεις,
828 830 1099 917 περίβλεπτονδέ
1114 827 1194 895 ἀπο-

196 934 314 1003 φανεῖς
332 925 386 989 καὶ
399 921 462 1010 τήν
479 928 629 1010 πατρίδα.
654 932 757 992 ταῦτα
772 930 827 994 καί
842 933 890 996 ἐτι
905 928 1035 995 τούτων
1057 933 1194 995 πλείονα

197 1021 415 1088 διαπταίουσα
431 1025 486 1091 καὶ
497 1030 743 1112 βαρβαρίζουσα
754 1026 927 1094 πάντοθεν
938 1023 1061 1112 είπενή
1077 1028 1193 1110 Τέχνη,

197 1117 285 1201 μάλα
303 1117 343 1204 δή
361 1126 492 1209 σπουδή
508 1129 710 1208 συνείρουσα
725 1126 779 1190 καί
794 1131 926 1192 πείθειν
942 1150 982 1209 με
998 1124 1194 1209 πειρωμένη·
1259 1159 1260 1162 ¹

197 1212 271 1283 ἀλλ’
287 1214 398 1285 ούκέτι
415 1221 598 1307 μέμνημαι
619 1219 661 1287 τά
678 1230 813 1289 πλεῖστα
825 1222 891 1307 γάρ
902 1248 969 1308 μου
985 1220 1047 1307 τήν
1060 1221 1197 1306 μνήμην

199 1313 261 1401 ήδη
283 1319 453 1402 διέφυγεν.
483 1322 551 1388 ἐπεὶ
572 1318 603 1387 δ
629 1315 694 1388 οὖν
715 1320 892 1406 ἐπαύσατο,
914 1320 1048 1407 ἀρχεται
1067 1346 1088 1405 η
1077 1317 1197 1400 ’ἑτέρα

199 1405 266 1481 666
279 1439 364 1495 πως
401 1422 471 1485 9.’
454 1446 517 1504 εγω
507 1413 625 1505 “,’δέ
598 1447 623 1488 ω
639 1424 768 1503 τέκνον,
784 1422 922 1485 Παιδεία
934 1421 998 1504 είμὶ
1011 1416 1074 1504 ήδη
1090 1415 1198 1502 συνή-

195 1523 261 1599 θης
276 1533 329 1580 σοι
344 1519 400 1583 καὶ
415 1524 632 1604 γναρίμη,εί
602 1520 705 1586 είκαλ
720 1519 907 1603 μηδέπωί
878 1543 924 1596 ες
941 1520 1033 1595 τέλος
1049 1541 1115 1602 μου
1136 1540 1197 1581 πε-

152 1627 184 1682 13
200 1617 361 1693 πειρασαι.
383 1609 481 1699 ήλίκα
496 1608 619 1700 μὲν
577 1641 642 1682 ουν
655 1612 786 1701 τάγαθά
802 1622 902 1703 ποριῇ
923 1614 1078 1695 λιθοξόος
1098 1613 1193 1699 γενό-

197 1735 308 1796 μενος,
325 1709 408 1797 αὕτη
425 1720 637 1799 προείρηκεν·
660 1712 761 1782 οὐδὲν
776 1713 840 1799 γάρ
857 1712 908 1781 ὅτι
924 1711 969 1800 μή
987 1714 1126 1800 ἐργάτης
1139 1716 1196 1798 ἔσχ

197 1818 244 1897 τῷ
265 1809 391 1895 σάματι
411 1818 527 1878 πονεῖν
548 1810 612 1879 κάν
632 1813 740 1904 τούτφ
763 1811 826 1898 τήν
845 1811 978 1879 άπασαν
999 1816 1114 1881 ἐλπίδα
1134 1816 1198 1876 τοῦ

197 1915 274 1997 βίου
288 1914 488 1996 τεθειμένος,
503 1908 634 1998 ἀφανής
644 1911 706 1997 μὲν
716 1908 816 1991 αύτὸς
829 1909 887 1997 ὤν,
902 1909 997 1997 ὀλίγα
1007 1914 1061 1978 καὶ
1072 1907 1199 1995 ἀγεννῆ

198 2011 391 2096 λαμβάνων,
405 2009 560 2090 ταπεινὸς
573 2011 634 2098 τήν
650 2012 798 2098 γνώμην,
816 2007 950 2095 εύτελής
965 2009 1001 2077 δὲ
1014 2006 1077 2095 τήν
1091 2008 1197 2091 πρόο-

199 2113 277 2192 δον,
304 2107 380 2175 ούτε
409 2116 518 2194 φίλοις
542 2111 768 2195 ἐπιδικάσιμος
795 2109 872 2177 οὔτε
896 2112 1028 2195 ἐχθροῖς
1053 2114 1203 2193 φοβερος

198 2207 276 2274 ούτε
291 2221 359 2286 τοῖς
373 2216 520 2286 πολίταις
534 2209 684 2294 ζηλωτός,
699 2206 771 2276 ἀλλ’
784 2207 864 2275 αύτό
877 2208 984 2294 μόνον
994 2208 1133 2293 ἐργάτης
1143 2208 1202 2273 καὶ

197 2313 266 2374 τῶν
281 2308 317 2374 ἐκ
339 2315 401 2372 τού
420 2314 548 2374 πολλοῦ
564 2307 673 2392 δήμου
689 2302 744 2390 εἷς,
768 2303 819 2373 ἀεὶ
835 2303 895 2373 τὸν
909 2305 1097 2392 προύχοντα
1111 2301 1203 2371 ὑπο-

198 2405 356 2492 πτήσσων
376 2410 431 2474 καὶ
449 2404 509 2473 τδν
526 2408 636 2491 λέγειν
659 2404 850 2490 δυνάμενον
867 2405 1085 2488 θεραπεύων,
1105 2401 1202 2488 λαγοὶ

154 2523 185 2574 14
198 2511 236 2592 βί
234 2532 274 2572 ον
290 2511 354 2585 ων
290 2509 422 2585 καί
439 2513 498 2572 τοῦ
516 2507 735 2589 κρείττονος
715 2531 854 2591 ερμαιον
869 2501 932 2571 66·
955 2509 985 2571 εί
998 2505 1034 2570 δέ
1049 2504 1104 2569 καὶ
1116 2509 1206 2568 Φει-

199 2600 308 2681 δίας’“
287 2631 306 2688 η
326 2605 547 2683 Πολύκλειτος
558 2607 669 2690 γένοιο
682 2629 736 2671 και
725 2599 854 2670 πολλὰ
869 2598 1046 2718 θαυμαστή
1062 2599 1207 2702 ἐξεργά-

198 2723 285 2787 σαιο,
301 2700 363 2787 τήν
375 2703 437 2788 μέν
452 2707 571 2788 τέχνην
588 2702 731 2779 ἅπαντες
746 2702 984 2785 ἐπαινέσονται,
1002 2697 1065 2766 οὐκ
1079 2704 1148 2766 ἐστι
1162 2700 1210 2767 δὲ

199 2802 290 2881 ὅστις
306 2808 373 2868 τῶν
392 2802 545 2921 ἰδόντων,
561 2807 690 2869 είνοῦν
705 2806 783 2886 ἔχοι,
806 2793 969 2877 εὔξαιτ’
948 2825 991 2864 αν
1013 2796 1128 2883 ὅμοιός
1144 2814 1210 2865 σοι

200 2904 373 2988 γενέσθαι·
394 2896 524 2979 οἷος
486 2927 549 2987 γαρ
571 2897 615 2968 ἀν
638 2895 688 2989 ᾗς,
709 2897 879 2986 βάναυσος
899 2899 953 2964 καὶ
967 2901 1127 2982 χειρῶναξ
1143 2900 1214 2965 καὶ

199 3000 472 3086 ἀποχειροβίωτος
483 2999 681 3087 νομισθήσῃ.
726 3003 775 3066 10.
798 2993 842 3083 ήν
857 2989 885 3063 δ’
896 2998 966 3082 ἐμοὶ
977 3002 1089 3083 πείθῃ,
1104 3002 1212 3078 πρῶ-

199 3125 258 3166 τον
273 3101 336 3183 μέν
351 3117 404 3165 σοι
421 3095 527 3166 πολλά
546 3100 695 3176 ἐπιδείξω
719 3104 872 3164 παλαιῶν
892 3096 1028 3179 ἀνδρῶν
1047 3101 1128 3181 ἔργα
1144 3101 1215 3163 καὶ

200 3199 334 3280 πράξεις
352 3196 560 3281 θαυμαστάς,
590 3198 645 3262 καὶ
667 3196 789 3282 λόγους
809 3191 923 3261 αύτων
945 3193 1217 3280 ἀπαγγέλλουσα

199 3297 254 3363 καὶ
275 3296 412 3363 πάντων
427 3293 471 3372 ὡς
491 3301 595 3364 είπείν
615 3300 774 3378 ἔμπειρον
794 3291 1047 3380 ἀποφαίνουσα,
1068 3293 1124 3358 καὶ
1138 3290 1220 3378 τήν

199 3395 321 3482 ψυχήν,
342 3394 425 3480 ὅπερ
446 3413 509 3462 σου
530 3391 740 3476 κυριώτατόν
759 3394 838 3470 ἐστι,
860 3389 1101 3476 κατακοσμήσω
1114 3399 1220 3458 πολε
