2550 3825
457 189 519 244 ΚΑ
530 187 772 246 ΤΑΠΛΟΥΣ.
1054 188 1114 252 291

111 342 413 432 ἀγανακτήσαντες,
432 347 466 411 οί
480 345 533 428 δέ,
556 340 607 411 ότι
623 345 824 431 ἐπλούτουν,
849 353 883 414 οί
895 351 945 432 βε,
964 347 1014 414 ὅτι
1027 341 1113 433 ἦσαν

111 443 212 518 δεξιοὶ
231 445 285 511 καί
306 442 478 526 σώφρονες
497 443 553 510 καὶ
572 439 723 529 οὐδαμοῦ
739 441 918 528 ἠρέσκοντο
935 457 1002 522 τοῖς
1024 448 1112 528 δρω-

111 540 230 623 μένοις.

195 639 243 702 27.
265 642 364 702 ΡΑΔ.
391 641 432 702 Τί
443 633 526 718 πρός
539 642 643 703 ’ταῦτα
659 638 740 723 φης,
758 631 896 724 όμιαρέ
909 639 969 720 σύ;

194 739 298 799 ΜΕΓ.
326 730 413 811 Τούς
422 735 484 819 μὲν
498 733 625 819 φόνους
640 745 815 821 εἴργασμαι
830 733 889 813 οὓς
904 740 1009 821 λέγει,
1024 733 1063 801 τά
1077 733 1108 801 θ’

109 830 193 897 ἄλλα
204 830 327 914 πάντα,
344 827 401 908 τάς
411 838 555 918 μοιχείας
565 829 689 911 καὶτὰς
699 839 768 900 τῶν
782 833 918 920 ἐφήβων
929 831 1044 919 ὕβρεις
1054 836 1109 900 καὶ

108 925 166 1005 τάς
184 923 372 1012 διαφθοράς
392 933 458 993 τῶν
474 932 671 1015 παρθένων,
693 938 795 998 ταῦτα
816 931 924 998 πάντα
939 937 1108 1007 Κυνίσκος

109 1051 175 1111 μου
190 1025 422 1104 κατεψεύσατο.

191 1129 294 1191 ΚῬΝ.
319 1121 455 1190 Οὐκοῦν
467 1124 676 1209 καὶτούτων,
696 1118 722 1190 ὦ
732 1123 961 1210 Ῥαδάμανθυ,
977 1127 1107 1210 παρέξω

108 1240 160 1287 σοι
177 1220 355 1306 μάρτυρας.

190 1326 289 1385 ΡΑΔ.
317 1324 416 1395 Τίνας
428 1316 568 1395 τούτους
583 1319 704 1403 λέγεις;

192 1423 292 1484 ΚΤΝ.
315 1414 502 1499 Προσκάλει
517 1438 590 1499 μοι,
608 1407 635 1480 ὦ
649 1413 767 1501 Ἑρμῆ,
788 1414 847 1484 τόν
860 1418 986 1502 λύχνον
1002 1415 1106 1485 αύτού

107 1516 161 1581 καὶ
175 1510 236 1600 τὴν
250 1519 383 1598 κλίνην·
412 1511 661 1597 μαρτυρήσουσι
676 1511 740 1600 γάρ
755 1512 849 1583 αύτολ
870 1515 1104 1600 παρελθόντες,

109 1606 159 1679 οἶα
176 1611 352 1694 πράττοντι
369 1616 611 1697 συνηπίσταντο
628 1607 726 1699 αύτῷ.

189 1715 292 1776 ΕΡΜ.
309 1705 349 1774 Ἡ
361 1714 466 1792 Κλίνη
482 1709 536 1774 καὶ
551 1703 569 1774 ὁ
583 1707 715 1793 Λύχνος
729 1705 746 1774 ὁ
759 1711 1006 1794 Μεγαπένθους
1017 1733 1103 1790 παρ·
1122 1725 1173 1782 649

108 1808 197 1872 έστω.
222 1797 260 1871 εὖ
276 1831 314 1890 γε
329 1800 520 1891 έποίησαν’
502 1805 760 1884 νπακούσαντες

189 1908 288 1969 ΡΑΔ.
310 1907 433 1969 Είπατε
446 1892 509 1969 οὖν
525 1899 618 1988 ὑμεῖς
633 1898 654 1969 ἁ
649 1902 912 1972 συνεπίστασθε
923 1905 1103 2015 Μεγαπέν-

105 2008 160 2065 θει
175 1998 297 2088 τούτῳ·
319 2001 460 2084 προτέρα
477 2002 512 2065 δὲ
528 1996 571 2064 σύ
585 1997 605 2085 ἡ
621 2008 727 2088 Κλίνη
744 2006 826 2086 λέγε.

188 2101 310 2162 ΚΛΙΝ.
338 2095 454 2161 Πάντα
475 2092 584 2179 άληθη
608 2098 811 2184 κατηγόρησε
830 2105 1005 2175 Κυνίσκος.
1037 2094 1101 2182 ἐγώ

104 2194 215 2275 μένποι
226 2200 327 2257 ταῦτα
340 2218 354 2258 ε
356 2199 452 2276 ίπεῖν,
470 2218 493 2257 ω
484 2182 664 2259 βέσποτα’
663 2197 908 2281 Ραδάμανθυ,α
889 2195 1100 2279 αἰσχύνομαι·

103 2296 237 2355 τοιαῦτα
253 2316 295 2374 ην
312 2286 331 2355 όι
327 2287 401 2355 ἐπ’
422 2292 504 2373 ἐμοῦ
519 2291 738 2375 διεπράττετο.

185 2394 284 2456 ΡΑΔ.
306 2390 503 2474 Σαφέστατα
518 2414 579 2473 μεν
597 2382 661 2456 ούν
675 2403 935 2474 καταμαρτυρεῖς
951 2388 1033 2473 μηδὲ
1053 2394 1100 2455 εί-

102 2501 176 2552 πεῖν
188 2483 271 2552 αύτά
283 2484 504 2574 ὑπομένουσα.
524 2489 578 2554 καὶ
590 2486 633 2554 σύ
643 2490 678 2555 δὲ
690 2485 845 2573 ὀΛύχνος
855 2484 918 2572 ἤδη
929 2487 1097 2572 μαρτύρει.

184 2590 282 2652 ΛῬΧ.
303 2582 382 2670 Ἐμοὶ
398 2582 437 2652 τά
454 2581 535 2671 μεθ’
551 2582 677 2672 ἡμέραν
694 2587 755 2670 μὲν
772 2581 834 2651 οὐκ
849 2583 952 2651 εἶδον·
976 2581 1017 2652 ού
1034 2582 1098 2670 γάρ

101 2691 226 2771 παρῆν·
254 2680 276 2750 ά
291 2687 326 2751 δὲ
341 2690 408 2751 τῶν
423 2692 555 2751 νυκτῶν
570 2687 673 2751 ἐποίει
690 2687 744 2751 καὶ
760 2689 916 2768 ἔπασχεν,
939 2681 1027 2750 ὀκνῶ
1044 2686 1099 2751 λέ·

98 2809 187 2868 γειν·
215 2781 302 2868 πλὴν
319 2784 510 2870 ἐθεασάμην
526 2810 565 2869 γε
581 2780 687 2851 πολλά
705 2784 759 2850 καλ
774 2780 899 2868 άρρητα
919 2786 972 2850 καί
987 2790 1098 2850 πᾶσαν

98 2882 199 2968 ὕβριν
220 2880 499 2965 ὑπερπεπαικότα.
531 2889 637 2950 καίτοι
661 2880 817 2959 πολλάκις
835 2880 921 2949 έκών
940 2882 1097 2950 τοῦλαιον
1145 2956 1148 2961 ,

98 2980 159 3048 οὐκ
177 2988 293 3049 ἔπινον
308 2978 558 3069 ἀποσβεσθῆναι
578 2983 705 3048 θέλων·
732 2978 750 3045 ὁ
773 2980 809 3047 δὲ
830 2982 884 3049 καλ
898 2985 1047 3067 προσῆγέ
1057 3007 1098 3067 με

96 3095 163 3158 τοῖς
187 3084 368 3165 δρωμένοις
395 3082 449 3147 καὶ
475 3079 510 3147 τό
540 3086 610 3158 φῶς
630 3105 696 3164 μου
720 3079 827 3147 πάντα
850 3080 976 3164 τρόπον
1001 3108 1098 3149 κατε-

96 3184 235 3262 μίαινεν

170 3281 220 3345 28
232 3285 333 3346 ΡΑΔ.
343 3276 433 3354 Αλις
441 3275 505 3362 ηδη
514 3302 581 3343 των
589 3300 777 3362 μαρτνρων
791 3273 874 3343 αλλα
884 3279 939 3343 καί
947 3275 1096 3345 αποδυθι

95 3401 156 3459 την
175 3358 422 3461 πορφυρίδα,”
407 3402 462 3443 ινα
485 3372 545 3443 τόν
564 3372 712 3461 ἀριθμόν
734 3378 858 3458 ἴδωμεν
874 3375 1097 3524 τμχιμτιγμά-
