2550 3825
170 153 232 215 282
529 157 817 216 ΛΟΤΚΙΑΝΟΥ

169 340 210 399 με
224 353 266 364 -
275 318 459 400 Γλυκέριον
473 312 536 401 τὴν
553 321 738 384 παλλακίδα
752 342 818 403 μου
827 357 870 368 -
881 319 936 384 καὶ
948 316 1049 384 πάλαι
1060 320 1107 401 δέ,
1122 312 1174 384 οἷ-

169 438 244 497 μαι,
260 413 547 500 κεκοινωνήκεσαν
561 453 603 464 -
616 411 822 499 παραχαχάν
837 415 1101 501 ἐπισπασάμενος
1110 412 1173 500 τὴν

167 511 282 595 θύραν
302 511 434 578 ἐσπόδει
458 510 612 595 καθάπερ
632 509 771 590 οὐδενός
788 515 888 578 ἔνδον
908 510 1089 599 παρόντος,
1113 508 1171 578 εἶτ’
1271 500 1272 523 ³

99 616 152 672 634
170 606 282 693 ἐπειδὴ
298 605 370 686 ἀλις
387 605 450 693 εἶχε
470 614 528 694 τῆς
544 609 739 693 ἐπιθυμίας,
759 606 951 693 ἀποβλέψας
965 613 1012 686 είς
1023 609 1098 693 ἐμέ,
1118 604 1173 674 Σύ
1272 684 1273 687 ¹

169 709 298 792 μέντοι,
319 712 439 793 φησίν,
464 698 490 772 ά
506 703 629 791 μιαρόν
643 704 857 791 ἀνθρώπιον,
879 706 1007 791 πληγάς
1019 731 1076 792 μοι
1090 714 1172 773 πολ-

169 805 264 881 λάκις
278 801 379 871 ούδὲν
396 801 568 870 ἀδικοῦντι
586 806 765 882 ἐνέτειναςΙ
789 806 844 871 καλ
855 800 958 873 ταῦθ’
978 801 1046 889 ἀμα
1065 806 1173 888 λέγων

169 902 344 988 παρέτιλλέ
364 926 404 985 με
429 901 484 967 καὶ
509 897 592 966 κατά
615 901 739 985 κόρρης
759 905 867 985 ἔπαιε,
897 903 989 979 τέλος
1009 902 1046 967 δὲ
1065 895 1173 967 πλατύ

168 997 397 1085 χρεμψάμενος
412 1000 467 1065 καὶ
481 999 691 1077 καταπτύσας
701 1024 767 1084 μου
781 1003 852 1083 καί,
866 1004 925 1076 ms
937 995 998 1066 τόν
1011 1005 1079 1066 τῶν
1093 994 1173 1063 ἀσε-

169 1103 241 1182 βῶν
261 1102 371 1181 χῶρον
388 1093 501 1182 ἀπιδι,
518 1093 664 1164 ἐπειπάυ
678 1094 794 1186 ᾤχετο·
827 1093 891 1182 ἐχά
912 1095 948 1163 δέ
970 1095 1174 1182 ἐνεπιμπρά-

170 1219 237 1279 μην
252 1198 329 1279 μέν,
344 1190 407 1260 ούκ
423 1191 510 1279 εἶχον
521 1195 558 1262 δὲ
570 1192 659 1279 ὅμως
670 1192 690 1261 ό
700 1221 731 1261 τι
741 1197 796 1262 καὶ
807 1193 965 1280 δράσαιμι
975 1190 1080 1261 αύτὸν
1091 1185 1174 1270 αύος

169 1289 233 1377 ἥδη
251 1292 305 1358 καὶ
319 1287 445 1376 ψυχρός
461 1287 518 1359 ύν.
541 1293 596 1359 καὶ
608 1289 629 1378 ἡ
645 1289 747 1377 μιαρά
759 1291 796 1358 δὲ
809 1297 965 1378 παιδίσκη
976 1293 1045 1360 ἐπεὶ
1057 1290 1173 1375 ψόφου

171 1389 381 1473 προσιόντων
396 1395 498 1457 τινῶν
514 1388 655 1478 ᾔσθετο,
681 1392 777 1480 σιέλῳ
793 1396 931 1475 χρίσασα
945 1388 1025 1469 τούς
1040 1388 1174 1475 όφθαλ·

171 1484 254 1570 μούς
266 1483 310 1564 ὡς
322 1486 514 1571 δακρύσασα
525 1483 580 1554 ἐπ’
594 1489 676 1571 ἐμοί,
690 1487 869 1553 κωκύουσα
879 1490 934 1555 καὶ
943 1485 1091 1573 τούνομα
1101 1490 1172 1552 ἐπι-

171 1589 358 1670 καλουμένη
378 1584 607 1670 ἀπηλλάττετο.
632 1611 681 1650 ιν
696 1591 726 1652 εί
738 1591 901 1671 λαβοίμην
913 1622 958 1636 -

256 1688 305 1750 13.
324 1689 457 1751 ΚΛΩΘ.
480 1689 615 1749 Παῦσαι
625 1679 787 1768 ἀπειλῶν,
802 1680 886 1751 ἀλλά
897 1687 1036 1769 ἔμβηθι·
1057 1679 1173 1765 καιρός

171 1778 235 1864 ἤδη
250 1800 302 1846 σοι
317 1777 468 1847 ἀπαντᾶν
482 1782 534 1846 ἐπὶ
549 1777 586 1846 τό
603 1781 827 1865 δικαστήριον.

256 1881 362 1944 ΜΕΓ.
385 1879 450 1943 Καὶ
470 1883 518 1954 τίς
539 1874 672 1956 ἀξιώσει
688 1875 759 1945 κατ’
780 1873 902 1965 ἀνδρὸς
922 1875 1093 1965 τυράννου
1107 1881 1171 1961 ψῆ-

174 2000 240 2060 φον
254 1981 382 2061 λαβεῖνς

256 2077 390 2139 Maca).
415 2070 508 2140 Κατά
529 2074 700 2157 τυράννου
721 2073 783 2159 μέν
799 2074 923 2155 οὐδείς,
949 2068 1032 2140 κατά
1049 2074 1171 2154 νεαροῦ

173 2170 208 2239 δὲ
224 2168 501 2257 ὁῬαδάμανθυς,
519 2168 559 2239 ὃν
576 2169 694 2240 αὐτίκα
709 2170 783 2252 ὄψει
793 2173 881 2258 μάλα
893 2176 1023 2239 δίκαιον
1033 2172 1088 2236 καὶ
1098 2165 1171 2236 κατ’

104 2290 154 2344 635
173 2268 269 2350 ἀξίαν
288 2272 476 2340 ἐπιτιθέντα
497 2272 622 2359 ἑκάστῳ
643 2268 704 2356 τὴν
718 2275 830 2358 δίκην·
851 2268 889 2337 τὸ
906 2274 943 2338 δὲ
956 2275 1022 2337 νῦν
1037 2272 1113 2353 ἔχον
1128 2263 1173 2351 μὴ

173 2370 329 2455 διάτριβε.

255 2474 360 2536 ΜΕΓ.
384 2464 461 2535 Κάν
472 2467 609 2553 ίδιοότην
623 2493 664 2553 με
677 2477 834 2555 ποίησον,
851 2459 1020 2552 ἀΜοῑρα,
1035 2472 1103 2532 τῶν
1113 2488 1173 2530 πε-

172 2568 298 2652 νήτων,
313 2563 377 2633 κάν
389 2571 513 2634 δούλου
524 2564 598 2634 ἀντὶ
611 2574 672 2633 τού
682 2568 784 2635 πάλαι
792 2568 968 2653 βασιλέως·
990 2562 1177 2653 ἀναβιῶναί

172 2690 212 2749 με
228 2670 327 2732 ἐασον
344 2664 460 2749 μόνον.

255 2767 389 2829 ΚΛΩΘ.
412 2767 486 2828 Ποῦ
498 2756 584 2828 ’στιν
599 2759 617 2828 ὁ
631 2788 669 2829 το
687 2763 807 2845 ξύλον;
828 2766 884 2831 καὶ
897 2760 940 2828 σύ
952 2764 1004 2847 δέ,
1021 2753 1048 2827 ό
1062 2758 1174 2847 Ἑρμῆ,

173 2856 283 2943 σύρετ’
300 2856 404 2926 αὐτόν
422 2869 499 2927 είσοι
512 2869 574 2927 τοῦ
588 2862 706 2940 ποδός·
729 2860 770 2930 ού
784 2860 849 2950 χάρ
866 2857 909 2928 ἀν
925 2863 1041 2947 ἐμβαίη
1057 2858 1153 2928 ἑκύν.

255 2962 358 3023 ΕΡΜ,
372 2954 477 3026 Ἕπου
488 2964 564 3043 νῦν,
582 2962 741 3041 δραπέτα·
759 2963 857 3046 δέχου
866 2966 987 3028 τοῦτον
997 2960 1051 3044 σύ,
1064 2968 1175 3042 πορθ-

171 3064 251 3142 μεύ,
267 3062 337 3137 καί,
354 3053 390 3122 τό
408 3059 516 3141 δεῖνα,
532 3054 622 3135 ὅπως
639 3056 845 3143 ἀσφαλῶς-

254 3163 350 3225 ΧΑΡ.
370 3153 513 3241 Ἀμέλει,
532 3153 616 3238 πρός
630 3152 690 3222 τὸν
704 3154 798 3225 ίστδν
812 3156 993 3242 δεδήσεται.

255 3261 361 3323 ΜΕΓ.
385 3258 450 3322 Καὶ
464 3251 531 3340 μην
545 3256 583 3321 ἐν
597 3261 637 3343 τῇ
652 3260 812 3347 προεδρίᾳ
825 3257 1028 3336 καθέζεσθαί
1040 3282 1081 3342 με
1094 3261 1154 3325 δελ.

256 3358 390 3420 Ram.
406 3351 475 3419 Ὅτι
492 3360 540 3432 τίς
