2550 3825
463 222 738 282 ΑωοΛοΓιΛ.
813 250 815 255 -
959 198 963 203 ’
1046 219 1109 283 325
1204 274 1208 281 .

105 386 210 466 δοκεῖ,
238 380 259 449 ἀ
276 410 325 460 τις
340 378 384 448 ἀν
405 379 449 460 ῶς
463 384 500 449 ἐν
513 382 651 470 τοιούτῳ
668 379 943 469 ἀπολογήσασθαι
958 388 1041 468 ίχοι,
1066 378 1109 450 ού

104 479 196 546 πάνυ
213 477 432 566 εὐπρόσωπον
450 481 589 545 ἕκαστον
605 475 726 546 αὐτῶν.
750 476 793 567 σύ
808 483 847 547 δέ
857 507 914 565 μοι
924 481 1064 566 θάρρει,
1082 472 1109 547 ῶ

103 579 227 662 ἑταῖρε,
245 572 289 655 ῶς
303 575 417 644 ούδενὶ
429 575 558 643 τούτων
569 577 652 660 ἐμοῦ
665 581 887 662 χρησομένου·
907 576 951 664 μή
968 575 1034 663 γάρ
1049 604 1106 645 το-
1125 597 1177 653 71⁸

104 673 223 753 σούτός
240 698 319 741 ποτε
334 672 429 759 λιμός
443 672 624 760 καταλάβοι
637 672 674 741 τό
684 673 819 761 Ἄργος,
835 672 880 754 ῶς
895 673 957 762 τήν
971 676 1107 743 Κυλλά-

8 835 13 844 ,
104 780 204 859 ραβιν
218 777 366 856 σπείρειν
382 774 572 858 ἐπιχειρεῖν·
595 770 671 838 οὐδ’
686 771 778 859 ἡμεῖς
794 771 883 841 οὕτω
897 777 1034 860 πένητες
1051 772 1107 841 εύ-

103 870 210 953 λόγου
224 868 403 955 ἀπολογίας
414 867 457 946 ῶς
469 866 534 936 ὑπὸ
546 865 686 954 ἀπορίας
696 868 736 936 τά
747 878 884 938 τοιαῦτα
893 870 1107 958 κρησφύγετα

103 966 187 1051 πρός
203 964 264 1052 τήν
281 974 482 1053 κατηγορίαν
497 972 611 1053 ζητεῖν.
636 965 720 1034 ἀλλά
735 994 792 1054 μοι
809 971 915 1036 ἐκεῖνο
932 970 1106 1055 ἐννόησον,

105 1062 149 1142 ῶς
164 1064 322 1150 πάμπολυ
338 1066 505 1152 διαφέρει,
528 1067 561 1143 ἐς
572 1070 681 1133 οίκίαν
694 1063 785 1144 τινός
804 1073 968 1136 πλουσίου
982 1064 1107 1153 ὑπόμι-

103 1171 192 1229 σθον
207 1161 420 1247 παρελθόντα
436 1163 611 1230 δουλεύειν
621 1164 677 1229 καί
687 1161 864 1249 ἀνέχεσθαι
876 1161 938 1230 ὅσα
951 1169 1012 1250 μοί
1023 1183 1106 1250 φησι

104 1257 140 1328 τό
155 1265 302 1346 βιβλίον,
326 1254 347 1345 ή
369 1263 510 1348 δημοσία
527 1259 714 1346 πράττοντά
733 1287 765 1328 τι
779 1268 847 1328 τῶν
862 1270 987 1328 κοινῶν
1001 1263 1055 1329 καί
1071 1265 1105 1338 ἐς
1123 1281 1177 1337 τις

79 1447 81 1451 ,
104 1357 698 1450 δύναμιντιολιτευόμενονέπλτούτφ
709 1357 798 1443 παρά
812 1364 971 1445 βασιλέως
982 1369 1104 1446 μισθο-

104 1470 231 1542 φορεῖν.
255 1453 402 1522 διελθῶν
417 1453 457 1542 δή
472 1457 526 1522 καὶ
544 1459 610 1544 ίδίηι
624 1458 782 1534 καταθεὶς
798 1455 955 1540 ἑκάτερον
969 1456 1102 1523 σκόπει·

104 1551 255 1638 εὑρήσεις
271 1550 333 1638 γάρ
350 1550 386 1620 τὸ
402 1559 469 1620 τῶν
484 1560 656 1638 μουσικῶν
667 1551 708 1640 δή
722 1561 837 1640 τοῦτο,
853 1555 902 1633 δὶς
917 1551 972 1638 διά
987 1558 1104 1620 πασῶν

102 1649 139 1719 τδ
157 1657 309 1736 πρᾶγμα,
331 1653 386 1719 καλ
399 1658 560 1718 τοσοῦτον
575 1653 723 1730 ἐοικότας
739 1649 892 1739 ἀλλήλοις
907 1650 985 1730 τούς
998 1657 1103 1738 βίους,

102 1747 186 1816 όσον
200 1749 367 1835 μόλυβδος
387 1745 523 1838 ἀργύρῳ
543 1750 597 1816 καί
610 1748 730 1834 χαλκός
745 1756 858 1840 χρυσῶ
874 1750 929 1842 καὶ
949 1747 1104 1834 ἀνεμώνη

101 1848 191 1939 ρόδφ
208 1848 263 1914 καί
278 1842 448 1937 ἀνθρώπῳ
469 1853 627 1933 πίθηκος·
661 1846 782 1934 μισθός
797 1847 859 1935 μὲν
872 1845 937 1933 γάρ
954 1843 994 1933 δή
1010 1841 1104 1914 κάκει
1122 1839 1172 1912 720

101 1943 277 2014 κάνταῦθα
298 1946 352 2011 καί
373 1943 411 2011 τὸ
435 1941 495 2011 ὑπ’
516 1944 604 2035 ἀλλφ
624 1948 817 2031 τάττεσθαι,
844 1945 881 2013 τό
908 1949 944 2014 a&
968 1952 1103 2030 πρᾶγμα

101 2044 302 2130 παμπόλλην
322 2048 386 2128 ἔχει
406 2040 469 2127 τήν
489 2047 684 2129 διαφωνίαν.
715 2049 783 2114 ἐκεῖ
801 2046 862 2131 μὲν
882 2042 957 2129 γάρ’
969 2048 1103 2110 δουλεία

74 2186 75 2189 =
101 2137 211 2226 σαφής
235 2140 289 2206 καί
306 2137 347 2205 ού
368 2136 452 2206 πολύ
474 2146 542 2206 τῶν
562 2138 810 2227 ἀργυρωνήτων
834 2142 888 2207 καί
909 2145 1104 2223 οίκοτρίβων

79 2271 82 2276 ’
101 2241 321 2324 διαφέρουσιν
336 2242 371 2306 οί
384 2240 435 2306 ἐπὶ
449 2244 495 2326 τῷ
509 2245 665 2307 τοιουτωῒ
677 2239 849 2321 εἰσιόντες,
871 2241 904 2303 οί
919 2237 956 2302 δὲ
975 2232 1015 2301 τά
1031 2260 1104 2302 κοι-

101 2337 144 2405 νά
161 2334 215 2404 διά
231 2333 339 2422 χειρός
354 2342 483 2422 ἔχοντες
499 2338 554 2404 καὶ
567 2337 683 2404 πόλεσι
697 2338 752 2405 καί
764 2343 901 2405 ἔθνεσιν
916 2332 1006 2411 ὅλοις
1016 2340 1104 2418 σφᾶς

103 2432 225 2514 αύτούς
241 2442 421 2521 χρησίμους
441 2437 639 2520 παρέχοντες
654 2432 715 2502 ούκ
729 2431 773 2502 άν
789 2434 921 2509 είκότως
936 2434 972 2499 ἐκ
995 2433 1104 2518 μόνον
1156 2476 1159 2479 ·

101 2542 162 2603 τοῦ
171 2540 298 2620 μισθοῦ
309 2526 541 2619 διαβάλλοιντο
556 2535 610 2600 καί
622 2535 656 2612 ἐς
669 2531 846 2619 ὁμοιότητα
856 2534 910 2600 καί
924 2538 1104 2600 κοινωνίαν

32 2623 49 2715 ’,
101 2642 158 2720 τῆς
179 2639 376 2719 κατηγορίας
399 2636 634 2700 καθέλκοιντο·
668 2635 737 2700 ἐπεὶ
758 2630 820 2700 ούκ
841 2627 884 2699 ἀν
905 2631 1034 2716 φθάνοι
1055 2659 1104 2710 τις

102 2732 231 2812 ἁπάσας
247 2729 396 2820 ἀναιρῶν
415 2728 473 2809 τάς
488 2731 642 2811 τοιαύτας
663 2738 878 2816 προστασίας,
904 2733 958 2798 καί
979 2730 1055 2799 οὔτε
1072 2738 1105 2799 οί

101 2838 245 2900 τοσαῦτα
261 2836 345 2915 ἔθνη
360 2831 633 2912 ἐπιτροπεύοντες
646 2828 725 2897 οὔθ’
739 2834 773 2897 οί
784 2828 843 2925 τάς
853 2830 965 2908 πόλεις
978 2826 1103 2916 ἁρμότ-

101 2956 213 3007 τοντες
227 2925 307 2995 οὔθ’
325 2932 359 2994 οί
371 2924 430 3005 τάς
444 2926 617 3013 φάλαγγας
631 2923 653 3012 ἦ
669 2928 873 3009 στρατόπεδα
889 2926 950 2997 ὅλα
965 2933 1103 3015 ἐγχειριὲ

102 3028 231 3112 ζόμενοι
252 3023 365 3108 ὀρθῶς
384 3026 597 3111 ποιήσουσιν,
623 3029 692 3093 ἐπεὶ
714 3028 768 3093 καὶ
785 3025 906 3111 μισθός
925 3027 1038 3094 αύτῶν
1057 3036 1103 3117 τῷ

101 3133 187 3215 ἔργῳ
204 3122 391 3208 πρόσεστιν.
423 3121 495 3191 ἀλλ’
520 3122 581 3191 ούκ
601 3123 661 3210 ἀφ’
688 3125 778 3208 ἑνός,
803 3122 909 3210 οἶμαι,
934 3124 995 3211 χρή
1018 3124 1103 3192 ἀνα-

100 3225 233 3307 τρέπειν
248 3218 289 3287 τά
310 3220 419 3288 πάντα
440 3218 513 3288 οὐδ’
533 3228 697 3309 ἰσοτιμίαν
712 3230 791 3290 τῶν
798 3223 1103 3309 μισθοφορούντων

99 3319 309 3389 καθιστάναι.
348 3326 396 3387 12.
427 3318 463 3387 τό
491 3323 528 3389 δὲ
552 3318 633 3388 όλον
662 3318 704 3387 ού
728 3316 807 3397 τούς
832 3327 1104 3406 μισθαρνοῦντας

98 3420 246 3497 ἅπαντας
264 3414 329 3504 ίγῶ
351 3419 470 3507 φαύλφ
489 3425 550 3507 βίςο
568 3433 719 3487 συνεῖναι
736 3424 899 3504 ἔφασκον,
917 3415 1007 3489 Ιἀλλά
1024 3419 1102 3499 τούς
1121 3437 1168 3490 721
