2550 3825
449 227 763 286 ΕΡΜΟΤΙΜΟΣ.
1045 228 1107 291 345

107 379 168 466 τὴν
183 380 264 449 ὁδόν
279 384 382 469 μόνος
398 384 567 471 βασιλεῦς,
583 384 686 471 μόνος
696 385 870 472 πλούσιος,
885 389 988 472 μόνος
1002 389 1107 474 σοφός

106 482 162 546 καὶ
177 479 327 557 συνόλως
342 480 481 550 ἅπαντα.

191 583 239 649 17.
262 587 363 648 AYK.
381 579 520 666 Ἕλενον
534 581 570 648 δὲ
589 588 692 648 ταῦτα
707 578 791 664 πρός
813 582 849 649 σέ
866 581 960 652 ἄλλοι
981 588 1107 672 δηλαδὴ

106 677 180 763 περὶ
199 673 327 746 αὐτῶν·
359 675 401 745 οῦ
420 676 486 764 νδρ
501 677 540 765 δὴ
562 681 701 757 ἐκείνοις
720 675 764 746 ἀν
785 678 897 759 αὐτοῖς
916 684 1108 761 ἐπίστευσας

107 775 280 842 ἐπαινοῦσι
293 774 333 842 τὰ
349 774 466 844 αὐτῶν.

188 880 292 941 ΕΡΜ,
315 871 495 961 Οὐδαμῶς,
513 871 587 943 ἀλλ’
604 879 639 942 οί
652 873 747 942 ἄλλοι
763 880 886 962 ἔλεγον.

188 976 288 1037 ΛΤΚ.
313 976 357 1038 OC
369 973 431 1056 μὲν
445 970 486 1058 δὴ
498 971 664 1051 ἀντίδοξοι
678 969 741 1039 οῦκ
752 978 884 1060 ἔλεγον,
900 972 943 1053 ὡς
957 971 994 1043 τό
1010 973 1097 1054 εἰκός

105 1059 211 1150 [οὗτοι
227 1068 263 1134 δὲ
276 1059 364 1154 ἦσαν
378 1073 412 1136 οί
425 1067 465 1136 τά
481 1068 565 1138 ἀλλα
580 1077 866 1156 φιλοσοφοῦντες]

188 1171 292 1232 ΕΡΜ.
316 1163 457 1251 Οῦνάρ.

186 1268 287 1330 ΛΥΚ.
314 1267 357 1330 Οἱ
371 1261 403 1330 δ’
420 1263 485 1348 ἀρα
500 1269 628 1332 ίδιῦται
642 1271 746 1331 ταῦτα
760 1270 885 1352 ἔλεγον.

187 1366 290 1428 ΕΡΜ.
314 1363 379 1429 Καὶ
395 1361 491 1448 μάλα.

187 1468 288 1529 ΛΥΚ.
305 1458 420 1551 Ὁρᾷς,
437 1460 526 1540 ὅπως
537 1455 640 1540 αὖθις
651 1464 812 1550 ἐξαπατᾷς
825 1488 866 1548 με
880 1461 988 1530 καλοῦ
1002 1467 1108 1550 λέγεις

102 1556 255 1644 τάληθές,
269 1556 342 1627 ἀλλ’
354 1569 416 1628 οἴει
426 1566 584 1649 Μαργίτῃ
598 1563 813 1645 διαλέγεσθαί
820 1585 898 1645 τινι,
917 1557 960 1638 ως
970 1569 1106 1629 πιστεῦ-
1124 1579 1175 1634 756

104 1676 159 1722 σαι
174 1653 225 1724 ὅτι
237 1654 440 1745 Ἑρμότιμος,
456 1655 542 1744 ἀνὴρ
557 1657 706 1741 συνετός,
722 1662 777 1742 ἔτη
789 1657 862 1724 τότε
875 1657 1023 1743 γεγονώς
1035 1684 1108 1725 τετ-

103 1752 306 1840 ταράκοντα,
322 1758 396 1839 περὶ
409 1761 610 1842 φιλοσοφίας
621 1757 676 1822 καὶ
687 1752 883 1839 φιλοσόφων
894 1752 1030 1840 ἀνδρῶν
1041 1771 1108 1834 τοῖς

103 1849 249 1930 ίδιόταις
271 1854 440 1921 ἐπίστευσε
461 1855 516 1921 καλ
537 1850 619 1922 κατά
642 1850 683 1919 τά
705 1848 765 1918 ὑπ’
788 1854 924 1920 ἐκείνων
944 1853 1107 1940 λεγόμενα

103 1954 243 2018 ἐποιεῖτο
258 1949 320 2038 τὴν
334 1956 463 2035 αἵρεσιν
476 1958 544 2018 τῶν
557 1950 758 2033 κρειττόνων
771 1947 890 2029 ἀξιῶν·
919 1947 961 2017 οῦ
975 1948 1041 2036 νάρ
1063 1947 1107 2017 ἀν

103 2048 317 2133 πιστεύσαιμί
330 2068 382 2115 σοι
399 2055 536 2115 τοιαῦτα
549 2049 691 2132 λέγοντι.

189 2149 237 2213 18.
259 2152 362 2212 ΕΡΜ.
383 2142 469 2212 Ἀλλ’
488 2142 604 2225 οἶσθα,
621 2135 648 2208 ὦ
663 2150 803 2226 Λυκῖνε,
824 2142 897 2228 οῦχὶ
912 2159 979 2222 τοῖς
993 2143 1106 2223 ἀλλοις

102 2241 210 2327 μόνον
224 2244 414 2327 ἐπίστευον,
431 2238 514 2309 ἀλλά
533 2240 589 2307 καὶ
604 2241 749 2329 ἐμαυτῷ·
773 2239 888 2321 ε’όρων
903 2237 968 2324 νάρ
984 2238 1106 2318 αὐτοῦς

103 2345 247 2425 κοσμίως
261 2344 468 2427 βαδίζοντας,
490 2336 780 2424 ἀναβεβλημένους
795 2333 977 2421 εὐσταλεῖς,
999 2363 1108 2423 φρου-

102 2445 248 2519 τίζοντας
256 2435 318 2524 ἀεί,
329 2437 556 2523 ἀρρενωπούς,
567 2439 604 2503 ἐν
611 2441 679 2524 χρῷ
690 2441 827 2519 κουρίας
835 2432 1105 2521 τοῦςπλείστους,

103 2534 204 2605 οῦδὲν
218 2533 326 2623 ἁβρόν
341 2534 416 2604 οὐδ’
433 2530 478 2603 αὖ
499 2536 590 2602 πάνυ
605 2537 640 2613 ἐς
657 2531 694 2601 τδ
716 2529 1106 2620 ἀδιόφορονῦτιερεαπί-

102 2659 202 2717 πτον,
220 2659 264 2710 ος
274 2638 459 2718 ἔκπληκτον
470 2630 554 2700 εἶναι
569 2632 624 2698 καὶ
637 2626 779 2697 κυνικόν
794 2628 953 2714 ἀτεχνῶς,
968 2627 1042 2698 ἀλλ’
1054 2632 1106 2699 ἐπὶ

101 2740 164 2799 τοῦ
185 2733 289 2817 μέσον
308 2729 568 2815 καταστήματος,
598 2727 675 2814 δδὴ
701 2727 838 2813 ἀριστον
857 2726 1001 2807 ἅπαντες
1022 2727 1106 2797 εἶναι

103 2832 216 2917 φασιν.

186 2937 286 2999 AYK.
301 2923 372 3012 'Ao’
389 2923 453 2997 οὖν
475 2928 611 2998 κάκεῖνα
632 2928 716 3005 εἶδες
730 2935 909 3008 ποιοῦντας
920 2928 1061 3015 αὐτούς,
1084 2932 1106 2997 δι’

101 3034 207 3117 μικρῷ
224 3026 377 3109 πρόσθεν
398 3031 513 3111 ἔλεγον
532 3024 633 3103 αῦτδς
655 3026 836 3110 ἑωρακέναι
850 3024 910 3094 τόν
927 3026 989 3094 σόν
1010 3028 1106 3095 διδά-

101 3133 242 3209 σκαλον,
267 3117 498 3210 ἀἙρμότιμε,
516 3124 720 3211 πράττοντας
740 3119 813 3191 οἷον
827 3128 1035 3207 δανείζοντας
1052 3126 1106 3193 καλ

101 3220 323 3302 ἀπαιτοῦντας
339 3249 465 3307 πικρος
484 3224 540 3292 καὶ
561 3227 758 3309 φιλονείκως
774 3220 866 3289 πάνυ
888 3225 1052 3307 ἐρίζοντας
1069 3225 1105 3288 ἐν

100 3337 171 3401 ταίς
184 3326 375 3402 ξυνουσίαις
395 3325 450 3391 καὶ
469 3322 508 3389 τά
531 3322 614 3391 ἄλλα
628 3320 691 3388 ὅσα
710 3324 969 3398 ἐπιδείκνυνται;
990 3316 1106 3406 ἢτοῦ-

100 3444 169 3486 των
187 3416 301 3505 ὀλίγον
320 3442 373 3489 σοι
390 3424 497 3508 με’λει,
520 3420 595 3508 ἀχρι
611 3415 655 3487 ἀν
670 3416 830 3507 εὐσταλὴς
849 3415 870 3505 ἡ
885 3416 1033 3506 ἀναβολὴ
1050 3421 1103 3486 καὶ
