2550 3825
171 146 235 211 212
475 214 478 218 J
531 110 823 211 Λουτιιιαον

172 310 263 377 ἐστιν
281 306 362 396 ἡμῖν
381 311 437 377 καί
451 308 513 395 την
533 308 639 396 ἀλλην
654 314 886 396 πολυτέλειαν,
912 312 985 378 είπέ
1001 335 1074 397 μοι,
1100 313 1175 376 τίνα

172 403 237 495 ἡγῇ
250 414 319 474 τῶν
333 404 490 475 ἀπάντων
504 405 698 495 ἀνθρώπων
712 404 1010 494 εὐδαιμονέστατον
1024 404 1119 473 εἶναι.

254 512 352 574 XAP.
379 512 422 573 Τί
432 503 528 587 ἀραὸ
544 506 665 574 Σόλων
679 509 762 589 ἐρεῖς

256 610 360 671 ΕΡΜ.
384 603 525 689 Θάρρει·
549 600 650 670 οὐδὲν
667 600 819 688 ἀγεννές,
837 595 1011 688 ἀΧάρων.

257 708 360 769 ΣΟΛ.
377 693 416 768 Ὠ
433 707 571 787 Κροῖσε,
586 696 693 785 όλίχοι
705 702 767 786 μὲν
781 704 814 767 οἱ
828 695 1035 785 εὐδαίμονες·
1058 694 1121 783 ἐχά
1137 697 1173 764 δὲ

175 788 223 864 όν
236 796 311 866 οίδα
325 801 470 885 Κλέοβιν
483 799 538 866 καὶ
552 805 681 865 Βίτωνα
697 794 841 883 ἡγοῦμαι
858 794 1174 881 εὐδαιμονεστάτους

173 898 350 981 γενέσθαι,
365 895 444 975 τούς
458 904 516 983 τῆς
531 900 651 978 ἱερείας
667 900 786 972 παῖδας
800 902 857 979 τῆς
867 891 1038 979 Ἀργόθεν.

256 1002 354 1062 XAP.
379 997 486 1081 Φησὶν
501 985 598 1071 οὗτος
619 990 698 1071 τούς
714 991 781 1079 ἀμα
795 991 912 1081 πρχόην
929 989 1173 1075 ἀποθανόντας,

173 1094 243 1160 ἐπεὶ
253 1091 315 1178 τὴν
325 1094 449 1179 μητέρα
461 1090 646 1169 ὑποδύντες
657 1094 814 1159 εἵλκυσαν
828 1090 880 1156 ἐπὶ
890 1096 947 1173 τῆς
960 1085 1174 1174 ἀπηνηςάχρι
1205 1108 1207 1112 ·

172 1187 257 1272 πρός
271 1190 308 1255 τὸ
325 1190 426 1273 ίερόν.

257 1294 403 1355 ΚΡΟΙΣ.
419 1285 541 1354 Ἔστω·
562 1288 724 1372 ἐχέτωσαν
735 1287 854 1353 ἐκεῖνοι
865 1282 905 1351 τά
923 1290 1036 1364 πρῶτα
1050 1290 1106 1369 τῆς
1117 1281 1174 1351 εὐ-

105 1401 156 1455 603
175 1386 355 1469 δαιμονίας.
378 1381 396 1451 ὁ
412 1385 566 1468 δεύτερος
580 1383 617 1449 δὲ
630 1389 678 1460 τίς
692 1378 735 1449 ἀν
749 1391 817 1469 εἴης

257 1489 360 1550 ΣΟΛ.
385 1485 505 1560 Τέλλος
520 1479 538 1548 ὁ
558 1479 749 1567 Ἀθηναῖος,
770 1477 807 1559 ὃς
822 1474 861 1547 εὐ
880 1505 916 1547 τε
932 1483 1009 1567 ἐβίω
1025 1482 1079 1547 καὶ
1093 1476 1175 1546 ἀπέ-

173 1588 282 1646 δανεν
296 1577 380 1666 ὑπὲρ
395 1588 452 1667 τῆς
466 1583 631 1663 πατρίδος.

257 1684 404 1744 ΚΡΟΙΣ.
424 1676 506 1763 Ἐγώ
521 1679 574 1764 δέ,
596 1670 622 1744 ω’
636 1675 812 1762 κάθαρμα,
834 1675 876 1743 οὐ
891 1696 944 1743 σοι
959 1680 1046 1744 δοκῶ
1061 1673 1173 1745 εὐδαί-

174 1797 247 1857 μων
265 1771 368 1854 εἶναι;

256 1876 358 1938 ΣΟΛ.
383 1868 525 1939 Οὐδέπω
536 1869 625 1956 οίδα,
639 1863 665 1938 ἀ
678 1878 815 1956 Κροῖσε,
827 1866 871 1958 ἢν
882 1870 926 1959 μὴ
938 1869 1022 1959 πρδς
1032 1869 1069 1940 τό
1083 1874 1173 1950 τέλος

173 1965 276 2055 ἀφίκη
290 1975 350 2034 τοῦ
361 1975 453 2055 βίον·
475 1966 569 2054 όχάρ
579 1970 728 2045 θάνατος
740 1965 1018 2056 ἀκριβὴς·ἑλεχχος
1028 1977 1096 2036 τάν
1104 1993 1172 2035 τοι-

173 2062 282 2130 οότων
298 2065 356 2132 καί
365 2062 403 2133 τό
421 2064 496 2152 ἀχρι
510 2063 593 2151 πρός
607 2062 644 2132 τό
660 2067 760 2152 τέρμα
774 2064 978 2151 εὐδαιμόνως
989 2071 1170 2153 διαβιῶναι.

255 2170 352 2230 ΧΑΡ.
374 2164 560 2249 Κάλλιστα,
576 2156 603 2230 ἀ
617 2165 754 2249 Σόλων,
772 2162 823 2231 ότι
838 2161 934 2250 ἡμῶν
948 2161 1010 2232 οὐκ
1024 2166 1173 2248 ἐπιλέλη-

172 2279 243 2344 σαι,
261 2257 345 2327 ἀλλά
358 2259 449 2346 παρά
466 2258 503 2328 τό
521 2271 708 2346 πορθμεῖον
720 2259 820 2338 αὐτός
833 2259 936 2340 ἀξιοῖς
948 2267 1101 2345 γίνεσθαι
1111 2257 1174 2346 την

171 2359 334 2439 περὶτῶν
356 2360 519 2426 τοιούτων
539 2367 658 2445 κρίσιν.
698 2365 747 2428 ll.
771 2357 853 2428 ἀλλά
876 2368 968 2440 τίνας
990 2363 1136 2438 ἐκείνους
1154 2358 1172 2426 ὁ

175 2460 316 2539 Κροῖσος
331 2458 486 2543 ἐκπέμπει
500 2453 523 2543 ἢ
536 2463 570 2524 τί
581 2459 634 2524 ἐπὶ
649 2464 717 2524 τῶν
732 2455 832 2542 ὤμων
846 2460 1003 2544 φέρουσις

255 2559 360 2620 ΕΡΜ.
381 2561 556 2633 Πλίνθους
575 2563 621 2645 τῷ
641 2563 764 2646 Πυθίῳ
782 2567 907 2642 χρυσᾶς
923 2556 1098 2644 ἀνατίθησι
1116 2585 1172 2646 μι-

171 2647 260 2716 σδάν
276 2659 345 2718 τῶν
357 2660 532 2739 χρησμῶν,
547 2651 610 2740 ἀφ’
628 2647 677 2721 ἀν
691 2657 745 2724 καὶ
756 2653 924 2726 ἀπολεῖται
940 2655 1062 2745 μικρόν
1074 2655 1172 2725 ὐστε-

172 2769 250 2831 ρον·
272 2750 469 2834 φιλόμαντις
483 2753 519 2818 δὲ
534 2749 552 2818 δ
568 2750 655 2839 ἀνὴρ
671 2755 823 2833 ἐκτόπως.

254 2852 352 2913 ΧΑΡ.
382 2844 504 2917 Ἐκεῖνο
526 2851 591 2936 γάρ
611 2856 701 2920 ἐστιν
722 2850 740 2920 ὁ
760 2853 898 2939 χρυσός,
926 2851 963 2921 τό
985 2851 1173 2942 λαμπρύνδ

103 2959 156 3014 τος
173 2938 374 3030 ἀποστίλβει,
385 2942 423 3012 τό
434 2944 591 3035 ὕπωχρον
602 2949 673 3035 μετ’
687 2952 910 3036 ἐρυθήματοςς
927 2959 993 3019 νῦν
1003 2951 1067 3041 χάρ
1080 2959 1173 3036 πρῶ-

173 3066 232 3107 τον
248 3039 337 3108 είδον
355 3040 490 3113 ἀκούων
505 3045 564 3115 ἀεί.
621 3042 624 3053 “

254 3147 358 3211 EPM.
383 3140 523 3232 Ἐκεῖνο,
548 3139 575 3211 ἀ
596 3147 737 3234 Χάρων,
759 3146 796 3216 τό
817 3146 971 3234 ἀοίδιμον
991 3147 1096 3237 ὄνομα
1117 3151 1173 3218 καὶ

171 3240 402 3326 περιμάχητον.

255 3346 350 3409 XAP.
373 3344 440 3410 Καὶ
454 3340 522 3429 μὴν
542 3340 603 3427 οὐχ
623 3341 692 3430 ὁρά
714 3342 735 3412 ό
755 3372 785 3412 τι
810 3341 943 3430 ἀγαθόν
959 3351 1049 3435 αυτῷ
1065 3346 1172 3433 πρόσ-
