2550 3825
180 158 245 221 270
533 166 835 226 AOTKIANOY

178 320 344 410 Ἀλήθεια,
357 324 535 408 ἐξεύρισκε,
546 365 582 374 -
596 322 680 407 ὑπὲρ
693 332 755 392 σοῦ
764 323 829 411 γάρ
841 332 939 393 τοῦτο
951 329 1078 412 γε’νοιτο
1088 323 1134 391 άυ
1144 365 1187 377 -

182 429 225 499 τις
239 419 283 508 μὴ
301 423 500 522 ἐπικρατήσῃ
515 420 551 490 τό
572 426 703 500 Ψεῦδος
719 424 802 508 μηδὲ
817 421 883 490 ύπὸ
897 432 937 512 τῇ
956 423 1087 512 Ἀγνοίᾳ
1101 431 1190 489 λαν-

179 521 333 588 θάνωσιν
349 527 383 590 οί
395 528 519 607 φαῦλοι
534 528 601 587 τῶν
616 518 751 602 ἀνδρῶν
766 540 803 587 σε
817 519 896 600 τούς
912 519 1075 608 χρηστούς
1086 548 1188 607 μεμε·

180 623 330 704 μῃμένοι.

263 751 313 814 46.
336 753 471 814 ΑΛΗΘ.
490 745 557 814 Ἐπ’
575 747 675 839 αύτῷ,
694 756 723 817 εί
737 754 837 834 δοκεῖ,
851 751 1184 839 Παρρησιάὸῃποιῃ-

180 843 318 930 σύμεθα
329 841 366 911 τό
380 851 544 930 τοιοῦτον,
557 847 626 913 ἐπεὶ
636 846 776 933 χρηστὰς
788 841 893 915 ύπται
905 851 959 916 καὶ
972 847 1093 926 εὔνους
1102 846 1184 933 ἡμῖν

180 943 235 1008 καὶ
250 943 303 1026 σε’,
319 935 559 1029 ύΦιλοσοφία,
576 944 717 1030 μάλιστα
729 947 929 1031 θαυμάζων,
946 948 1184 1034 παραλαβόντα
1270 1002 1271 1035 ,

111 1053 163 1107 613
180 1037 252 1127 μετ’
272 1038 376 1108 αὐτού
391 1039 451 1109 τόν
465 1040 622 1128 Ἔλεγχον
644 1040 746 1110 ἅπασι
766 1057 833 1120 τοῖς
855 1044 1023 1129 φάσκουσι
1044 1053 1185 1129 φιλοσο-
1270 1038 1271 1125 λ

180 1153 258 1225 φεϊν
273 1139 504 1225 ἐντυγχάνειν,
523 1138 590 1208 εἷθ’
605 1138 646 1206 ὂν
660 1141 722 1226 μὲν
737 1135 781 1206 άν
793 1139 876 1229 εὕρῃ
888 1139 1029 1227 γνήσιον
1046 1140 1091 1219 ὡς
1101 1137 1185 1225 ύλῃ·

179 1245 251 1315 θῶς
266 1243 479 1324 φιλοσοφίας,
504 1239 748 1324 στεφανωσάτω
762 1248 894 1308 θαλλού
908 1240 1062 1328 στεφάνῳ
1077 1240 1133 1306 καὶ
1152 1240 1184 1315 ἐς

180 1333 217 1403 τό
227 1343 437 1419 Πρυτανεῖον
446 1336 626 1420 καλεσάτω,
638 1330 681 1422 ἦν
692 1337 732 1402 δέ
738 1361 804 1402 τινι
812 1376 856 1389 —
865 1331 929 1403 οἷοι
942 1342 1060 1403 πολλοί
1068 1340 1131 1402 είσι
1141 1372 1185 1384 -

180 1433 353 1523 καταράτῳ
365 1431 462 1519 άνύρλ
476 1432 640 1522 ὑποκριτῇ
652 1441 850 1519 φιλοσοφίας
861 1433 996 1521 ἐντύχῃ,
1011 1431 1047 1500 τό
1059 1431 1184 1519 τριβά-

180 1557 257 1598 υιον
271 1531 474 1616 περισπάσας
494 1529 702 1617 άποκειράτω
715 1529 776 1599 τόν
791 1531 935 1617 πώγωνα
955 1535 992 1598 ἐν
1007 1536 1076 1618 χρῷ
1092 1528 1182 1595 πάνυ

179 1637 424 1718 τραγοκουρικῇ
447 1636 589 1718 μαχαίρᾳ
609 1630 664 1696 καὶ
686 1632 737 1697 ἐπὶ
764 1637 824 1696 τοῦ
845 1629 1000 1716 μετώπου
1024 1635 1182 1712 στίγματα

180 1730 359 1814 ἐπιβαλέτω
373 1723 396 1812 ἢ
414 1728 606 1812 ἐγκαυσάτω
617 1725 701 1794 κατά
712 1726 749 1795 τό
764 1728 974 1814 μεσόφρυον·
994 1725 1012 1795 ὁ
1029 1727 1065 1794 δὲ
1079 1726 1182 1801 τύπος

180 1833 240 1893 τοῦ
255 1833 420 1911 καυτῆρος
435 1832 517 1892 ἐστω
532 1823 665 1910 άλοίπῃξ
680 1823 702 1911 ἢ
716 1833 867 1911 πίθηκος.

266 1946 354 2007 ΦΙΛ.
376 1932 428 2005 Εύ
443 1964 497 2023 γε,
515 1930 724 2024 ύἈλήθεια·
746 1936 763 2006 ὁ
781 1939 817 2005 δὲ
831 1945 975 2023 ἐλεγχος,
1003 1928 1181 2020 ύΠαρρῃ-

181 2040 295 2125 σιάδῃ,
311 2040 440 2107 τοιόσδε
454 2044 553 2122 ἐστω,
576 2034 645 2117 οἷος
666 2036 683 2106 ὁ
703 2046 771 2108 τῶν
786 2036 890 2107 άετωυ
907 2034 990 2121 πρὸς
1008 2033 1069 2103 τόν
1083 2033 1181 2121 ἥλιον

181 2136 266 2205 εἶναι
279 2140 422 2223 λέγεται,
439 2135 480 2204 ού
494 2136 539 2224 μά
554 2135 610 2206 Δί’
629 2135 712 2205 ὥστε
726 2136 901 2215 κάκείνους
915 2136 1124 2222 ἀντιβλέπειν
1135 2139 1182 2221 τῷ

181 2238 265 2320 φωτὶ
279 2237 334 2303 καὶ
355 2232 438 2320 πρὸς
453 2240 558 2302 ἐκεῖνο
575 2236 827 2320 δοκιμάζεσθαι,
849 2232 933 2303 ἀλλὰ
949 2233 1086 2317 προθεὶς
1099 2256 1181 2316 χρυ-

180 2344 254 2402 σίον
271 2336 325 2402 καὶ
342 2335 442 2414 δόξαν
457 2336 511 2401 καὶ
525 2330 652 2419 ἡδονὴν
669 2330 710 2400 ὃν
719 2336 781 2419 μὲν
791 2330 834 2400 άν
850 2331 960 2399 αὐτῶν
971 2336 1043 2419 ι’δῃς
1056 2328 1183 2415 ὑπερο-

181 2440 290 2520 ρῶντα
302 2435 356 2501 καὶ
366 2438 524 2519 μηδαμῶς
534 2434 713 2518 ἑλκόμενον
724 2430 807 2516 πρὸς
817 2429 879 2516 τὴν
890 2430 979 2513 ὄψιν,
991 2422 1088 2506 ούτος
1099 2434 1183 2496 ἐστω

180 2530 198 2598 ὁ
215 2539 261 2620 τῷ
273 2539 388 2619 θαλλῷ
411 2533 629 2617 στεφόμενος,
655 2529 695 2597 ὃν
712 2528 743 2596 δ’
760 2526 803 2596 άν
823 2528 935 2606 άτενές
951 2526 1182 2615 ἀποβλέποντα

180 2632 235 2695 καλ
250 2625 311 2713 τὴν
331 2644 423 2714 χεῖρα
438 2627 596 2715 ὀρέγοντα
614 2632 666 2697 ἐπὶ
686 2627 723 2696 τό
741 2636 895 2714 χρυσίον,
920 2625 1062 2713 άπάγειν
1076 2628 1128 2693 ἐπὶ
1143 2624 1179 2692 τό

181 2726 362 2811 καυτήριον
377 2734 498 2795 τούτου
514 2727 734 2814 άποκείραντα
753 2726 916 2812 πρότερον
932 2724 992 2792 τόν
1006 2726 1161 2809 πώγωνα.

112 2867 163 2925 614
265 2857 316 2919 47.
340 2861 464 2922 ΠΑΡΡ.
490 2853 545 2934 Ὡς
561 2861 674 2935 ἔδοξεν
692 2861 781 2923 ἔσται
802 2861 920 2938 ταῦτα,
943 2846 1198 2936 ύΦιλοσοφία,,

181 2949 324 3031 καλύψει
340 2950 456 3019 αύτίκα
477 2954 564 3039 μάλα
580 2952 659 3031 τούς
678 2951 822 3032 πολλούς
837 2951 948 3020 αύτῶν
963 2950 1147 3028 ἀλωπεκίας
1161 2946 1183 3035 ἢ

181 3050 452 3135 πιθηκοφόρους,
469 3049 601 3137 ὀλίγους
613 3053 649 3120 δὲ
663 3055 718 3121 καὶΙ
729 3056 1035 3139 ἐστεφανωμένους·
1060 3056 1091 3119 εί
1099 3050 1182 3138 βού-

181 3155 281 3216 λεσθε
293 3150 421 3235 μέντοι,
433 3148 608 3218 κάνταύθα
622 3150 733 3231 άυαξω
744 3148 834 3230 τινάς
844 3150 926 3236 ύμῖν
936 3148 978 3237 νὴ
990 3148 1045 3220 Δί’
1059 3146 1181 3216 αὐτῶν.

266 3268 354 3330 ΦΙΛ.
377 3269 453 3340 Πάς
469 3266 589 3348 λέγεις;
612 3262 743 3344 άνάξεις
758 3263 836 3345 τούς
851 3263 1035 3350 φυγόντας;

264 3380 389 3441 ΠΑΡΡ.
412 3375 477 3441 Καὶ
488 3374 590 3459 μάλα,
606 3373 709 3459 ἤνπερ
720 3374 741 3460 ἡ
753 3377 855 3458 ίέρειά
869 3403 926 3461 μοι
942 3376 1085 3463 ἐθελήσῃ
1099 3372 1182 3454 πρός
