2550 3825
218 149 282 215 ιιο
460 156 759 270 κονκιιιικον
778 139 1024 229 ΣκνοΗΣ.

219 340 249 379 τι
262 309 307 380 άν
327 311 464 431 άριστον
478 306 500 402 6
514 320 553 404 τῇ
574 317 686 383 πόλει.
702 314 771 402 τήν
785 318 847 402 μὲν
864 314 928 406 γάρ
946 320 1146 447 χρηστότητα
1164 322 1208 384 καλ

219 409 292 497 τήν
297 409 381 496 πρὸς
396 409 474 489 τοός
494 415 609 499 ξένους
627 421 887 498 φιλανθρωπίαν
902 420 956 485 καὶ
979 416 1014 486 τὸ
1031 421 1067 485 έν
1087 419 1208 502 μεγέθει

190 561 193 568 .
218 508 372 600 τοσούτω
380 506 614 595 άνεπιφθονον
629 508 731 578 καλ
697 538 734 579 το
750 511 822 598 μετ’
839 512 970 594 εὐνοίας
985 519 1159 599 αἰδέσιμον
1165 512 1209 578 καλ

218 604 255 674 τό
272 614 382 706 πρᾷον
396 605 500 675 καλ
465 634 502 726 τρ
520 606 728 726 εὐπρόσοδον
743 606 843 688 αὐτὸς
863 606 907 677 άν
925 612 1037 691 ἄλλοις
1051 611 1209 698 διηγήσαιο

92 707 94 711 ’
151 719 200 775 871
220 707 391 792 πειραθεὶς
402 731 523 790 μικρον
535 704 687 792 υστερον
710 713 759 775 ll
775 705 886 786 καλός
896 716 1024 794 μᾶλλον
1035 710 1209 794 θαυμάσῃς,

219 811 296 889 μιᾶς
313 803 419 870 καλ
380 829 438 888 της
453 801 557 924 αὐτής
572 807 707 882 οίκίας’
691 804 788 871 εστόν
794 803 892 890 ,υιός
906 810 960 874 καὶ
975 807 1101 894 πατήρ,
1117 803 1134 872 6
1149 807 1208 890 μέν,

129 968 132 973 .
221 912 254 970 εί
263 929 337 970 τινα
353 899 526 970 Σόλωνα
511 931 531 990 η
527 899 748 993 Περικλέαή
760 902 963 991 Ἀριστείδην
980 902 1165 989 {moeses
1151 932 1167 970 ο
1181 904 1209 968 δε

142 995 143 998 “
220 998 292 1079 υίός
306 1005 360 1068 καὶ
375 999 493 1088 ὀφθεὶς
504 1003 565 1088 μέν
577 999 694 1070 αὐτίκα
709 1001 863 1081 ἐπάξεταί
875 1023 930 1088 σε,
948 1002 1037 1073 οὕτω
1049 1007 1146 1091 μέγας
1155 1003 1209 1068 ε’στλ

220 1101 274 1166 καὶ
295 1097 396 1178 καλός
417 1099 617 1220 ἀρρενωπήν
638 1127 713 1168 τινα
736 1097 806 1220 τήν,
825 1098 1029 1220 εὐμορφίαν·
1064 1108 1094 1169 εί
1113 1102 1147 1167 δὲ
1166 1099 1208 1166 καλ

220 1199 400 1284 φθέγξαιτο
416 1199 539 1284 μόνον,
556 1198 723 1285 οἰχήσεταί
735 1214 772 1264 σε·
786 1194 851 1264 άπό
869 1206 936 1264 τοῖν
948 1197 1045 1266 σίτων
1055 1197 1208 1283 άναδησά-

157 1363 158 1368 ,
218 1322 344 1414 μενος,
353 1296 519 1384 τοσαύτην
536 1296 766 1414 Ἀφροδίτην’
749 1297 802 1363 επὶ
815 1303 854 1384 τή
873 1295 1036 1385 γλάττη’
1019 1325 1038 1365 ο
1054 1303 1207 1367 νεανίσκος

219 1399 291 1477 ἔχει
321 1420 342 1479 η
356 1421 394 1480 γε
410 1421 461 1462 τοι
475 1394 601 1472 πόλις
586 1394 698 1461 άπασα
716 1395 888 1479 κεχηνότες
908 1393 1013 1462 αὐτοῦ
1030 1393 1205 1512 άκοήουσιν,

203 1490 346 1560 ’ὁπόταν
367 1495 609 1612 δημηγορήσων
629 1489 834 1578 παρέλθή,
819 1494 938 1560 οποῖόν
954 1515 1040 1579 φασι
1060 1490 1135 1568 τούς
1147 1488 1206 1556 τότε

171 1588 179 1600 ’
216 1587 414 1677 Ἀθηυαίους
438 1588 521 1675 πρὸς
542 1588 602 1657 τόν
628 1596 690 1656 τοῦ
708 1595 867 1656 Κλεινίου
892 1593 1117 1674 πεπονθέναι,
1139 1579 1204 1701 παρ’

220 1689 302 1757 ὅσον
317 1705 384 1768 τοϊς
398 1691 459 1776 μέν
474 1687 536 1757 οὐκ
551 1693 597 1768 είς
606 1685 739 1772 μακράν
750 1692 946 1773 μετεμέλησε
958 1715 1019 1756 του
1004 1695 1160 1774 ἔρωτος,
1173 1679 1205 1746 ὃν

172 1837 176 1845 ·
219 1774 419 1878 ήράσθησαν
435 1795 495 1855 τοῦ
510 1787 736 1874 Ἀλκιβιάδου,
752 1795 873 1854 τοῦτον
887 1785 953 1854 δὲ
938 1813 958 1872 η
973 1786 1071 1867 πόλις
1083 1813 1121 1854 ου
1112 1784 1206 1868 ’φιλεῖ

220 1891 343 1975 μόνον,
358 1885 442 1955 άλλά
460 1891 514 1955 καὶ
529 1891 696 1955 αἰδεῖσθαι
709 1885 772 1974 ήδη
783 1885 884 1972 ἄξιοί,
902 1889 956 1955 καὶ
971 1885 1060 1967 όλως
1075 1892 1111 1956 ἓν
1124 1890 1202 1953 τοῦτο

219 1987 298 2075 ήμίν
308 1987 470 2073 δημόσιον
479 1983 611 2107 άγαθόν
621 1990 689 2053 ἐστι
700 1989 754 2054 καὶ
764 1989 848 2103 μέγα
857 1984 978 2071 ὄφελος
990 1984 1124 2068 ἅπασιν,
1134 1975 1203 2062 ἁνὴρ

221 2078 327 2164 οὗτος.
352 2091 381 2153 εί
399 2083 438 2172 δή
454 2082 556 2164 αὐτός
568 2111 603 2151 τε
617 2088 670 2151 καὶ
686 2110 703 2151 ο
716 2110 823 2170 πατήρ
840 2082 945 2150 αὐτου
931 2082 1110 2163 δέξαιντό
1121 2100 1153 2146 σε
1162 2101 1201 2142 κω

151 2209 201 2263 372
221 2192 320 2271 φίλον
334 2186 547 2271 ποιήσαιντο,
565 2190 676 2250 πᾶσαν
690 2179 821 2267 ἔχεις
786 2208 848 2305 την
862 2181 977 2263 πόλιν,
992 2184 1049 2249 καὶ
1065 2184 1202 2248 ἐπισεῖσαι

218 2281 278 2368 χρή
295 2280 357 2366 τήν
376 2295 484 2366 χείρα,
506 2278 744 2375 τοῦτομόνον,
769 2280 823 2344 καὶ
841 2276 939 2345 οὐκέτ
942 2274 1157 2359 ’ἐνδοιάσιμα
1173 2266 1203 2336 τί

219 2384 270 2451 σά.
293 2389 396 2450 ταῦτα
412 2380 452 2466 νή
468 2379 528 2448 τὸν
542 2380 599 2451 Δί’
618 2379 762 2457 άπαντες
776 2386 907 2463 ἔλεγον,
932 2384 962 2445 εἰ
974 2405 1036 2499 χρη
1025 2374 1138 2445 ἱ”καλ
1119 2397 1205 2459 ορκον

219 2481 398 2569 ἐπάγειν
367 2506 412 2547 τω
399 2478 533 2571 λόγῳ,
552 2487 610 2548 καί
621 2505 677 2567 μοι
694 2478 758 2565 ήδη
773 2482 967 2598 πειρωμένῳ
982 2476 1020 2546 τό
1037 2468 1204 2545 πολλοστὸν

218 2588 285 2647 τῶν
308 2579 504 2662 προσόντων
528 2583 693 2666 εἰρηκέναι
716 2581 841 2657 ἔδοξαν.
876 2574 961 2661 ,,οόχ
986 2578 1084 2661 ἕδρας
1105 2578 1204 2641 τοίνυν

220 2675 293 2742 οὐδ’
304 2675 450 2762 άμβολάς
465 2684 598 2761 ἔργον,“
616 2674 660 2754 ὡς
674 2674 691 2743 6
703 2676 801 2752 Κεῖός
815 2696 929 2759 φησιν,
945 2670 1027 2741 άλλά
1042 2670 1102 2759 χρή
1113 2669 1204 2737 πάντα

219 2774 281 2858 μεν
294 2774 406 2840 κάλων
424 2789 544 2859 κινεῖν,
560 2774 668 2841 πάντα
683 2774 719 2840 δε
729 2772 887 2856 πράττειν
901 2797 955 2838 και
944 2772 1091 2855 λέγειν,
1106 2794 1148 2845 ως
1158 2767 1204 2848 φί-

219 2868 302 2940 λοι”
286 2884 365 2956 ημιν
379 2880 524 2939 τοιοῦτοι
538 2875 705 2958 γένοιντο
725 2866 769 2955 ήν
779 2867 843 2955 γάρ
857 2864 956 2935 τοῦθ’
970 2864 1109 2954 ὑπάρξῃ,
1125 2860 1204 2930 εὔδια

220 2969 327 3035 πάντα
343 2972 397 3037 καὶ
411 2978 514 3048 πλοῦς
530 2970 644 3054 οὔριος
660 2969 714 3036 καὶ
729 2968 916 3052 λειοκύμων
929 2993 950 3052 η
937 2962 1113 3032 ’θάλαττα
1129 2951 1203 3027 καὶὸ

220 3064 319 3154 λιμήν
337 3074 475 3155 πλησίον

564 3264 875 3274 ..μ-...ᾠη-
