2550 3825
146 145 234 212 ³70
529 149 818 208 AOYKIANOY

172 306 294 392 εἰδόσι,
314 310 370 376 καλ
384 305 427 375 ού
440 306 659 393 μνημονεύεις
672 298 721 374 όν
734 311 838 392 ἔφην,
861 303 925 374 ούιι
938 305 1039 386 αύτδς
1053 313 1181 380 εἰδέναι
1251 354 1252 357 =

172 403 313 492 τάληθὲς
333 403 419 491 ὑπὲρ
443 402 522 484 τούς
547 403 670 484 ἀλλους
693 406 957 491 διατεινόμενος,
984 404 1068 476 ἀλλά
1095 411 1181 495 μετὰ

172 504 308 571 πάντων
324 501 405 571 αύτδ
421 501 556 588 ἀγνοεῖν
570 501 752 589 ὁμολογῶν.

256 605 307 669 54.
329 608 434 669 ΕΡΜ.
454 597 560 685 Ἀλλ’,
584 593 766 685 ύΛυκῖνε,
783 598 820 667 τό
836 601 898 685 μὲν
914 603 968 669 ἐπὶ
983 603 1111 681 πάντας
1126 606 1181 671 ἐλ-

70 751 73 760 .
172 708 249 767 θεῖν
262 705 380 784 χρῆναι
393 700 448 766 καί
459 704 663 784 πειραθῆναι
678 689 727 763 όν
738 718 820 783 φασι
835 697 942 765 καὶτὸ
953 698 998 786 μὴ
1010 696 1054 768 ἀν
1069 700 1181 780 ἄλλως
1252 714 1253 773 λ

112 828 116 836 ·
152 840 154 844 .
173 797 307 864 ἑλέσθαι
317 793 354 862 τὸ
365 799 496 882 βέλτιον
509 791 531 880 ἢ
546 793 668 878 οὕτως,
687 794 828 880 εύλογον
841 804 937 882 ίσως,
952 794 990 864 τὸ
1006 798 1042 865 δὲ
1052 804 1093 886 τῇ
1105 806 1181 866 πεί-

173 921 216 981 ρᾳ
233 893 353 980 ἑκάστη
366 902 509 963 τοσαῦτα
524 899 580 978 ἔτη
595 891 810 978 ἀποδιδόναι,
825 896 1042 978 παγγέλοιον,
1065 894 1181 980 ὥσπερ

172 988 233 1074 οὐχ
248 985 369 1057 οἷόντε
389 986 430 1057 όν
445 988 504 1058 ἀπ’
525 988 649 1076 ὀλίγων
664 1000 869 1076 καταμαθεῖν
891 988 932 1057 τὰ
953 992 1073 1058 πάντα.
1105 996 1180 1080 ε’μολ

173 1091 208 1154 δὲ
224 1090 279 1155 καὶ
293 1087 383 1154 πάνυ
399 1087 516 1178 ῥᾴδιον
530 1086 615 1155 εἶναι
633 1091 726 1155 δοκεῖ
741 1085 778 1154 τό
792 1092 1021 1158 τοιοῦτονκαλ
1036 1087 1079 1157 ού
1092 1099 1180 1159 πολ-

173 1193 231 1272 λῆς
245 1190 412 1274 διατριβῆς
428 1187 605 1272 δεόμενον·
629 1193 713 1271 φασί
723 1191 764 1269 γέ
776 1212 827 1253 τοι
841 1192 909 1252 τῶν
920 1194 1076 1255 πλαστῶν
1089 1214 1182 1276 τινα,

174 1289 312 1352 Φειδίαν
326 1284 470 1371 οἷμαι,”
451 1312 555 1371 ονυχα
570 1283 682 1371 μόνον
695 1285 855 1361 λίοντοςί
841 1281 989 1351 ίδόντα’
970 1310 1016 1350 απ
1020 1281 1182 1352 ’ἐκείνου

105 1397 155 1452 795
174 1380 447 1471 ἀναλελογίσθαι,
462 1377 607 1469 ἡλίκος
586 1409 629 1448 αν
645 1379 662 1448 6
678 1384 836 1460 πᾶςλέων
850 1383 979 1468 γε’νοιτο
993 1410 1055 1450 κατ
1056 1380 1179 1482 ’ἀξίαν

172 1489 233 1548 τοῦ
249 1479 368 1567 όνυχος
382 1480 616 1558 ἀναπλασθείς.
636 1481 691 1548 καί
703 1499 746 1545 σν
734 1477 849 1564 δέ,”
826 1506 869 1566 ην
880 1487 929 1559 τίς
941 1503 994 1550 σοι
1007 1496 1100 1568 χεῖρα
1115 1483 1182 1567 μό-

173 1607 238 1666 νην
254 1577 438 1666 ἀνθρώπου
454 1585 543 1668 δείξη
559 1576 596 1646 τό
612 1577 693 1646 ἀλλο
709 1584 803 1663 σῶμα
818 1578 1069 1666 κατακαλύψας,
1093 1591 1181 1667 εἴση,

173 1675 336 1763 οἶμαι,’
295 1685 413 1746 αυτίκα
429 1677 479 1745 ὅτι
496 1677 678 1760 ἄνθρωπός
694 1678 761 1743 ἐστι
775 1701 811 1742 το
800 1672 1181 1764 κατακεκαλυμμένον,

173 1772 238 1843 κάν
248 1772 293 1861 μὴ
304 1774 341 1842 τό
353 1783 422 1842 πᾶν
435 1782 527 1860 σῶμα
542 1779 623 1862 ίδης.
647 1775 701 1841 καὶ
711 1780 827 1842 τοίνυν
838 1770 878 1840 τά
888 1773 951 1858 μὲν
962 1775 1182 1862 κεφαλαιώδη

175 1865 223 1940 ύν
235 1869 376 1951 ἅπαντες
390 1874 541 1959 λέγουσι,
556 1871 675 1961 ῥηίδιον
688 1881 895 1958 καταμαθεῖν
908 1873 945 1940 ἐν
957 1868 1057 1963 ὀλίγῳ
1071 1881 1184 1963 μορίῳ

172 1970 311 2059 ἡμέρας,
326 1969 363 2038 τό
379 1972 416 2040 δὲ
432 1966 652 2058 ὑπερακριβὲς
665 1978 763 2038 τούτο
778 1972 833 2038 καὶ
846 1977 974 2057 μακρᾶς
993 1978 1051 2058 τῆς
1067 1974 1185 2052 ἐξετό-

173 2089 256 2148 σεοις
276 2069 438 2155 δεόμενον
459 2066 500 2136 οὐ
522 2068 613 2136 πάνυ
628 2066 811 2155 ἀναγκαῖον
834 2072 867 2147 ἐς
891 2065 953 2156 τὴν
969 2072 1100 2156 αἵρεσιν
1117 2079 1185 2140 τοῦ
1254 2087 1255 2096 ’

173 2174 357 2257 βελτίονος,
373 2163 447 2235 ἀλλ’
468 2172 536 2236 ἔστι
551 2182 662 2252 κρῖναι
677 2168 732 2235 καὶ
748 2164 807 2233 ἀπ’
825 2169 970 2235 ἐκείνων.

258 2271 308 2333 55.
326 2272 424 2333 ΛΤΚ.
443 2273 572 2350 Παπαῖ,
589 2259 615 2331 ό
625 2262 813 2351 Ἑρμότιμε,
831 2263 1003 2352 ὡςίσχυρά
1014 2274 1119 2335 ταῦτα
1131 2280 1186 2338 εῖ-

174 2390 277 2450 ρηκας
291 2360 356 2430 ἀπὸ
374 2371 442 2431 τῶν
457 2371 568 2450 μεροῖν
582 2361 684 2443 ἀξιῶν
699 2360 739 2430 τοὶ
754 2361 815 2431 ὅλα
830 2368 966 2432 εἰδέναι·
987 2371 1093 2432 καίτοι
1112 2368 1185 2452 ἐγ·

173 2461 212 2530 τά
228 2465 361 2530 ἐναντία
382 2458 527 2540 ἀκούσας
548 2463 714 2547 με’μνημαι
737 2458 780 2539 ὥς
800 2458 818 2528 6
842 2460 904 2547 μὲν
925 2458 962 2528 τό
985 2459 1066 2529 όλον
1082 2461 1187 2543 είδαδς

175 2565 274 2645 είδείη
290 2554 333 2625 ἀν
348 2561 402 2626 καί
419 2556 455 2625 τό
478 2562 592 2645 μέρος,
615 2556 633 2625 6
651 2558 687 2625 δὲ
701 2560 808 2644 μόνον
824 2557 860 2625 τό
878 2562 977 2644 μέρος
997 2556 1108 2627 οὐκέτι
1123 2563 1187 2629 καὶ

175 2683 211 2724 το
200 2655 312 2723 ὅλον.
332 2654 438 2734 οὕτως
449 2662 508 2724 καί
514 2683 570 2742 μοι
580 2656 685 2730 τόδε’
667 2658 856 2742 απόκριναι,
867 2684 885 2725 ο
873 2656 1065 2737 ΜΦειδίας
1043 2686 1086 2726 αν
1096 2684 1186 2729 ποτε

175 2752 290 2823 ίδων”
271 2780 375 2839 οννχα
395 2757 528 2832 λεόντος
550 2753 673 2870 ἔγημ’
651 2782 709 2842 αν,
733 2754 784 2823 ὅτι
800 2754 934 2831 λέοντός
952 2757 1059 2840 ἐστιν,
1081 2762 1113 2825 εί
1132 2784 1185 2844 μη

176 2850 314 2936 εοράκει
331 2853 409 2917 ποτε
430 2852 547 2918 λέοντα
565 2849 661 2930 όλον;
686 2877 707 2936 η
724 2848 768 2917 σύ
785 2848 971 2936 ἀνθρύπου
984 2867 1077 2937 χεῖρα
1092 2851 1187 2921 ίδων

106 2967 158 3023 ‘196
178 2943 306 3034 ἔσχες”
285 2975 327 3014 αν
344 2946 488 3015 είκεῖν”
468 2974 518 3015 οτι
539 2946 725 3031 ἀνθρώπου
748 2953 815 3019 ἐστὶ
834 2978 878 3037 μη
900 2952 1064 3035 πρότερον
1082 2951 1187 3032 είδως

176 3046 290 3133 μηδε’
274 3043 427 3131 εωρακιδς
444 3043 646 3131 ἀνθρωπον;
666 3054 699 3114 τί
712 3054 822 3137 σιγᾷςς
843 3075 864 3132 η
848 3044 996 3134 “βούλει
1013 3047 1112 3134 ἐγα’
1092 3074 1186 3116 απο-

176 3152 339 3232 κρίνωμαι
359 3144 443 3230 ὑπὲρ
460 3151 521 3212 σοῦ
536 3145 576 3230 τά
596 3171 634 3230 γε
655 3144 833 3231 ἀναγκαῖα,
859 3143 910 3212 ὅτι
930 3144 992 3213 ούιι
1013 3137 1057 3212 ἀν
1078 3143 1187 3231 εἷχες;

177 3242 260 3311 ὥστε
275 3243 465 3312 κινδυνεύει
481 3240 498 3309 6
515 3249 648 3322 Φειδίας
667 3243 833 3330 ἄπρακτος
848 3242 1092 3332 ἀπεληλυθέναι
1113 3247 1186 3333 μά-

176 3367 238 3426 την
252 3338 443 3420 ἀναπλάσας
454 3338 514 3409 τόν
529 3344 660 3409 λεόντα·
683 3339 783 3409 οὐδὲν
798 3340 863 3429 γάρ
880 3339 965 3428 πρὸς
978 3342 1037 3411 τόν
1047 3343 1188 3413 Διόνυ-
