2550 3825
159 193 222 256 ’106
509 191 740 250 ΛΟΤΚΙΛΝ
747 192 809 250 01⁰

160 352 275 440 είρήνη
289 354 372 440 γάρ,
394 349 437 430 ὡς
451 348 545 438 ὁρᾷς,
562 346 602 416 τά
618 355 683 415 νῦν
700 351 804 436 ἐπέχει
818 348 881 436 τήν
892 358 1043 437 Φρυγίαν
1058 352 1159 417 τεκαὶ

160 454 289 517 Λυδίαν
308 452 362 517 καὶ
377 446 579 534 ἀπολέμητος
597 444 677 532 ήμίν
692 444 712 533 ή
729 456 789 514 τοῦ
804 447 927 533 πατρὸς
950 447 1043 534 ἀρχή.
1070 443 1161 528 θάρ-

160 574 211 635 ρει
228 552 279 617 δέ·
302 545 344 616 οὐ
360 546 602 634 μειονεκτήσεις
616 545 698 633 γάρ,
721 542 787 614 κάν
801 545 845 634 μή
865 551 916 616 ἐπὶ
932 548 1051 633 δώροις
1066 544 1161 612 δικά-

159 653 274 734 ζωμεν.
303 644 377 715 ἀλλ’
394 649 516 714 ἔνδυθι
529 642 593 730 ήδη
608 646 663 711 καὶ
677 648 800 713 ἐπίθου
813 644 875 731 τήν
889 648 1011 732 κόρυν·
1038 649 1160 720 ἱκανῶς

158 744 223 834 γάρ
241 745 339 814 εἶδον.
362 741 424 830 τήν
435 743 633 829 Ἀφροδίτην
648 759 802 828 παρεῖναι
819 745 945 829 καιρός.

245 851 295 913 13.
317 854 416 914 ΑΦΡ.
442 844 537 933 Αὕτη
552 867 605 914 σοι
622 845 687 934 ἐγω
702 855 858 934 πλησίον,
875 852 929 917 καί
946 848 1062 916 σκόπει
1077 843 1160 914 καθ’
1273 922 1274 935 ¹

160 947 198 1012 ἓν
211 941 354 1032 ἀκριβῶς
365 945 469 1031 μηδὲν
479 947 704 1032 παρατρέχων,
720 943 793 1014 άλλ’
806 950 1023 1033 ἐνδιατρίβων
1035 945 1160 1035 ἑκάστφ

158 1049 227 1108 τῶν
244 1049 364 1128 μερων.
396 1049 426 1110 εί
438 1040 468 1110 δ’
486 1045 628 1126 ἐθέλεις,
651 1036 679 1109 ά
693 1047 791 1128 καλέ,
812 1046 867 1112 καὶ
880 1045 959 1111 τάδε
973 1070 1039 1129 μου
1055 1042 1162 1109 άκον-

160 1157 235 1205 σον·
269 1138 333 1226 ε’γά
356 1137 419 1224 γάρ
441 1139 543 1208 πάλαι
569 1137 681 1225 ὁρῶσά
702 1160 739 1226 σε
761 1144 840 1207 νέον
861 1138 942 1207 ὅντα
966 1141 1020 1207 καὶ
1044 1138 1159 1223 καλόν,

160 1233 278 1303 ὁποῖον
293 1234 355 1304 οὐκ
370 1235 432 1304 οἶδ’
452 1247 486 1306 εί
495 1264 569 1305 τινα
590 1235 739 1324 ἕτερονή
757 1246 889 1323 Φρυγία
904 1241 1033 1322 τρέφει,
1053 1262 1161 1321 μακα-

160 1338 235 1418 ρίζω
247 1333 309 1419 μὲν
319 1341 380 1400 τοῦ
389 1335 541 1421 κάλλους,
554 1342 706 1422 αἰτιῶμαι
718 1337 753 1404 δὲ
763 1333 800 1403 τά
811 1334 856 1422 μή
866 1327 1071 1404 άπολιπόντα
1081 1330 1161 1411 τοὺς

160 1433 343 1509 σκοπέλους
359 1435 411 1500 καὶ
426 1436 562 1502 ταυτασὶ
578 1432 635 1513 τάς
651 1437 772 1518 πέτρας
788 1431 860 1501 κατ’
880 1432 964 1500 άστν
982 1439 1055 1519 ζῆν,
1075 1428 1160 1498 άλλά

92 1549 142 1603 264
162 1535 374 1615 διαφθείρειν
387 1529 424 1598 τὰ
441 1532 560 1611 κάλλος
575 1535 611 1600 ἐν
626 1535 752 1622 ἐρημίᾳ.
782 1540 814 1600 τί
822 1533 883 1617 μὲν
893 1529 956 1617 γάρ
967 1528 1011 1598 άν
1022 1528 1064 1598 οὐ
1075 1527 1160 1597 άπο-
1183 1529 1189 1540 ’

160 1629 394 1708 λαάσειαςτάν
404 1627 510 1714 ὀρων;
527 1636 560 1697 τί
567 1628 598 1697 δ’
611 1625 655 1697 άν
670 1629 850 1697 ἀπόναιντο
868 1637 929 1696 τοῦ
940 1636 1001 1696 σοῦ
1017 1628 1161 1705 κάλλους

162 1729 198 1793 αί
210 1725 302 1811 βόες;
324 1731 444 1811 ἐπρεπε
462 1727 497 1794 δὲ
514 1726 577 1814 ήδη
593 1747 646 1795 σοι
662 1731 716 1796 καὶ
729 1731 965 1814 γεγαμηκέναι,
986 1723 1030 1813 μή
1046 1727 1159 1812 μέντοι

161 1821 320 1908 ἀγροῖκόν
333 1850 408 1891 τινα
419 1827 472 1892 καὶ
487 1839 637 1910 χωρῖτιν,
655 1821 721 1892 οἷαι
734 1824 817 1893 κατά
829 1825 890 1912 τήν
898 1824 987 1911 Ἴδην
997 1828 1033 1891 αί
1042 1836 1160 1908 γυναί-

161 1946 234 2005 κες,
257 1920 340 1989 άλλά
356 1949 430 1990 τινα
447 1926 483 1990 ἐκ
497 1930 554 2009 της
566 1920 721 2001 Ἑλλάδος
737 1920 758 2010 ή
771 1922 932 2010 Ἀργόθεν
946 1920 967 2010 ή
983 1927 1019 1991 ἐκ
1033 1929 1156 2006 Κορίν·

160 2027 230 2085 θον
243 2014 264 2104 ή
279 2020 473 2105 Λάκαιναν,
489 2024 606 2106 οἵαπερ
620 2018 765 2107 ήἙλίνη
780 2025 863 2108 ἐστί,
885 2026 944 2090 νέα
958 2048 992 2089 τε
1007 2023 1061 2088 καὶ
1075 2015 1159 2106 καλή

160 2117 215 2183 καί
230 2114 304 2182 κατ’
321 2115 419 2185 οὐδὲν
435 2117 580 2186 ἐλάττων
595 2122 693 2204 ἐμοῦ,
710 2122 764 2187 καὶ
778 2116 814 2185 τὸ
832 2116 873 2204 δή
890 2121 1061 2204 μέγιστον,
1076 2121 1160 2202 ἐρων

160 2216 250 2300 τική·
272 2218 379 2302 ἐκείνη
394 2214 457 2303 γάρ
476 2215 516 2303 δή
535 2223 564 2285 εί
583 2220 637 2285 καὶ
651 2218 758 2303 μόνον
772 2217 931 2286 θεάσαιτό
947 2236 984 2283 σε
1001 2214 1073 2283 οἶδα
1095 2210 1159 2299 ἐγά

160 2312 268 2380 πάντα
286 2311 494 2382 ἀπολιποῦσα
505 2317 559 2383 καὶ
571 2322 785 2401 παρασχοῦσα
796 2311 917 2400 ἑαυτήν
929 2317 1066 2381 ἐκδοτον
1082 2314 1160 2393 ἔφε-

160 2438 212 2477 ται
228 2414 282 2479 καὶ
302 2411 504 2499 συνοικήσει.
532 2413 664 2492 πάντως
685 2414 721 2480 δέ
739 2414 795 2480 καὶ
816 2410 858 2479 σε)
874 2410 1019 2497 άκήκοάς
1033 2438 1064 2477 τι
1084 2412 1161 2496 περὶ

160 2535 270 2595 αυτης.

237 2614 337 2673 ΠΛΡ.
363 2605 489 2691 Οὐδέν,
507 2601 534 2676 ά
544 2605 737 2694 Ἀφροδίτη·
760 2614 825 2674 νῦν
839 2603 1159 2692 δὲήδέωςάνάκοά-

159 2710 255 2789 σαιμί
267 2722 329 2771 σον
343 2701 383 2770 τά
399 2704 507 2771 πάντα
524 2709 752 2791 διηγουμένης.

244 2805 293 2869 14.
316 2808 413 2868 ΑΦΡ.
435 2800 529 2888 Αὕτη
550 2805 704 2889 θυγάτηρ
719 2806 780 2887 μέν
801 2804 869 2869 ἐστι
882 2803 1010 2889 Λήδας,
1034 2804 1161 2886 ἐκείνης

159 2904 217 2984 της
230 2904 347 2983 καλῆς,
366 2896 420 2983 ἐφ’
436 2895 479 2984 ήν
493 2897 509 2965 ὁ
525 2898 610 2978 Ζεύς
624 2904 765 2984 κατέπτη
780 2900 906 2978 κύκνος
918 2900 1107 2985 γενόμενος.

241 3003 341 3064 ΠΑΡ.
362 3005 449 3064 Ποία
462 2998 497 3065 δὲ
512 2997 573 3085 τήν
589 2998 668 3078 ὅφιν
683 3002 762 3078 ε’στί;

243 3102 342 3162 ΑΦΡ.
364 3093 477 3181 Λευκή
499 3100 577 3182 μέν,
601 3100 678 3164 οἵαν
699 3095 786 3176 είκός
798 3100 834 3165 ἐκ
855 3098 984 3165 κύκνου
1000 3122 1161 3182 γεγεννη-

158 3195 279 3279 μένην,
297 3190 405 3278 ἁπαλή
421 3196 473 3279 δέ,
491 3191 535 3271 ὡς
549 3196 585 3261 ἐν
597 3192 653 3283 ᾠῷ
663 3209 840 3281 τραφεῖσα,
854 3192 985 3280 γυμνάς
1000 3191 1041 3261 τά
1052 3190 1160 3261 πολλά

89 3308 140 3362 265
161 3312 216 3360 και
227 3292 439 3378 παλαιστική,
455 3293 511 3359 καὶ
522 3290 609 3359 οὕτω
623 3290 664 3378 δή
674 3319 705 3358 τι
716 3294 1000 3378 περισπούδαστος
1011 3289 1159 3359 ὥστεκαὶ

159 3394 306 3479 πόλεμον
332 3388 416 3479 ἄμφ’
440 3390 524 3483 αὐτῇ
543 3395 716 3481 γενέσθαι,
747 3400 808 3458 τοῦ
828 3393 961 3479 Θησέως
980 3389 1093 3475 άωρον
1112 3395 1160 3457 έτι
