2550 3825
185 198 247 260 288
534 195 840 260 AOYKIANOY

183 358 286 426 καλὸν
304 359 379 427 οὔτε
395 359 547 442 κάλλιον,
563 355 637 426 ἀλλ’
656 357 720 444 ἤδη
740 359 795 424 καὶ
809 353 846 423 τό
864 353 1043 442 τριβώνιον
1059 377 1177 438 προτε·

183 481 243 536 ρον
259 459 338 534 τέως
352 455 506 543 όῖμορφου
522 453 608 523 εἷναί
617 481 673 540 μοι
685 458 810 521 δοκοῦν
823 453 973 538 ἰσότιμον
983 458 1129 537 γίγνεται
1138 475 1180 537 τῃ

183 558 364 638 πορφυρίδι
379 561 440 621 τοῦ
454 558 628 642 βασιλέως·
650 552 762 641 ἀφανῆ
777 552 842 640 γὰρ
857 553 958 639 ἄμφω
975 555 1029 621 καὶ
1047 548 1111 618 ὑπό
1134 555 1181 639 τῷ

183 648 271 738 αὐτῷ
283 652 390 742 σκότφ
402 653 655 720 καταδεδυκότα.
674 659 832 738 Κυνίσκε,
847 649 891 719 σύ
902 654 938 720 δὲ
949 659 1015 719 ποῦ
1025 676 1104 718 ποτε
1115 648 1181 734 ἄρα

184 777 232 818 τιν
247 752 437 838 τυμχόνειςς

264 868 367 930 mv,
388 861 551 931 Ἐνταῦθα
565 864 651 949 λόγον
668 883 735 947 σοι,
753 870 920 931 Μίκυλλε·
949 858 1023 929 ἄλλ’
1044 858 1128 946 ἅμα,
1151 865 1183 927 εί

184 963 289 1043 δοκεῖ,
307 963 499 1046 βαδίζωμεν.

267 1078 365 1139 ΜΙΚ.
385 1064 438 1138 Εὖ
455 1075 574 1158 λέγεις·
602 1075 725 1158 ἔμβαλέ
735 1098 791 1158 μοι
805 1070 866 1158 τὴν
882 1073 1001 1151 δεξιόν.
1024 1073 1097 1138 εἰπέ
1110 1097 1178 1157 μοι,

192 1207 225 1219 -
235 1170 408 1253 ἐτελέσθης
418 1169 498 1255 μα’ρ,
512 1162 712 1253 οἶΚυνίσκε,
723 1167 762 1235 τό
774 1166 954 1238 Ἐλευσίνια
965 1173 1067 1255 δῆλον
1077 1165 1127 1234 ότι
1140 1207 1177 1216 -

183 1262 243 1346 οὐχ
258 1261 355 1349 όμοια
372 1280 439 1343 τοῖς
455 1268 523 1333 ἐκεῖ
536 1263 576 1332 τὰ
590 1266 731 1347 ἐνθάδε,

266 1381 368 1448 ΚῬΝ.
392 1371 444 1445 Εὖ
454 1381 574 1464 λέγεις·
592 1376 667 1445 ἰδοὺ
678 1383 764 1463 γοῦν
775 1380 1180 1466 προσέρχεταιδαδουχοῦ-

183 1473 226 1543 σοι’
240 1499 288 1550 τις
305 1473 452 1560 φοβερόν
462 1501 493 1541 τι
508 1476 561 1542 καὶ
572 1471 784 1560 ἀπειλητικόν
794 1478 1056 1559 προσβλέπουσα.
1077 1466 1100 1558 ἦ
1114 1469 1179 1554 ἄρα

182 1597 250 1638 που
263 1568 391 1654 Ἐρινός
407 1575 510 1649 ἑστιν;

268 1688 365 1750 ΜΙΚ.
379 1679 508 1748 Ἔοικεν
523 1679 589 1748 όπό
602 1707 640 1767 με
654 1690 715 1750 τοῦ
729 1683 899 1768 σχήματος.

266 1799 316 1860 23.
338 1797 442 1859 EPM.
461 1793 641 1880 Παρόλαβε
655 1792 811 1878 τούτους,
827 1785 854 1860 (ό
873 1793 1051 1879 Τισιφόνη,
1066 1793 1175 1860 τέττα-

183 1916 243 1975 ρας
256 1891 306 1958 ἐπὶ
321 1904 388 1968 τοῖς
402 1895 525 1974 χιλίοις.

258 2007 355 2090 ,ΤΙΣ.
376 2002 441 2067 Καὶ
455 1996 523 2085 μὴν
537 1999 638 2069 πάλαι
654 2026 692 2086 γε
708 1997 966 2087 ὁῬαδόμανθυς
980 1993 1076 2080 οὗτος
1092 2000 1178 2088 ὑμᾶς

183 2101 359 2184 περιμένει.

265 2219 364 2280 ΡΑΔ.
387 2211 542 2297 Πρόσαγε
563 2212 717 2298 τούτους,
744 2206 909 2299 όἘρινό.
932 2209 976 2279 σύ
997 2214 1050 2296 δέ,
1068 2207 1179 2296 Ἑρμῆ,

182 2308 321 2395 κήρυττε
335 2309 389 2377 καὶ
403 2309 591 2390 προσκάλει.

114 2421 164 2476 ⁶45
267 2413 368 2474 KTN.
386 2398 424 2473 Ὦ
436 2402 663 2493 Ῥαδάμανθυ,
680 2406 762 2494 πρός
773 2406 966 2495 τοῦπατρὸς
979 2415 1113 2493 πρῶτον
1124 2408 1179 2493 ἐμὲ

183 2506 354 2583 ἐπίσκεψαι
370 2505 581 2588 παραγαγών.

265 2607 363 2668 ΡΑΔ.
390 2606 488 2677 Τίνος
503 2603 616 2682 ἕνεκα;

268 2702 368 2765 KYN.
389 2697 528 2774 Πόντιος
542 2699 706 2784 βούλομαι
720 2707 944 2787 κατηγορῆσαί
955 2726 1045 2779 τινος
1058 2698 1081 2766 ἃ
1094 2719 1179 2767 συν-

183 2799 355 2876 επίσταμαι
375 2789 505 2877 πονηροὶ
526 2795 686 2877 δράσαντι
705 2792 796 2886 αὐτῷ
811 2794 899 2882 παρα
919 2794 979 2864 τόν
998 2804 1083 2884 βίον.
1115 2792 1178 2863 οὐκ

182 2884 226 2956 ἂν
239 2882 302 2956 οὖν
317 2887 504 2970 ἀξιόπιστος
524 2900 595 2978 είην
611 2897 733 2979 λέγων,
753 2892 797 2981 μὴ
814 2893 886 2981 οὐχὶ
900 2896 1063 2980 πρότερον
1078 2890 1178 2971 αότός

182 2987 298 3071 φανεὶς
312 2982 381 3063 οἷός
396 2993 461 3073 είμι
474 2990 529 3055 καὶ
543 2984 616 3058 οἷόν
630 3018 705 3059 τινα
721 2994 841 3079 ἐβίωσα
856 2989 917 3060 τόν
931 2993 1065 3078 τρόπον.
1264 3009 1265 3070 λ

264 3074 360 3153 m.
386 3091 442 3163 Τις
457 3088 493 3153 οε
508 3087 569 3168 ια

261 3190 364 3251 KYN.
386 3189 569 3266 Κυνίσκος,
582 3175 610 3251 ό
619 3182 822 3272 ἄριστε,·τήν
833 3188 971 3273 γνώμην
983 3186 1169 3272 φιλόσοφος
1263 3215 1264 3218 ’

262 3286 360 3347 ΡΑΔ.
382 3277 489 3365 Δεῦρ’
508 3280 586 3347 ἐλθὲ
601 3283 656 3349 καί
670 3289 798 3365 πρῶτος
815 3291 861 3361 είς
880 3281 943 3370 τὴν
963 3287 1060 3370 δίκην
1076 3283 1179 3351 κατό-
1262 3273 1264 3364 λ

180 3385 287 3460 στηθι.
309 3374 351 3443 σύ
366 3377 402 3445 δὲ
416 3378 597 3461 προσκάλει
610 3374 689 3456 τοδς
705 3379 919 3466 κατηγόρους.
