2550 3825
20 167 25 173 ’
99 193 227 250 επεν
243 193 415 252 νοντα
436 196 506 255 νει
515 182 720 253 mom
738 197 1014 258 ΠνΑιΣΜΑν.
1038 195 1101 258 329

97 353 150 420 καί
166 349 246 438 μετά
261 379 297 418 το
287 349 448 420 δεῖπνον
467 355 499 431 ἐς
514 353 635 438 λόγους
649 351 712 440 ἤδη
729 362 924 462 παροινίους
940 358 1101 478 τρεπόμε-

97 477 167 530 ¹⁷⁰²
158 447 344 670 ωςχάίρΗ
314 599 323 634 ,
336 545 471 635 Ἀχιλεῦ,
484 547 594 627 δαιτός
605 549 816 636 μενέΐσης’
777 577 839 618 ουκ
851 556 1023 638 ἐπιδευεῖς,

95 644 299 724 Ὀδυσσεύς
286 648 385 715 οπότε
401 644 463 733 τὴν
485 650 729 733 ἐπεσταλμένην
744 656 883 736 πρεσβεί
881 677 924 716 αν
868 648 1029 741 ίαύιῷ
1047 654 1102 737 ε’ρ-

98 746 266 832 ρητόρευε
289 748 344 813 καὶ
357 742 456 832 ᾔδη’
437 744 590 822 απιόντες
605 770 673 831 παρ
677 743 909 832 ’ἀλλήλων,“
888 774 932 824 ως
945 749 984 814 τό
1109 820 1113 826 ,

224 841 363 928 χαίρετ’,
395 839 459 927 ἐγῶ
485 838 567 908 6'’'
544 869 651 928 υμμιν
672 841 754 922 θεὸς
783 843 963 936 ἄμβροτος,
991 843 1103 914 ούκέτι

714 942 850 1022 θνητός.

99 1041 183 1116 ίδιος
197 1041 233 1105 δὲ
247 1034 361 1124 καιρός
379 1034 527 1115 ούδεις’
508 1042 730 1124 απευενέμητο
748 1047 788 1127 τῇ
803 1041 1001 1125 προσρήσει,
1023 1038 1102 1109 ούδὲ
1120 1062 1168 1116 m

102 1133 146 1214 ὡς
160 1142 225 1202 νύν
239 1136 341 1222 μόνος
358 1133 375 1204 6
393 1137 550 1222 ἑωθινός,
568 1134 655 1203 ὅπου
668 1163 706 1222 γε
720 1139 776 1205 καὶ
791 1140 924 1205 ἐπὶτῶν
939 1135 1104 1205 ἀπαισίων

100 1238 154 1303 καὶ
172 1233 425 1304 ἀπευκτοτάτων
439 1234 528 1322 ὅμως
545 1238 688 1322 ε’χρῶντο
703 1236 806 1323 αὐτῇ,
831 1235 874 1316 ῶς
889 1236 906 1306 6
922 1247 983 1305 τού
997 1237 1103 1323 Εύρι-

100 1338 200 1400 πίδον
212 1324 419 1420 Πολυνείκης
435 1332 499 1420 ἤδη
516 1334 679 1402 τελευτῶν
693 1333 753 1403 τόν
767 1341 854 1422 βίον,

227 1434 281 1499 καὶ
290 1438 400 1518 χαιρετ
421 1482 431 1517 ,
445 1430 508 1518 ηδη
519 1459 584 1518 γαρ
594 1459 635 1518 με
646 1434 839 1520 περιβάλλει
850 1432 975 1510 σκότος.

99 1527 210 1597 ·’καῖ
171 1555 213 1596 ου
227 1529 334 1615 μόνον
342 1530 602 1616 φιλοφροσύνης
616 1528 728 1608 αὐτοῖς
748 1524 792 1617 ἦν
808 1537 906 1597 τούτο
921 1532 1103 1618 σύμβολον,

102 1624 185 1694 ἀλλά
201 1630 255 1694 καὶ
272 1626 449 1747 ἀπεχθείας
462 1630 517 1696 καὶ
531 1635 592 1694 τοῦ
609 1631 724 1713 μηκέτι
737 1629 920 1714 χρήσεσθαι
934 1625 1103 1713 ἀλληλοις·

101 1722 137 1792 τὸ
151 1731 238 1810 γοῦν
252 1725 362 1811 μακρὰ
381 1733 508 1812 χαίρειν
528 1727 655 1812 φράσαι
669 1723 707 1794 τό
725 1727 840 1813 μηκέτι
857 1740 1027 1810 φροντιεῖν
1044 1730 1105 1811 δη-

101 1830 161 1889 λοῖ,
184 1827 213 1888 3.
228 1830 357 1906 πρῶτος
371 1822 403 1890 δ’
418 1821 499 1892 αύτὸ
516 1828 715 1910 Φιλιππίδης
728 1821 746 1893 6
761 1822 1034 1911 ἡμεροδρομήσας
1049 1824 1103 1890 λε’-

100 1946 191 2007 γεται
209 1918 273 1988 ἀπὸ
289 1929 506 2008 Μαραθῶνος
520 1921 690 2010 ἀγγέλλων
707 1921 769 2011 τήν
783 1929 881 2009 νίκην
897 1929 1001 1991 εἰπεῖν
1021 1919 1105 2006 πρὸς

101 2016 179 2095 τούς
196 2016 356 2102 ἀρχοντας
369 2025 581 2107 καθημένους
597 2026 652 2089 καὶ
666 2019 928 2106 πεφροντικότας
942 2017 1027 2101 ὑπὲρ
1043 2025 1104 2085 τοῦ

101 2118 216 2191 τέλους
229 2122 286 2201 τῆς
301 2118 420 2203 μάχης,
445 2123 600 2202 Χαίρετε,
626 2125 787 2201 νικῶμεν,
814 2118 981 2183 καὶτοῦτο
1003 2113 1106 2182 είπῶν

102 2222 354 2281 συναποθανεῖν
368 2222 408 2302 τῇ
426 2213 562 2301 ἀγγελίᾳ
577 2215 692 2301 καὶτῷ
708 2220 834 2298 χαίρειν
851 2220 1106 2279 συνεκπνεῦσαι.

102 2313 139 2378 ἐν
153 2312 324 2397 ἐπιστολῆς
336 2312 372 2379 δὲ
383 2310 467 2400 ἀρχῇ
478 2313 595 2379 Κλέων
610 2307 628 2377 ὁ
640 2307 816 2395 Ἀθηναῖος
831 2308 1027 2395 δημαγωγός
1040 2306 1105 2375 ἀπὸ

101 2416 317 2495 Σφακτηρίας
339 2418 472 2494 πρῶτον
491 2414 619 2495 χαίρειν
640 2407 835 2502 προύθηκεν
857 2404 1106 2492 εύαγγελιζόμε-
1123 2425 1174 2479 7λ8
1258 2446 1262 2452 ’

101 2533 160 2586 νος
174 2504 236 2594 τὴν
245 2515 344 2594 νίκην
354 2505 416 2595 την
428 2511 558 2576 ἐκεῖθεν
570 2508 624 2573 καὶ
635 2504 697 2592 την
708 2512 775 2572 τῶν
785 2512 1007 2589 Σπαρτιατῶν
1018 2504 1107 2573 ἅλω-

103 2629 172 2676 σιν·
204 2608 259 2676 naz
280 2606 365 2687 ὅλως
386 2634 424 2694 γε
448 2604 519 2694 μετ’
541 2609 670 2675 ἐκείνου
693 2601 848 2682 ὁΝικίας
872 2602 936 2671 ἀπὸ
953 2612 1108 2683 Σικελίας

103 2709 301 2777 ἐπιστέλλων
317 2710 354 2776 ἐν
370 2714 415 2775 τῶ
437 2705 561 2795 ἀρχαίφ
579 2713 648 2791 τῶν
668 2706 851 2771 ἐπιστολῶν
865 2699 1066 2787 διέμεινεν’
1047 2701 1105 2769 ἀπ’

102 2805 213 2874 αὐτῶν
230 2805 413 2893 ἀρξόμενος
426 2813 494 2874 τῶν
508 2804 722 2890 πραγμάτων.
742 2806 772 2869 4.
789 2798 894 2869 ἀλλΗ
880 2827 898 2867 ο
914 2799 1108 2887 θαυμαστος

100 2903 296 2989 Πλάτων,’
278 2902 365 2991 ανὴρ
379 2894 567 2983 ἀξιόπιστος
584 2903 769 2987 νομοθέτης
784 2907 853 2967 τῶν
867 2898 1105 2984 τοιούτων,τό

101 3003 164 3087 μὲν
178 3008 306 3120 χαίρειν
322 3001 450 3069 κελεύει
468 3002 522 3067 καὶ
542 2999 633 3066 πάνυ
651 2996 945 3084 ἀποδοκιμάζειν’
922 3024 966 3075 ως
979 3007 1109 3083 μοχθη-

102 3096 166 3179 ρδν
177 3093 219 3164 δν
231 3100 285 3165 καὶ
297 3096 397 3166 ούδὲν
408 3101 618 3191 σπουδαῖον
603 3112 785 3185 εμφαῑνον,
803 3124 839 3165 το
829 3093 884 3163 δ
898 3088 938 3163 εύ
952 3096 1108 3179 πράττειν

103 3190 176 3262 ἀντ’
191 3195 296 3265 αὐτού
317 3194 484 3283 εἰσάγει*
463 3223 507 3275 ως
521 3222 640 3272 κοινον
656 3195 807 3281 σώματός
827 3222 863 3263 τε
879 3197 935 3262 καὶ
948 3200 1054 3278 ψυχῆς
1069 3187 1108 3260 εύ
1139 3222 1141 3227 ·

102 3296 321 3380 διακειμένων
336 3295 523 3413 σύμβολον,
539 3298 594 3363 καί
611 3297 811 3363 ἐπιστέλλων
826 3319 910 3380 γε
879 3318 925 3360 τω
910 3298 1109 3381 Διονυσίφ

101 3398 242 3462 αἰτιᾶται
265 3389 385 3475 αύτόν,
413 3390 463 3460 ὅτι
480 3412 587 3459 ποιων
609 3390 695 3473 ἐς
662 3418 722 3459 τον
746 3390 892 3460 Ἀπόλλω
907 3396 1035 3475 χαίρειν
1048 3388 1109 3457 τὸν
