2550 3825
453 188 516 244 ΚΑ
527 189 695 246 ΤΑΠΛΟ
705 190 771 245 ΥΣ.
1048 184 1111 248 289

192 347 241 410 24.
252 350 355 412 EPM.
369 351 415 411 Εί
421 369 470 422 τις
479 351 653 413 Κυνίσκου
664 349 796 413 τουτουὶ
809 360 993 436 κατήγοροί,
1008 349 1110 430 δεῦρο

108 448 262 527 προσίτω.

191 561 295 622 KYN.
319 551 439 631 Οὐδείς
455 557 677 640 προσέρχεται.

190 659 290 719 ΡΑΔ.
310 649 395 718 Ἀλλ’
411 648 471 737 οὐχ
482 649 600 718 ἱκανόν
610 660 724 738 τοῦτο.Ι
740 647 942 721 οἷΚννίσκε·
959 649 1109 719 ἀπόδυθι

108 750 161 833 δέ,
180 747 268 827 ὅπως
286 750 496 834 ἐπισκοπήσω
510 769 547 816 σε
564 747 628 817 ἀπό
645 759 712 817 των
726 751 923 836 στιγμάτων.
1019 792 1021 795 -

190 854 293 915 KYN.
314 854 390 914 Ποῦ
405 844 470 931 γάρ
485 845 549 933 ἐγά
564 855 752 934 στιγματίας
765 849 944 936 ἐγενόμην;

190 953 290 1012 ΡΑΔ.
307 941 432 1010 Ὁπόσα
449 942 492 1010 ἀν
505 970 554 1021 τις
570 942 667 1030 ὑμῶν
681 943 812 1031 πονηρά
826 946 1002 1033 ἐργάσηται
1016 940 1106 1028 παρά

107 1040 167 1111 τόν
181 1049 274 1129 βίον,
297 1038 377 1109 καθ’
396 1043 535 1109 ἕκαστον
550 1040 662 1110 αὐτῶν
676 1041 790 1129 ἀφανῆ
807 1051 964 1130 στίγματα
981 1046 1033 1111 ἐπὶ
1050 1049 1107 1128 τῆς

106 1149 213 1227 υυλῆς
229 1141 407 1225 περιφέρει.

190 1259 292 1319 KYN.
313 1249 398 1320 Ἰδού
417 1271 469 1319 σοι
485 1250 612 1337 γυμνός
628 1252 832 1334 παρέστηκα·
857 1251 940 1321 ὥστε
954 1249 1104 1336 ἀναζήτει

105 1358 207 1417 ταῦτα
222 1347 307 1432 άπερ
322 1347 365 1416 σό
381 1347 446 1437 φής
460 1348 498 1417 τά
513 1358 681 1436 στίγματα.
1120 1365 1171 1421 646

188 1470 287 1530 ΡΑΔ.
310 1461 470 1549 Καθαρός
484 1461 528 1541 ὡς
541 1466 663 1532 ἐπίπαν
674 1464 787 1534 οὑτοσὶ
796 1463 884 1552 πλήν
897 1465 1026 1534 τούτων
1035 1471 1104 1532 τῶν

105 1567 207 1643 τριων
228 1555 249 1645 ἢ
267 1559 431 1644 τεττάρων
452 1558 612 1647 ἀμαυρῶν
627 1564 719 1630 πάνυ
739 1565 793 1632 καὶ
810 1563 950 1648 ἀσαφῶν
967 1560 1104 1646 στιγμά-

105 1685 180 1725 των.
210 1666 315 1726 καίτοι
334 1665 368 1726 τί
386 1665 501 1741 τοῦτο;
524 1668 597 1745 λχννγ
620 1664 683 1745 μὲν
705 1665 759 1731 καί
775 1676 892 1748 σημεῖα
911 1656 1017 1727 πολλὰ
1036 1668 1101 1727 των

105 1755 339 1842 ἐγκαυμάτων,
357 1753 419 1824 οὐκ
433 1753 506 1822 οἰδα
524 1756 560 1823 δὲ
575 1753 665 1835 ὅπως
679 1759 903 1846 ἐξαλήλιπται,
926 1764 1053 1844 μᾶλλον
1066 1763 1105 1825 ὀο

104 1854 305 1970 ἐκκέκοπται.
337 1860 406 1932 πῶς
419 1861 537 1940 ταῦτα,
562 1847 589 1922 ἀ
606 1862 768 1944 Κυνίσκε,
786 1852 807 1945 ή
823 1863 893 1935 πτός
909 1852 1101 1939 καθαρόςέξ

104 1976 204 2036 αρχής
219 1948 448 2037 άναπίφήνας;

187 2070 289 2131 ΚΤΝ.
309 2061 390 2149 Ἐγά
402 2084 454 2131 σοι
465 2065 599 2149 φράσω·
615 2068 717 2135 πάλαι
728 2064 873 2154 πονηρός
886 2064 930 2132 δι’
941 2064 1101 2133 ἀπαιδευ-

105 2167 180 2227 σίαν
198 2160 377 2246 γενόμενος
391 2163 445 2229 καί
461 2158 566 2228 πολλοὶ
584 2160 637 2228 διά
652 2169 749 2230 τοῦτο
766 2162 952 2249 ἐμπολήσας
966 2168 1101 2246 στίγμα-

106 2284 143 2326 τα
168 2256 278 2345 ἐπειὸή
302 2258 436 2345 τάχιστα
462 2266 660 2345 φιλοσοφεῖν
684 2258 855 2346 ήρξάμην,
890 2256 963 2325 κατ’
988 2256 1101 2345 ὀλίγον

103 2354 232 2433 ἁπάσας
246 2353 303 2435 τάς
322 2358 457 2441 κηλῖδας
475 2361 531 2441 τῆς
547 2364 653 2441 ψυχῆς
673 2353 910 2442 ἀπελουσάμην
929 2352 1046 2444 ἀγαθῷ
1062 2380 1100 2439 γε

103 2452 191 2522 οὕτω
205 2456 259 2521 καὶ
274 2451 512 2539 ἀνυσιμωτάτῳ
525 2455 731 2539 χρησάμενος
745 2461 791 2544 τῷ
806 2452 979 2543 φαρμάκῳ.

185 2574 284 2634 ΡΑΔ.
303 2563 390 2634 Ἀλλ’
404 2564 502 2633 ἀπιθι
516 2568 548 2644 ἐς
557 2563 614 2645 τάς
625 2565 801 2653 Μακάρων
812 2565 934 2652 νήσους
944 2579 1012 2643 τοῖς
1025 2562 1100 2651 ἀρί-

101 2684 192 2743 στοις
203 2664 440 2749 συνεσόμενος,
452 2665 679 2752 κατηγορήσας
691 2690 728 2751 γε
737 2665 901 2751 πρότερον
912 2657 954 2732 οὗ
963 2663 1028 2752 φής
1039 2691 1099 2732 τυ-

101 2763 240 2844 ράννου.
262 2761 382 2841 ἀλλους
396 2763 584 2846 προσκάλει.

184 2880 234 2942 25.
258 2882 357 2943 MIK.
381 2877 447 2943 Καὶ
456 2874 598 2962 τούμόν,
615 2869 881 2961 οἷῬαδάμανθυ,
896 2876 1016 2962 μικρόν
1030 2878 1098 2943 ἐστι

99 2975 154 3041 καὶ
169 2980 321 3061 βραχείας
335 2972 424 3052 τινός
438 2974 612 3054 ἐξετάσεως
628 2974 804 3060 δεόμενον·
827 2972 929 3041 πάλαι
942 2981 1028 3059 γοῦν
1045 2993 1098 3041 σοι

101 3074 155 3141 καί
168 3071 296 3157 γυμνός
312 3078 393 3158 εἰμι,
411 3070 494 3138 ὥστε
510 3073 688 3140 ἐπισκόπει.

182 3178 282 3238 ΡΑΔ.
308 3174 365 3247 Τίς
382 3168 417 3237 δὲ
432 3164 481 3236 τόν
497 3169 685 3257 τυγχάνεις;
777 3164 780 3169 ’

183 3274 282 3339 ΜΙΚ.
302 3265 335 3334 Ὁ
350 3267 551 3353 σκυτοτόμος
564 3276 745 3347 Μίκυλλος.

184 3374 282 3435 ΡΑΔ.
315 3358 367 3433 Εὖ
388 3392 443 3452 γε,
473 3359 500 3433 οἷ
520 3372 688 3451 Μίκυλλε,
710 3364 859 3453 καθαρός
880 3364 1023 3516 ἀκΙρξβῶς
1043 3367 1097 3434 καὶ

183 3475 287 3515 wem«.
302 3462 324 3516 l.
