2550 3825
136 224 153 258 x
554 201 782 252 PRAEFATIO.
1250 171 1258 265 i

137 334 211 406 ὁρῶν
228 342 264 392 id.
300 340 361 393 ibid.
381 327 429 406 ἢν]
446 333 471 389 εί
485 340 522 393 id.
557 356 580 389 ο.
600 338 633 390 13
646 354 734 389 vocem
753 334 819 401 δίκη
839 345 899 400 post
918 328 1057 399 ἐδικάσθη
1074 351 1128 385 eum
1146 338 1201 387 eod.

137 411 230 465 delevi.
249 412 275 459 in
292 410 424 473 proecdosi
438 410 508 459 uncis
527 408 689 459 inclusorum.
723 408 783 461 ibid.
802 397 891 454 πολλά
905 420 934 455 τε
950 401 999 455 καλ
1015 397 1095 455 δεινὰ
1111 406 1155 453 καλ
1171 396 1201 453 ά-

136 473 229 545 νόσια]
248 472 337 527 πολλὰ
350 473 398 527 κοιλ
415 470 516 527 άνόσιοι
530 477 605 531 Dinb
641 477 702 528 ibid.
723 470 929 541 προσδεθέντα]
954 467 1151 538 παραδοθέντα
1165 475 1201 523 ib.

137 566 158 599 ο.
179 550 213 600 14
231 564 271 597 vv.
295 545 420 611 χαλεπῶς
444 540 543 611 ἔχοντα
563 547 636 596 uubis
660 546 758 596 inclusi.
795 560 817 597 ο.
837 543 870 595 10
886 546 1061 607 πομπευταῖς
1078 559 1132 593 cum
1146 544 1200 593 εοδ.

135 633 181 701 gro
200 610 375 679 πομπεύουσι
409 618 470 671 ibid.
489 608 562 682 ibi]
580 606 643 663 δ’ὁ
662 614 737 664 Dind.
772 603 952 680 θαλάσπερ]
971 603 1058 678 ὅσπερ
1076 613 1112 666 id.
1143 612 1201 663 ibid.

136 682 299 752 εωρακέναι]
317 676 463 746 ἑορακέναι
481 686 517 739 id.
553 685 612 735 ibid.
640 674 768 746 Σάτυρος
792 680 973 746 Θεογείτονος
996 699 1053 733 cum
1079 682 1134 731 eod.
1157 697 1201 746 pro

136 749 263 819 Σάτυρος
282 748 324 821 [δ]
343 752 528 819 Θεογείτονος
564 770 584 805 ο,
606 754 637 802 17
658 745 857 818 Πολυκράτεος]
875 744 1057 813 Πολυκράτας
1075 752 1111 801 id.
1139 752 1202 803 120

137 818 266 889 δεδόχθω
282 841 340 875 cum
360 825 417 877 eod.
435 838 481 889 pro
500 816 630 872 δέδοκται
664 822 725 873 ibid.
745 812 936 887 ἐλαυνόμενοι]
954 812 1133 885 ἐλαυνόμεναι
1151 819 1186 871 id.

206 896 282 946 (λλον.
304 909 327 948 ο.
350 896 364 943 1
397 884 557 956 στερόμενοι
588 906 645 939 cum
671 890 747 939 Dind.
774 905 820 954 pro
846 882 1024 956 στερούμενοι
1074 888 1133 941 ibid.
1158 879 1192 937 λά

136 962 197 1030 λου]
214 964 288 1017 codd.
308 962 440 1013 lectionem
458 951 544 1009 ἄλλον
563 958 679 1009 defendit
696 958 818 1025 Remably
836 960 952 1014 observv.
972 962 999 1010 in
1016 959 1078 1009 Luo.
1095 958 1203 1007 Hermot.

136 1048 207 1099 spec.
227 1046 253 1097 p.
274 1031 317 1082 10.
352 1022 585 1096 ι’θίδ.Ἑρμάδιου]
597 1020 743 1092 Ἑρμίδιον
760 1028 836 1079 Dind.
873 1030 934 1083 ibid.
954 1024 1204 1093 διολισθαίνοντες]

138 1092 368 1157 διολισθάνοντες
389 1102 466 1151 idem.
503 1091 604 1164 σκότει]
627 1088 715 1165 σκότῳ
737 1098 772 1147 id.
810 1114 833 1151 ο.
850 1100 867 1149 2
885 1088 945 1161 άρα
961 1094 1030 1163 ἡμῖν
1066 1092 1125 1160 οῗρα
1139 1088 1205 1159 ὑμῖν
1253 1067 1258 1144 1

138 1172 173 1220 id.
194 1172 293 1221 vitiose.
330 1186 352 1219 ο.
371 1168 387 1221 3
405 1167 507 1230 πρᾶττε
529 1183 585 1217 cum
614 1168 670 1216 eod.
697 1181 743 1232 pro
767 1158 870 1229 πράττε
912 1168 972 1221 ibid.
993 1182 1030 1216 κα
1059 1156 1205 1247 ἐξευρήσω]
1253 1159 1258 1234 ]

137 1230 299 1303 κάξευρήσω
315 1239 349 1289 id.
387 1238 447 1289 ibid.
465 1228 635 1301 ὑψηλότερος
648 1224 677 1298 ἢ]
688 1235 835 1285 Schneideri
852 1239 1021 1287 coniecturam
1039 1224 1058 1300 ἢ
1074 1226 1207 1299 υηοηλότε-

142 1322 190 1368 ρος
207 1324 259 1358 non
276 1308 401 1373 improbat
419 1308 582 1359 Burmeister.
602 1320 630 1371 p.
651 1302 693 1359 39.
731 1321 754 1353 c.
773 1297 833 1354 421
852 1300 901 1354 καλ
918 1297 992 1372 αὐτῷ
1013 1295 1207 1368 ἐποικοδομεῖν

138 1369 230 1441 δεήσει
249 1378 347 1427 restitui
363 1391 408 1441 pro
427 1370 454 1425 εί
469 1371 517 1425 καλ
535 1373 623 1423 ταῦτα
642 1365 727 1423 ἱκανά
744 1364 764 1437 ἢ
781 1364 872 1425 ἔποικ.
889 1367 930 1423 ἔτι
947 1367 1040 1439 δεήσει
1075 1376 1123 1427 αὖ
1136 1366 1207 1422 άπο-

137 1438 310 1512 μηκόναυτες
329 1462 385 1495 cum
404 1446 479 1498 Dind.
499 1460 544 1509 pro
562 1434 793 1507 άπομηκόνοντες
828 1444 889 1493 ibid.
906 1435 1116 1513 άπολαβόμενος
1132 1444 1205 1492 resti-

138 1520 175 1566 tui
194 1532 240 1581 pro
258 1506 460 1581 ἐπιλαβόμενοι.
479 1514 513 1568 ο1.
532 1514 576 1563 Bis
592 1528 645 1561 οοο.
663 1512 689 1563 0.
726 1528 749 1564 ο.
768 1513 785 1563 6
801 1503 920 1576 ἐδεόμην
946 1514 1004 1564 dedi
1023 1529 1070 1579 pro
1090 1502 1209 1574 ἐδεόμην

139 1578 170 1635 δὲ
206 1602 228 1635 ο.
254 1576 500 1636 8άναλωτοτότου
517 1598 572 1631 cum
589 1581 665 1631 Dind.
683 1596 730 1645 pro
747 1571 932 1645 α’μοιχωτάτου
966 1600 989 1636 ο,
1009 1583 1042 1633 10
1065 1579 1206 1647 γίνεσθαι]

139 1652 287 1719 γίγνεσθαι
303 1653 379 1703 Dind.
415 1670 437 1702 ο.
458 1642 523 1701 116
546 1642 632 1716 άνὴρ]
658 1640 732 1714 ἁνήρ
750 1651 784 1701 id.
821 1651 881 1703 ibid.
903 1646 934 1702 ἓν
956 1667 984 1699 τι
1006 1666 1065 1701 eum
1088 1652 1144 1701 eod.
1162 1664 1209 1714 pro

139 1721 230 1775 τοῦτο.
266 1723 327 1771 ibid,
343 1711 413 1770 αἰιε
426 1713 451 1785 ὁ]
470 1710 527 1769 λα’
544 1714 559 1769 ὁ
579 1721 655 1769 idem.
692 1720 753 1772 εσυ.
771 1711 841 1769 λκιο
858 1710 901 1786 ἐκ]
917 1713 974 1770 λα’
991 1711 1022 1769 ἐκ
1036 1721 1112 1770 idem.
1147 1720 1208 1770 σοι.

138 1783 209 1841 άλλά
226 1783 271 1857 οὐ]
288 1781 344 1838 άλλ’
359 1782 393 1839 ου’
407 1791 442 1840 id.
479 1790 540 1839 ibid.
559 1787 704 1853 φαίνεται,
721 1778 767 1855 ὃς,
786 1782 824 1845 ὣς
840 1781 922 1856 δρᾷς,
942 1788 1078 1857 καταγελᾷ
1094 1785 1154 1853 τοῦ]
1173 1790 1211 1837 ita

139 1862 238 1911 restitui
251 1876 298 1926 pro
314 1858 458 1924 φαίνεται’
475 1849 512 1915 ὡς
528 1849 603 1922 ὁρᾶς,
618 1857 753 1926 καταγελᾷ
767 1853 819 1923 γὰρ
835 1858 885 1907 τοῦ
920 1849 1209 1924 ο.12Δία]Δί’1)ἰοι1,

138 1932 199 1982 ibid.
220 1920 374 1994 εί-ἕπήει
390 1930 490 1978 restitui
508 1909 727 1994 Ρεοήν-ἒπίη
762 1929 822 1979 ibid.
843 1942 887 1978 σοι
909 1920 924 1977 δ
948 1921 1062 1995 χρυσός]
1081 1942 1125 1977 σοι
1144 1941 1211 2008 χρυ-

139 1995 187 2056 σὸς
202 1999 277 2053 Dind.
315 1999 374 2049 ibid.
393 1989 539 2064 ἄνθρωπε]
557 1985 580 2046 ω’
599 1988 684 2061 άνθρ.
704 1998 740 2047 id.
777 2014 799 2047 ο.
816 1998 849 2050 13
865 1989 1125 2063 άναγινωοκοόσης]
1140 2010 1211 2044 ανα-

38 2091 40 2094 ·
139 2084 211 2133 γιγυ.
228 2070 264 2122 id.
300 2068 361 2118 ibid.
380 2064 478 2132 ταῦτα]
498 2059 573 2115 ταῦτ’
592 2068 627 2117 id.
664 2083 686 2117 ο.
704 2067 746 2115 414
762 2059 862 2134 ἰχθὺν]
880 2061 967 2132 ἰχθῦν
986 2069 1020 2119 ib
1057 2068 1117 2120 ibid.
1131 2057 1209 2129 ’Ἅγα-

140 2153 190 2203 μαι
208 2135 343 2193 Κλωθοῦς
361 2127 427 2202 κτὲ,]
447 2137 562 2201 imperite
581 2135 657 2186 Cobet
674 2151 700 2200 p.
720 2135 767 2186 63:
784 2128 897 2201 Ἀγαμαι
914 2135 1060 2192 Κλωθοῦς.
1078 2133 1211 2200 γεννικῶς

142 2197 204 2257 καῖ’
218 2198 319 2262 αότοδς
333 2200 381 2254 καλ
399 2197 535 2268 άπότεμνε
552 2201 602 2261 τὰς
623 2195 746 2267 κεφαλάς
762 2200 811 2254 καλ
829 2199 926 2259 α’νασκ.
953 2207 1020 2256 conf,
1038 2205 1160 2256 Fritzsch.
1177 2206 1214 2255 ad

140 2276 270 2341 Aristoph.
290 2276 381 2324 thesin.
400 2289 426 2340 p.
448 2274 498 2325 500
514 2289 553 2336 sq.
572 2284 596 2324 et
615 2290 680 2336 quae
697 2289 746 2323 οο
770 2275 826 2324 dixi
851 2278 878 2326 'm
903 2277 964 2325 edit.
988 2277 1050 2324 min.
1075 2289 1102 2339 p.
1123 2276 1155 2324 51
1171 2289 1213 2336 sq.

140 2347 208 2398 c.15
227 2337 384 2412 διατριβὴν]
402 2335 506 2411 τόρβην
520 2343 596 2461 01](1.
610 2402 617 2422 ,
631 2344 693 2423 ibid.
710 2288 793 2394 θεοια
812 2360 869 2394 cum
879 2346 935 2395 eod.
945 2359 991 2409 pro
1008 2337 1108 2409 ἄγνοια
1143 2359 1167 2392 ο.
1179 2343 1216 2394 17

140 2407 259 2479 ὀττοτοῖ]
274 2405 370 2463 ὀτοτοῖ
383 2414 417 2463 id.
458 2408 555 2464 ibicib
586 2409 684 2478 ευθυς]
708 2403 739 2462 δ’
752 2405 838 2470 εόθδς
856 2415 893 2466 id.
928 2414 988 2464 ibid.
1006 2407 1022 2462 ὁ
1040 2403 1141 2468 ἄθλιος
1155 2428 1217 2463 cum

140 2484 198 2534 end.
214 2499 261 2550 pro
280 2475 379 2539 ἅθλιος
413 2483 474 2534 ibid.
493 2481 708 2546 συναγείροντας
726 2483 786 2532 dedi
802 2498 849 2547 pro
865 2479 960 2547 ξυναγ.
996 2501 1017 2534 α
1042 2481 1075 2533 10
1093 2479 1217 2562 ιρυσαλί-

142 2551 204 2618 δας]
219 2549 390 2616 φυσαλλίδας
409 2551 484 2605 Dind.
518 2551 580 2602 ibid.
597 2545 627 2600 οἶ
643 2543 685 2617 δὲ]
703 2545 733 2601 ολ
753 2543 785 2600 δ’
803 2552 879 2602 idem.
915 2569 938 2602 ο.
957 2552 989 2602 21
1012 2546 1061 2600 καλ
1077 2566 1131 2614 γαρ
1151 2547 1217 2617 καὶ]

141 2617 190 2670 καλ
206 2612 258 2685 γάρ
277 2621 352 2675 Dind.
390 2637 412 2669 ο.
431 2622 465 2670 22
481 2617 606 2687 καίουσί]
624 2615 726 2669 κάουσί
741 2622 776 2674 id.
812 2622 871 2671 ibid.
888 2609 916 2677 ἒς
935 2621 995 2670 dedi
1011 2636 1057 2686 pro
1074 2613 1115 2678 εἰς
1151 2620 1219 2670 ibid.

141 2684 228 2740 οἶσθα
260 2681 337 2739 οἷσθ’
353 2688 429 2738 Dind.
465 2689 525 2739 ibid.
545 2682 662 2754 ἔπασχες
680 2691 763 2755 recepi
777 2705 836 2738 eum
852 2690 908 2739 eod,
924 2705 970 2755 pro
986 2682 1110 2752 ἔπασχον
1147 2689 1221 2740 ο.23

142 2752 208 2808 ποτὲ
226 2757 274 2826 ην]
295 2749 357 2806 ποτ’
374 2743 410 2820 ἦν
428 2757 503 2807 Dind.
540 2773 562 2810 ο.
581 2761 615 2810 24
633 2750 795 2822 Ὀθρυάδαν
818 2774 877 2808 oum
903 2760 959 2812 eod.
978 2773 1026 2822 pro
1047 2749 1222 2822 Ὀθρυάδην

141 2830 200 2879 ibid.
220 2827 257 2896 τῷ
274 2819 370 2886 αὐτοῦ]
386 2823 424 2894 τῷ
440 2817 526 2874 αὑτοῦ
544 2828 579 2879 id.
616 2827 678 2880 ibid.
696 2844 738 2879 vv.
757 2825 892 2894 βασιλεῖς,
911 2823 1030 2876 πλίνθοι
1045 2843 1104 2892 χρ.,
1124 2819 1222 2889 ἕκατ.,

142 2893 228 2962 μάχαι
245 2898 319 2947 eiecit
338 2897 371 2945 id.
409 2896 470 2947 ibid.
488 2886 554 2944 obbb
572 2887 624 2963 εἷς]
645 2888 737 2954 οόδελς
754 2897 789 2948 id.

78 3017 80 3022 ,
208 2965 360 3030 DeSacris.
380 2953 807 3031 ο.1“ἈμδναοιυΙ)ἰο(1.ρεο“Ἀ
827 2957 947 3029 μὲνγὰρ
982 2965 1043 3016 ibid.
1061 2955 1135 3014 οὕτω
1157 2982 1224 3016 oum

142 3035 199 3085 eod.
215 3051 261 3102 pro
280 3025 368 3091 οὕτως
401 3034 462 3087 ibid.
483 3025 575 3096 πότερ’
591 3036 690 3084 restitui
707 3051 753 3100 pro
771 3028 890 3098 πότερον
925 3037 985 3084 ο.4
1009 3027 1040 3084 δὲ
1066 3024 1161 3100 ἅπαξ]
1191 3032 1212 3084 δ
1217 3027 1226 3047 '

141 3093 217 3166 ἅπαξ
239 3104 314 3157 Dind.
351 3103 410 3154 ibid.
431 3099 662 3170 καταδικασθεὶς]
684 3098 893 3167 καταγνωσθεὶς
910 3105 946 3154 id.
982 3104 1042 3154 ibid,
1065 3097 1097 3154 τό
1123 3105 1227 3167 τεῖχος

143 3189 200 3223 cum
218 3175 275 3227 eod.
295 3189 341 3238 pro
360 3164 412 3238 [ἐς]
430 3165 460 3221 τδ
479 3175 570 3237 τεῖχος
605 3189 627 3222 υ.
646 3175 662 3225 5
684 3165 895 3240 ὑποβαλομένης
911 3173 1010 3222 restitui
1027 3188 1073 3239 pro
1090 3165 1228 3240 ὑποβαλ-

142 3235 259 3306 λομένης
293 3243 354 3294 ibid.
372 3232 427 3289 δπδ
446 3233 563 3307 ἐλάφου]
580 3231 628 3290 ὑπ’
645 3233 681 3292 bi.
698 3242 774 3292 Dind.
810 3243 869 3292 ibid.
888 3235 941 3304 τήν
952 3231 1042 3304 Ἥραν
1059 3244 1134 3292 uncis
1153 3243 1228 3292 libe-

142 3313 208 3362 ravit
225 3313 259 3362 id.
295 3312 354 3362 ibid.
377 3306 479 3374 χρυσός
497 3312 595 3360 restitui
616 3327 662 3376 pro
680 3309 796 3375 χρυσίον
830 3328 851 3360 ο.
872 3313 887 3359 7
912 3304 943 3361 δὲ
962 3305 1013 3378 ἔτι]
1032 3301 1063 3360 δ’
1076 3305 1119 3360 ἔτι
1138 3311 1228 3363 Dind.

142 3378 257 3434 c.8wiv
270 3376 358 3446 λόγων
377 3381 448 3430 uncis
466 3381 582 3432 liberavit
601 3381 635 3430 id.
672 3373 928 3444 ο.οπεριχεόμενον
946 3382 1044 3430 restitui
1060 3397 1108 3446 pro
1127 3395 1231 3444 προσ·

142 3444 274 3517 χεόμενον
310 3468 331 3502 υ.
344 3449 376 3502 10
389 3443 419 3500 δὲ
435 3441 593 3515 Ἀθηναῖος]
613 3441 645 3498 δ’
659 3439 714 3498 Ἅθ.
735 3451 811 3502 Dind.
846 3450 906 3499 ibid.
923 3442 957 3498 τά
974 3438 1055 3513 ἄλλα]
1073 3439 1168 3498 τᾶλλα
1187 3452 1232 3503 id.
