2550 3825
489 179 694 240 ΣΚΥΘΗΣ.
1029 175 1092 239 4οἷ

88 367 152 426 γαρ
174 338 231 425 ἄν,
255 337 299 418 ὥς
317 338 398 424 φής,
420 336 579 416 ἀπέλθοις
600 336 674 404 οὐδ’
699 333 743 404 ἄν
762 336 861 424 ἄφείη
882 360 918 406 σε
934 335 1091 426 ῥμδίωςή

88 438 198 516 πόλις·
221 434 281 522 οὐχ
296 435 403 514 οὕτως
417 433 512 521 όλίγα
526 432 567 502 τὰ
583 438 752 521 θέλγητρα
767 442 831 522 ἔχει
848 435 932 523 πρὸς
945 435 1024 514 τοὺς
1040 439 1093 516 ξέ-

88 561 184 620 νους,
206 533 290 602 ιἰλλόι
306 532 394 619 μάλα
408 532 601 619 ἐπιλήψεταί
616 554 696 618 σου,
715 530 759 611 ὡς
773 534 854 619 μήτε
870 532 1031 619 γυναικός
1044 539 1091 601 ἔτι

88 632 168 718 μήτε
182 636 327 714 παίδων,
343 640 377 698 ελ
386 651 439 699 σοι
449 628 513 717 ήδη
525 636 591 698 εἰσί
593 681 603 715 ,
619 639 817 716 μεμνῆσθαι.
839 629 884 709 ὡς
894 629 926 698 δ’
942 628 986 699 ἂν
999 632 1091 717 τάχι-

88 743 148 797 στα
164 736 276 796 πᾶσαν
292 733 374 806 ίδοις
388 726 448 813 τήν
463 728 562 795 πόλιν
576 735 645 795 τῶν
657 727 825 814 Ἀθηνῶν,
842 737 969 814 μᾶλλον
983 726 1090 812 δὲτὴν

87 827 223 896 Ελλάδα
234 825 317 912 ὅλην
327 827 383 894 καὶ
393 823 433 892 τὰ
442 823 608 911 Ἑλλήνων
618 826 713 911 καλό,
726 822 790 910 έγώ
801 823 1019 911 ὑποθήσομαί
1026 846 1089 892 σοι.

88 930 158 991 ἔστι
177 921 282 1009 σοφός
298 922 383 1010 ἀνήρ
401 927 566 1005 ἐνταῦθα,
589 923 762 1008 ἐπιχώριος
775 925 852 1008 μέν,
878 920 1091 1008 ἀποδημήσας

88 1021 127 1088 δὲ
140 1021 228 1107 μάλα
242 1019 347 1088 πολλὰ
357 1025 390 1102 ἔς
400 1046 435 1087 τε
448 1017 559 1086 Ἀσίαν
574 1022 629 1088 καὶ
641 1022 675 1098 ἐς
689 1028 863 1105 Αἴγυπτον
873 1023 1005 1096 καὶτοῖς
1016 1018 1091 1105 ἅρί-
1183 1107 1187 1112 .

88 1138 179 1196 στοις
201 1125 268 1185 τῶν
288 1115 481 1200 ἀνθρώπων
503 1117 763 1203 συγγενόμενος,
790 1115 830 1184 τοὶ
853 1115 937 1185 ἄλλα
960 1115 1001 1183 οὐ
1022 1124 1090 1183 τῶν
1174 1143 1176 1146 ⁴

87 1220 274 1300 πλουσίων,
297 1211 380 1281 ἄλλα
401 1217 456 1281 καὶ
472 1219 592 1302 κομιδή
612 1217 729 1300 πένης·
757 1213 833 1293 ὄψει
848 1218 988 1301 γέροντα
1002 1213 1089 1282 οὕτω

87 1315 269 1396 δημοτικῶς
284 1313 493 1397 ἐσταλμένον.
522 1309 609 1398 πλὴν
625 1314 682 1379 διό
695 1338 733 1398 γε
747 1311 809 1398 τήν
823 1319 946 1399 σοφίαν
962 1317 1017 1381 καὶ
1027 1311 1090 1400 τήν

87 1407 194 1493 όίλλην
213 1407 335 1495 ἀρετήν
348 1408 439 1476 πάνυ
453 1416 593 1495 τιμῶσιν
612 1405 733 1495 αὐτόν,
756 1409 907 1478 ὥστεκαὶ
923 1414 1090 1498 νομοθέτῃ

87 1513 232 1591 χρῶνται
249 1505 333 1590 πρὸς
345 1503 407 1592 τήν
422 1513 591 1574 πολιτείαν
601 1508 656 1573 καὶ
667 1503 797 1585 ἀξιοῦσι
809 1504 891 1573 κατόν
907 1505 947 1574 τὰ
959 1510 1089 1575 ἐκείνου

88 1603 323 1691 προστάγματα
334 1611 442 1691 βιοῦν.
465 1610 495 1671 εί
505 1611 626 1672 τοῦτον
636 1610 737 1688 φίλον
750 1604 885 1689 κτήσαιο
901 1606 956 1673 καὶ
966 1603 1089 1690 μάθοις

88 1697 157 1779 οἶος
171 1699 256 1787 ἀνήρ
272 1705 355 1786 έστι,
372 1710 483 1770 πᾶσαν
497 1701 608 1788 νόμιζε
622 1698 684 1787 τήν
694 1699 833 1768 Ἑλλάδα
849 1705 885 1770 ἐν
900 1700 989 1790 αὐτῷ
1003 1707 1089 1788 ἔχειν

88 1801 145 1872 καὶ
160 1799 197 1868 τό
212 1801 396 1886 κεφάλαιον
409 1799 471 1888 ήδη
492 1797 536 1870 ἂν
556 1803 677 1870 εἰδέναι
693 1809 761 1868 τῶν
776 1806 854 1890 τῇδε
866 1801 1022 1888 ἀγαθῶν·
1046 1801 1090 1881 ὡς

87 1895 152 1967 οόκ
168 1903 257 1966 ἔστιν
274 1896 293 1966 ό
307 1926 339 1967 τι
353 1893 398 1965 όν
408 1900 519 1985 μεῖζόν
533 1922 585 1967 σοι
594 1897 700 1969 καλὸν
711 1907 910 1986 χαρίσασθαι
923 1905 1088 1988 δυναίμην
1105 1919 1156 1973 86⁶

86 1994 110 2081 ή
131 1996 295 2082 συστήσας
317 2000 442 2088 έκείνφ.
476 2006 504 2065 6.
527 1997 587 2084 Μή
610 2007 727 2076 τοίνυν
742 2004 929 2085 μέλλωμεν,
957 2007 1037 2086 ἔφη,
1063 1991 1090 2066 ὦ

91 2094 231 2179 Τόξαρι,
253 2092 270 2161 ὁ
288 2092 494 2181 Ἀνάχαρσις,
519 2095 603 2164 ἄλλό
616 2124 657 2182 με
674 2094 786 2183 λαβὼν
800 2096 860 2182 ἄγε
879 2096 958 2181 παρ’
975 2095 1079 2163 αὐτόν

87 2190 172 2276 ιῖτοὶρ
185 2195 289 2260 έκεῖνο
302 2198 403 2281 δέδια,
420 2194 463 2282 μή
475 2195 702 2279 δυσπρόσοδος
714 2197 769 2263 καὶ
780 2197 816 2262 ἐν
826 2198 979 2282 παρέργῳ
989 2202 1087 2279 θῆται

88 2313 154 2359 σου
163 2288 225 2377 τήν
235 2296 383 2373 ἔντευξιν
395 2291 457 2380 τήν
470 2292 554 2379 ὑπὲρ
564 2291 669 2380 ήμῶν.
689 2290 854 2378 Εὐφήμει,
864 2284 887 2378 ή
897 2289 929 2358 δ’
943 2289 989 2375 ὅς,
1005 2295 1089 2359 ἐκεί-

88 2416 138 2480 νφ
153 2388 193 2457 τό
207 2393 343 2476 μέγιστα
356 2400 545 2477 χαριεῖσθαί
561 2418 617 2478 μοι
632 2396 721 2459 δοκεῖ
739 2387 895 2476 ἄφορμήν
909 2387 1090 2476 παρασχών

87 2498 145 2575 τής
160 2491 192 2566 ἐς
206 2491 302 2569 ξένον
317 2488 423 2576 ἄνδρα
438 2488 593 2569 εὐποιίας.
615 2493 698 2558 ἕπον
711 2488 835 2576 μόνον·
864 2498 936 2576 εἴση
949 2486 1013 2573 γὰρ
1027 2486 1088 2573 ὅση

87 2584 173 2670 πρός
190 2583 249 2655 τόν
261 2590 380 2663 Ξένιον
400 2586 421 2676 ή
438 2587 537 2667 αίδώς
555 2590 610 2658 καὶ
627 2586 648 2676 ἡ
669 2587 751 2675 ἄλλη
767 2591 923 2657 ἐπιείκεια
938 2589 992 2655 καὶ
1007 2612 1089 2673 χρη-

88 2686 215 2772 στότης.
237 2694 364 2772 μᾶλλον
374 2688 411 2755 δὲ
422 2683 504 2755 κατὰ
516 2692 658 2774 δαίμονα
668 2680 766 2765 οὗτος
776 2682 876 2764 αότός
889 2683 969 2772 ήμλν
983 2684 1090 2768 πρόσ-

88 2805 190 2868 εισιν,
214 2782 231 2851 ὁ
248 2785 299 2852 ἐπὶ
317 2792 493 2870 συννοίας,
517 2783 535 2853 ὁ
550 2794 661 2856 λαλῶν
678 2788 799 2876 ἑαυτῷΙ
828 2786 882 2852 καὶ
902 2782 969 2869 ἅμα
986 2803 1091 2870 προσ-

88 2881 194 2951 ειπών
213 2883 274 2951 τὸν
290 2882 449 2969 Σόλωνα,
478 2886 585 2953 Τοῦτό
604 2906 674 2969 σοι,
702 2890 782 2970 ἔφη,
809 2887 919 2971 δῶρον
936 2885 1091 2967 μέγιστον

86 2980 160 3068 ήκω
174 2980 282 3069 ἄγων,
299 2988 395 3063 ξένον
410 2981 517 3067 ἄνδρα
532 2987 643 3070 φιλίας
657 2984 826 3069 δεόμενον.
856 2986 883 3050 7.
899 2980 1042 3066 Σκόθης
1055 2981 1093 3047 δέ

87 3083 157 3147 ἐστι
171 3088 239 3147 τῶν
255 3080 334 3166 παρ’
356 3080 436 3170 ἡμῖν
455 3080 679 3167 εὐπατριδῶν,
704 3084 759 3150 καὶ
773 3079 862 3167 ὅμως
876 3078 971 3147 τάκεῖ
980 3080 1090 3146 πάντα
1189 3158 1193 3163 ‚

87 3176 183 3263 ἀφεὶς
198 3178 271 3265 ήκει
286 3181 509 3265 συνεσόμενος
529 3178 610 3266 ὑμῖν
622 3183 676 3247 καὶ
692 3177 733 3247 τὰ
752 3181 910 3247 κάλλιστα
924 3175 1090 3262 ὀψόμενος

87 3286 146 3364 τῆς
154 3275 320 3364 Ἑλλάδος,
336 3276 426 3364 κᾶγιδ
442 3279 599 3364 ἐπίτομόν
613 3304 688 3346 τινα
702 3278 828 3364 ταύτην
842 3280 978 3359 ἐξεῦρον
989 3273 1088 3366 αὐτῷ,

86 3376 178 3455 ὅπως
193 3380 297 3467 ῥᾷστα
307 3380 361 3446 καὶ
372 3374 471 3455 αὐτὸς
482 3378 587 3463 μόθον
601 3376 709 3445 πάντα
718 3376 772 3443 καὶ
781 3375 947 3459 γνώριμος
958 3378 1088 3458 γένοιτο
