2550 3825
457 210 822 269 ιιΡΜονιιιιοκ
966 221 968 225 ’
1050 192 1140 268 ειο

195 376 298 438 EPM.
318 367 442 454 Ἀληθῆ
459 375 570 436 ταῦτα.

195 472 294 534 ΛΤΚ.
314 462 359 533 Τό
370 471 487 532 τοίνυν
499 467 666 549 διακρῖναι
676 461 754 542 τούς
766 467 892 544 εἰδότας
902 467 957 533 καὶ
968 469 1113 550 διαγνό-

111 589 167 632 ναι
187 559 252 630 άπὸ
277 569 344 629 τῶν
365 559 427 628 ούκ
447 560 583 629 εἰδότων
599 563 676 647 μέν,
702 563 901 646 φασκόντων
918 565 970 647 δέ,
996 560 1038 629 ού
1060 582 1114 629 σοι

69 655 71 662 ’
111 664 205 727 δοκεῖ
217 659 309 727 πάνυ
323 661 464 746 ἐργῶδες
479 656 578 737 είναι;

194 765 298 827 ΕΡΜ.
321 760 387 830 Καὶ
402 757 499 842 μάλα.
1165 814 1167 817 .

194 863 294 925 ΛΥΚ.
323 856 447 941 Δεήσει
467 861 584 921 τοίνυν
601 857 654 939 σί,
680 861 711 924 εί
729 858 856 941 μέλλεις
875 862 1037 922 Στωικῶν
1053 851 1113 920 τὸν

110 954 248 1039 άριστον
259 957 467 1038 είσεσθαι,εί
437 955 530 1020 είκαὶ
540 949 584 1038 μὴ
596 954 649 1022 ίιιί
659 953 796 1038 πάντας,
811 950 883 1020 ἀλλ’
896 945 960 1020 ούν
971 952 1021 1019 ἐπὶ
1033 947 1112 1027 τούς

109 1059 284 1132 πλείστους
297 1050 409 1120 αὐτῶν
422 1054 535 1120 ἐλθείν
554 1052 609 1119 καὶ
622 1060 825 1138 πειραθῆναι
839 1046 947 1119 καὶ
913 1076 973 1117 τον
986 1047 1112 1135 άμείνω
1127 1066 1181 1120 810

110 1153 363 1236 προστήσασθαι
379 1149 595 1236 διδάσκαλον,
616 1149 877 1236 γυμνασάμενόν
896 1175 933 1234 γε
948 1147 1112 1232 πρότερον

110 1250 165 1317 καὶ
178 1246 328 1335 κριτικὴν
339 1255 406 1314 τῶν
416 1248 578 1316 τοιούτων
595 1249 739 1334 δύναμιν
749 1249 997 1366 πορισάμενον,
1011 1271 1057 1323 ως
1065 1269 1109 1330 μη

109 1367 148 1414 σε
164 1343 282 1435 λάθηὸ
298 1351 417 1464 χείρων
428 1352 631 1430 προκριθείς.
652 1347 761 1413 καὶσυ
749 1342 923 1429 καὶπρὸς
936 1340 1110 1426 τούτοόρα

109 1440 194 1511 ὅσου
204 1446 323 1511 δείτοῦ
336 1443 472 1528 χρόνον,
491 1436 533 1510 ού
544 1441 630 1510 ἑκύν
645 1451 778 1530 παρῆκα
790 1438 957 1519 δεδιύς
916 1468 961 1527 μη
972 1438 1016 1508 σύ
1027 1438 1111 1525 άγα·

110 1540 292 1628 νακτήσης,
307 1545 412 1608 καίτοι
427 1540 466 1608 τό
476 1566 515 1626 γε
528 1542 684 1628 μέγιστόν
694 1567 729 1608 τε
740 1540 808 1628 ἅμα
821 1542 876 1609 καί
891 1536 1111 1625 ἀναγκαιότα-

110 1661 171 1704 τον
187 1639 224 1704 ἐν
238 1651 305 1714 τοῖς
315 1636 494 1722 τοιούτοις,
509 1640 593 1724 λέγω
605 1634 648 1724 δὴ
660 1652 728 1716 τοῖς
743 1636 877 1724 ἀδήλοις
891 1663 927 1703 τε
940 1637 995 1704 καὶ
1006 1633 1111 1721 άμφι-

109 1734 238 1821 βόλοις,
256 1737 294 1802 ἓν
308 1735 409 1802 τοῦτό
423 1730 526 1821 ἐστιν,
543 1733 650 1822 οἶμαι·
672 1738 727 1804 καὶ
740 1735 828 1822 μόνη
843 1756 896 1803 σοι
911 1731 995 1820 αὕτη
1010 1730 1109 1818 πιστὴ

110 1834 164 1899 καί
179 1836 311 1920 βέβαιος
326 1834 416 1911 ἐλπὶς
430 1835 482 1901 ἐπὶ
493 1831 555 1921 τὴν
566 1832 732 1922 ἀλήθειάν
741 1860 777 1902 τε
786 1835 841 1902 καὶ
852 1831 987 1920 εὕρεσιν
997 1831 1108 1920 αὐτῆς,

109 1933 193 2015 άλλη
205 1933 241 1997 δὲ
252 1927 327 1997 οὐδ’
340 1928 477 2016 ἡτισοῦν
492 1928 560 2016 ἢτό
573 1940 702 2018 κρίνειν
712 1934 881 2002 δύνασθαι
896 1935 950 2001 καὶ
960 1937 1109 2017 χωρίζειν

108 2025 175 2096 άπὸ
190 2036 258 2095 των
271 2026 410 2112 ἀληθῶν
423 2027 462 2095 τά
479 2034 585 2115 ψευδῆ
606 2029 769 2118 ὑπάρχειν
783 2053 836 2099 σοι
858 2033 914 2098 καὶ
933 2029 1016 2097 κατὰ
1030 2026 1109 2107 τούς
1185 2078 1188 2085 ·

108 2125 413 2213 ἀργυρογνώμονας
427 2129 680 2213 διαγιγνώσκειν
691 2127 714 2195 δι’
724 2154 759 2195 τε
774 2129 894 2214 δόκιμα
904 2130 959 2195 καὶ
971 2126 1111 2212 άκίβδη-
1197 2155 1201 2159 “

107 2236 151 2295 λα
163 2226 217 2292 καὶ
232 2219 255 2289 δι’
269 2229 561 2311 παρακεκομμένα,
582 2228 636 2293 καὶ
651 2235 685 2294 εί
695 2250 775 2293 ποτε
788 2222 947 2311 τοιαύτην
960 2222 1035 2291 τινὰ
1049 2224 1110 2290 δύ-

107 2350 211 2410 ναμιν
225 2325 280 2391 καὶ
293 2324 412 2409 τέχνην
426 2323 648 2409 πορισάμενος
661 2322 730 2415 ᾔεις
744 2321 843 2391 ἐπὶ
806 2349 869 2409 την
883 2324 1028 2402 ἐξέτασιν
1041 2328 1109 2389 τῶν
1198 2340 1201 2343 ’

109 2424 314 2509 λεγομένων
337 2428 367 2489 εί
378 2420 491 2507 δὲμη,
517 2415 555 2488 εύ
573 2432 645 2491 ίσθι
662 2419 705 2500 ὡς
721 2419 821 2489 ούδὲν
835 2423 977 2490 κωλύσει
995 2440 1032 2489 σε
1052 2445 1110 2507 της

108 2518 202 2609 ῥινός
216 2518 404 2591 &awaus
386 2518 450 2606 νφ’
464 2517 645 2607 ἑκάστωνη
658 2528 776 2607 θαλλοδ
785 2517 1047 2607 προδειχθέντι’
1028 2545 1109 2587 ακο-

107 2630 248 2704 λουθείν
264 2640 374 2703 ωσπερ
396 2615 436 2685 τά
455 2616 622 2704 πρόβατα,
645 2626 773 2705 μᾶλλον
787 2618 824 2686 δὲ
837 2644 883 2685 τω
868 2620 1108 2708 ἐπιτραπεζίω

108 2718 205 2787 ύδατι
219 2715 333 2794 ἐοικός
348 2722 421 2806 ἔση,
447 2714 539 2800 ἐφ’
520 2743 537 2784 ο
553 2745 584 2785 τι
597 2713 642 2785 άν
655 2720 754 2805 μέρος
767 2686 890 2805 ὲλκύόη
902 2720 942 2783 σί
954 2744 1003 2796 τις
1017 2715 1108 2807 άκρφ

108 2824 153 2907 τῷ
170 2816 322 2906 δακτύλῳ
339 2812 517 2901 άγόμενος,
541 2811 563 2901 ἦ
584 2819 640 2884 καὶ
658 2814 700 2901 νὴ
723 2821 789 2885 Δία
810 2814 947 2906 καλάμῳ
967 2817 1032 2882 τινὶ
1053 2810 1105 2881 ἐπ’

108 2913 194 3003 ὄχθη
205 2918 438 3001 παραποταμίᾳ
449 2914 613 2997 πεφυκότι
624 2916 680 2982 καί
690 2911 773 2999 πρός
784 2920 851 2980 πᾶν
861 2910 898 2979 τδ
909 2915 1012 2981 πνέον
1023 2939 1109 2997 καμ-

107 3015 275 3103 πταμένῳ,
294 3007 360 3078 κάν
374 3012 476 3097 μικρά
490 3038 539 3089 τις
553 3012 642 3099 αύρα
656 3013 889 3099 διαφυσήσασα
906 3011 1106 3098 διασαλεύσῃ
1125 3026 1173 3084 811

107 3109 220 3179 αύτόν.
244 3117 294 3179 69.
313 3107 357 3189 ύς
372 3120 405 3179 εί
414 3112 455 3197 γέ
467 3138 542 3179 τινα
559 3111 670 3196 εὕροις
683 3112 899 3197 διδάσκαλον,
920 3108 957 3189 ὃς
973 3110 1109 3178 άποδεί-

107 3212 186 3288 ξεως
199 3211 274 3294 πέρι
286 3211 340 3277 καί
351 3215 407 3295 τῆς
418 3216 485 3276 των
499 3209 822 3298 άμφισβητουμίνων
833 3214 1026 3291 διακρίσεως
1035 3207 1108 3294 τέχ-

106 3332 171 3391 νην
192 3302 267 3374 τινά
290 3304 386 3385 είδύς
405 3306 549 3386 διδάξειέ
568 3329 621 3393 σε,
648 3306 761 3394 παύση
784 3301 909 3390 δηλαδὴ
932 3305 1108 3391 πράγματα
1215 3348 1217 3353 -

106 3409 205 3488 ἔχων·
228 3401 345 3472 αύτίκα
358 3405 424 3491 γάρ
436 3423 489 3495 σοι
500 3402 537 3471 τό
551 3408 723 3492 βέλτιστον
733 3416 885 3489 φανεῖται
901 3402 955 3469 καὶ
966 3400 1108 3485 τάληθὲς
