2550 3825
166 136 228 200 120
520 139 823 197 AOYKIANOY

160 296 282 385 ἤροντο
296 305 357 366 τοῦ
374 296 650 384 ἐπιβουλεύοντος
664 294 811 384 τοῦνομα
821 294 913 384 κάγά
928 304 1014 385 ἐφην
1028 293 1079 366 ὅτι
1089 299 1158 365 013-

90 414 144 470 294
160 403 209 476 τίς
222 398 308 480 ἐστι,
324 401 531 481 μελαγχολᾶν
544 396 715 480 οἰηθέντες
726 420 766 480 με
782 393 905 485 ᾤχοντο
920 392 1082 474 ἀπιόντες.
1101 392 1159 461 ού·

161 519 207 560 τω
222 492 460 577 κατεσοφίσατό
477 517 517 578 με
533 489 550 559 ὁ
567 493 749 575 κατάρατος
762 500 807 582 τῷ
823 491 970 579 ὀνόματι,
993 494 1048 562 καλ
1062 489 1082 560 δ
1095 493 1160 577 μά-

163 599 256 659 λιστα
270 587 387 677 ἠνίασέ
398 616 455 676 με,
478 588 528 658 ότι
545 593 600 657 καὶ
620 586 789 672 ὀνειδίζων
803 593 873 677 ἐμοὶ
893 590 955 678 τήν
971 589 1159 676 συμφοράν,

163 685 252 757 Οὐδὲ
267 685 284 755 ὁ
300 687 424 774 πατήρ,
443 694 561 774 φησίν,
578 684 595 755 ὁ
610 692 784 756 Ποσειδῶν
797 689 926 756 ίάσεταί
936 710 982 757 σε.

244 793 349 854 ΠΟΣ.
375 786 514 872 Θάρρει,
537 778 563 852 ὦ
585 789 721 853 τέκνον·
753 784 944 872 ἀμυνοῦμαι
961 785 1024 873 γάρ
1045 783 1160 869 αὐτόν,

163 880 207 962 ὡς
220 883 314 972 μάθῃ
326 883 393 969 ὅτι,
410 887 465 953 καλ
481 891 510 952 εί
522 883 674 969 πήρωσίν
684 910 740 971 μοι
752 881 938 972 ὀφθαλμῶν
949 891 1065 954 ἰᾶσθαι
1076 881 1160 952 ἀδύ-

161 1008 280 1066 νατον,
310 979 350 1050 τά
371 990 457 1068 γοῦν
476 988 544 1050 τῶν
565 982 736 1049 πλεόντων
767 980 814 1065 [τὸ
836 979 1087 1063 σύζειναύτούς
1106 981 1159 1048 καλ

161 1078 358 1165 ἀπολλύναι]
377 1076 428 1148 ἐπ’
445 1083 520 1167 ἐμοί
533 1082 615 1147 ἐστι·
638 1088 716 1146 πλεῖ
727 1081 763 1145 δὲ
777 1085 832 1147 ἐτι.

645 1337 673 1399 3.

91 1455 142 1509 295
318 1448 653 1503 ΠοΣΕεΔεεΝοΣ
679 1450 761 1501 πλε
782 1448 1004 1501 Ammon

247 1587 274 1648 l.
295 1588 399 1648 ΠΟΣ.
428 1588 470 1649 Τί
480 1587 595 1666 τοῦτο,
616 1578 745 1666 Ἀλφειέ
750 1610 760 1662 3
782 1572 884 1666 μόνος
897 1588 964 1650 τῶν
978 1580 1090 1649 ἀλλων
1104 1582 1152 1664 ἐμ

161 1675 274 1747 πεσολν
286 1681 317 1757 ἐς
329 1676 365 1746 τό
377 1680 518 1765 πέλαγος
533 1677 609 1746 ούτε
619 1677 841 1764 ἀναμίγνυσαι
855 1687 895 1767 τῇ
908 1678 1011 1767 άλμῃ,
1027 1675 1071 1757 ὡς
1082 1683 1160 1756 έθος

161 1789 319 1862 ποταμοῖς
341 1774 484 1862 ἀπασιν,
511 1773 587 1844 ούτε
610 1773 794 1855 ἀναπαύεις
816 1776 958 1846 σεαυτόν
980 1782 1160 1863 διαχυθείς,

162 1872 244 1946 ἀλλά
262 1871 317 1942 διά
335 1881 391 1962 τῆς
406 1874 574 1962 θαλάττης
594 1873 758 1957 ξυνεστάς
777 1877 832 1944 καὶ
850 1873 958 1963 γλυκύ
984 1875 1162 1962 φυλάττων

160 1974 196 2042 τὸ
208 1977 357 2060 ῥεσθρου,
373 1970 492 2059 ἀμιγὴς
504 1979 550 2041 ἔτι
562 1977 616 2042 καλ
626 1971 777 2059 καθαρός
790 1977 901 2063 ἐπείγῃ
913 1973 975 2042 οὐκ
989 1973 1062 2042 οίδοι
1073 1971 1162 2041 ὅπου

160 2073 282 2160 βύθιος
298 2068 428 2150 ὑποδύς
447 2073 601 2157 καθάπερ
617 2078 653 2141 οί
667 2073 763 2158 λάροι
784 2075 838 2141 καὶ
854 2076 987 2163 ἐρῳδιοί
990 2102 1000 2155 3
1021 2074 1077 2140 καὶ
1093 2077 1162 2139 ἔοι-

161 2198 220 2249 κας
235 2168 422 2250 ἀνακύψειν
435 2195 502 2236 που
520 2171 574 2237 καὶ
588 2164 689 2248 αὖθις
703 2169 889 2255 ἀναφανεῖν
904 2170 1055 2238 σεαυτόν.

243 2275 346 2335 ΑΛΦ.
366 2265 540 2350 Ἐρωτικόν
559 2294 591 2335 τι
609 2265 646 2337 τό
661 2267 797 2354 πρᾶγμά
817 2270 922 2352 ἐστιν,
945 2260 1161 2351 ἀΠόσειδον,

163 2367 245 2437 ὥστε
261 2364 305 2453 μὴ
321 2372 446 2452 ἔλεγχε·
468 2363 620 2452 ἠράσθης
635 2367 672 2433 δέ
687 2368 742 2433 καὶ
756 2361 855 2442 αάτδς
871 2365 1038 2443 πολλάκις.

93 2485 145 2539 296
247 2472 351 2533 ΠΟΣ.
374 2463 556 2545 Γυναικός,
580 2456 607 2529 ά
625 2462 770 2548 Ἀλφειέ,
790 2458 961 2548 ἢνύμφης
981 2464 1058 2550 ἐρᾷς
1072 2458 1093 2549 ἢ
1108 2469 1163 2529 καλ

162 2572 229 2631 τῶν
243 2566 426 2649 Νηρηίδων
441 2558 552 2628 αὐτῶν
565 2567 657 2647 μιάς;

251 2666 349 2726 ΑΛΦ.
374 2657 463 2743 Οὔκ,
479 2657 562 2727 ἀλλά
579 2666 701 2744 πηγῆς,
717 2651 744 2724 ἀ
760 2655 936 2725 Πόσειδον.

245 2765 350 2825 ΠΟΣ.
367 2754 410 2823 Ἡ
421 2756 457 2823 δέ
470 2763 537 2823 ποῦ
555 2777 607 2823 σοι
621 2763 681 2841 γῆς
696 2754 780 2840 αὕτη
794 2758 861 2841 ρείς

249 2862 350 2922 ΑΛΦ.
384 2860 551 2939 Νησιῶτίς
572 2858 640 2922 ἐστι
661 2852 801 2940 Σικελή·
831 2850 1038 2939 Ἀρέθουσαν
1058 2849 1165 2939 αὐτὴν

162 2959 332 3022 καλοῦσιν.

247 3056 277 3118 2.
300 3055 403 3116 ΠΟΣ.
428 3046 510 3116 Οἶδα
527 3046 589 3115 ούκ
603 3046 774 3135 ἀμορφον,
798 3042 824 3116 ἀ
835 3046 982 3134 Ἀλφειέ,
1002 3046 1063 3135 τὴν
1073 3045 1165 3130 Ἀρέ-

163 3160 310 3234 θουσαν,
326 3143 409 3216 ἀλλά
425 3146 563 3232 διαυγής
580 3149 617 3214 τέ
629 3149 764 3216 ἐστικαὶ
778 3146 833 3217 διά
848 3153 1003 3234 καθαροῦ
1016 3143 1163 3233 ἀναβλύ·

164 3254 209 3333 ζει
223 3247 278 3315 καλ
291 3242 327 3313 τό
340 3242 432 3328 ύδωρ
448 3248 618 3326 ἐπιπρέπει
631 3259 702 3324 ταῖς
712 3252 855 3333 ψηφίσιν
866 3244 945 3313 όλον
956 3241 1041 3330 ὑπὲρ
1053 3243 1166 3312 αὐτῶν

95 3361 147 3419 29⁷
163 3346 371 3435 φαινόμενον
388 3341 608 3430 ἀργυροειδές.
