2550 3825
245 202 525 261 ΜΕΝΙΠΠΟΣ
543 204 576 259 Η
596 204 1008 265 ΝΕΚΥΟΜΑΝΤΕΙΑ.
1063 204 1122 265 195

125 359 239 444 ρύκωυ
253 360 427 446 ἐπίτροχόν
440 387 472 427 τι
492 364 546 428 καὶ
560 357 685 446 ἀσαφές
701 366 899 450 ἐφθέγγετο·
929 362 1015 449 πλην
1030 364 1123 453 ἐφ’κει

126 463 164 545 γε’
177 485 269 537 τινας
279 461 505 526 ἐπικαλεῖσθαι
520 464 686 545 δαίμονας.
708 459 788 546 μετά
801 460 831 527 δ’
847 455 910 528 οὖν
920 462 981 547 την
994 459 1124 551 ε’πφδηυ

125 560 194 642 τρῖς
205 556 248 624 ἀν
260 584 326 644 μον
338 556 420 643 πρός
430 556 466 625 τό
479 558 660 643 πρόσωπον
670 556 878 645 ἀποπτύσας,
891 560 1047 647 ἐπανῄειν
1058 561 1123 625 πά·

125 663 180 722 λιν
194 654 316 723 ούδέυα
327 664 394 723 τῶν
409 654 633 725 ἀπαντώντων
645 662 878 744 προσβλέπων·
900 662 954 726 καὶ
965 667 1050 726 σιτία
1062 660 1123 743 μὲν

125 752 206 841 ἡμῖν
219 753 259 821 τά
273 752 461 843 ἀκρόδρυα,
476 752 581 823 ποτόν
592 756 628 822 δὲ
642 755 727 840 γάλα
740 758 795 822 καὶ
809 764 1005 840 μελίκρατον
1020 760 1073 825 καὶ
1084 755 1120 824 τό

124 860 186 920 τοῦ
202 853 363 921 Χοάσπου
379 852 487 939 ὕδωρ,
518 850 598 939 εύνὴ
622 852 659 921 δὲ
678 850 858 935 ὑπαίθριος
879 857 930 921 ἐπὶ
947 862 1004 940 τῆς
1028 855 1120 933 πόας.

126 953 196 1019 ἐπεὶ
210 953 246 1019 δέ
260 950 333 1029 ἀλις
349 950 482 1036 εἶχετῆς
499 951 774 1037 προδιαιτήσεως,
796 955 870 1038 περὶ
886 958 985 1039 μέσας
999 953 1122 1033 νύκτας
1139 974 1190 1028 466

126 1050 178 1116 ἐπὶ
189 1046 248 1116 τόν
263 1055 405 1134 Τίγρητα
419 1045 569 1133 ποταμόν
580 1045 716 1133 ἀγαγύυ
727 1050 875 1135 έκάθηρέ
883 1056 919 1117 τέ
924 1076 965 1136 με
976 1053 1029 1118 καὶ
1041 1048 1121 1120 ἀπέ·

126 1153 205 1233 μαξε
218 1149 273 1214 καὶ
284 1146 475 1232 περιήγνισε
486 1150 611 1234 δμδίοις
628 1148 683 1214 καὶ
694 1153 809 1235 σκίλλη
823 1151 876 1215 καὶ
887 1147 998 1226 ἀλλοις
1010 1155 1122 1217 πλείο-

126 1266 181 1311 σιν
201 1242 270 1330 ἅμα
284 1246 340 1312 καὶ
359 1241 420 1329 τὴν
443 1240 575 1333 ἐπῳδὴν
588 1246 718 1329 ε’κείνην
735 1244 1025 1331 ὑποτονθορύσας,
1054 1244 1122 1313 είτα
1219 1276 1222 1283 ·

125 1341 207 1409 ὅλον
223 1368 263 1428 με
279 1340 529 1427 καταμαγεύσας
544 1343 599 1408 καὶ
614 1342 819 1426 περιελθοόν,
833 1344 889 1409 ἵνα
903 1340 946 1429 μὴ
965 1349 1122 1428 βλαπτοί-

126 1467 193 1527 μην
207 1436 273 1507 ύττό
289 1446 356 1506 τῶν
371 1440 572 1525 φασμάτων,
587 1440 745 1526 ἐπανάγει
759 1443 794 1518 ές
804 1438 866 1527 τὴν
876 1447 1000 1525 οίκίαυ,
1018 1440 1060 1520 ὡς
1077 1440 1122 1509 εἶ-

125 1566 201 1627 χον,
222 1536 477 1624 ἀναποδίζοντα,
501 1541 555 1608 καὶ
571 1536 607 1605 τδ
623 1537 742 1607 λοιπόν
761 1537 844 1625 ἀμφὶ
860 1548 967 1609 πλοῦν
982 1553 1120 1629 ελχομεν.

126 1646 154 1707 8.
178 1634 277 1715 αὐτὸς
291 1636 354 1723 μὲν
367 1629 431 1705 ούυ
452 1637 597 1723 μαγικήν
615 1664 690 1704 τινα
712 1641 808 1705 ἐνέδυ
822 1637 942 1725 στολὴν
962 1638 1002 1707 τά
1016 1638 1121 1709 πολλά

126 1738 273 1803 ἐοικυῖαν
286 1744 327 1822 τῇ
339 1739 493 1823 Μηδικῇ,
516 1736 572 1821 ἐμὲ
589 1736 625 1803 δὲ
640 1739 784 1803 τουτοισὶ
800 1739 912 1821 φέρων
927 1739 1122 1805 ἐνεσκεύασε

124 1840 169 1923 τῷ
184 1839 269 1922 πίλῳ
284 1834 339 1899 καλ
358 1838 398 1921 τῇ
412 1839 528 1921 λεοντῇ
544 1836 598 1901 καί
613 1834 747 1919 προσέτι
766 1841 805 1922 τῇ
826 1834 926 1924 λύρᾳ,
951 1839 1005 1903 καλ
1019 1860 1122 1922 παρε-

125 1932 318 2016 κελεύσατο,
332 1930 377 2017 ἥν
390 1958 440 2009 τις
451 1937 565 2017 ἔρηταί
576 1959 616 2018 με
626 1931 789 2017 τοῦνομα,
807 1936 987 2010 Μένιππον
1002 1936 1063 2020 μὲν
1076 1934 1120 2020 μὴ

125 2032 251 2114 λέγειν,
263 2026 425 2112 Ἡρακλέα
440 2028 475 2096 δὲ
489 2025 679 2113 η’Ὀδυσσέα
694 2024 856 2115 ἢΌρφέα.

209 2135 297 2195 ΦΙΛ.
315 2127 373 2207 Ὡς
387 2125 427 2212 δὴ
442 2133 475 2194 τί
487 2134 602 2209 τοῦτο,
619 2119 828 2207 ύΜένιππες
852 2125 892 2194 ού
906 2126 970 2214 γάρ
986 2135 1120 2215 συνίημι
1137 2148 1188 2204 467

124 2223 186 2312 τὴν
201 2231 309 2294 αἰτίαν
323 2223 401 2292 ούτε
414 2231 475 2292 τοῦ
490 2225 652 2311 σχήματος
668 2223 744 2290 ούτε
758 2231 826 2290 τῶν
843 2221 1025 2309 ὀνομάτων.

209 2330 319 2390 ΜΕΝ.
342 2324 407 2390 Καὶ
426 2320 494 2408 μὴν
511 2321 682 2406 πρόδηλον
695 2321 793 2388 τούτό
809 2347 847 2406 γε
869 2326 922 2390 καὶ
943 2321 984 2390 ού
1000 2347 1120 2390 παντε-

125 2420 413 2509 λῶςάπόρρητον·
436 2423 505 2489 ἐπεὶ
515 2417 581 2506 γάρ
592 2413 686 2488 οὗτοι
698 2417 761 2504 πρό
773 2417 868 2505 ἡμῶν
881 2426 997 2500 ζῶντες
1012 2419 1120 2500 ές“Αι-

126 2528 188 2590 δον
205 2520 491 2606 κατεληλύθεσαν,
514 2515 643 2604 ἡγεῖτο,
665 2526 698 2584 εί
711 2542 752 2602 με
773 2514 979 2584 ἀπεικάσειεν
999 2515 1119 2602 αύτοῖς,

124 2621 246 2708 ῥηιδίως
260 2614 303 2684 ἀν
319 2615 380 2703 τὴν
394 2624 455 2684 τού
468 2621 598 2684 Αίακού
612 2611 767 2700 φρουράν
778 2618 950 2682 διαλαθεῖν
963 2617 1018 2683 καὶ
1032 2613 1120 2682 ἀκω-

125 2717 233 2793 λύτως
248 2723 430 2800 παρελθεῖν
445 2711 501 2781 ἅτε
517 2715 764 2798 συνηθέστερον
777 2720 938 2798 τραγικῶς
951 2714 1039 2799 μάλα
1057 2739 1121 2780 πα-

125 2813 382 2898 ραπεμπόμενον
402 2809 467 2878 ὑπό
487 2817 548 2878 τοῦ
568 2811 737 2896 σχήματος.
771 2815 800 2877 9.
824 2809 887 2897 ἤδη
910 2809 941 2877 δ’
961 2804 1024 2879 οὖν
1039 2809 1121 2879 ὑπέ-

125 2934 248 2994 φαινεν
266 2905 389 2994 ἡμέρα,
416 2909 472 2976 καὶ
490 2906 710 2983 κατελθόντες
729 2907 781 2974 ἐπὶ
800 2903 861 2974 τδυ
880 2906 1030 2995 ποταμόν
1046 2909 1121 2994 περὶ

124 3005 303 3093 ἀναγωγὴν
315 3005 532 3092 ἐγιγνόμεθα·
554 3004 800 3090 παρεσκεύαστο
816 3001 849 3071 δ’
866 3002 955 3096 αύτῷ
969 3009 1023 3073 καὶ
1037 3006 1120 3072 σκά·

125 3130 188 3190 φος
204 3106 259 3171 καὶ
272 3107 374 3188 ίερεῖα
387 3104 442 3171 καὶ
456 3109 653 3188 μελίκρατον
666 3104 720 3169 καὶ
735 3099 808 3170 ἀλλ’
823 3099 885 3168 ὅσα
899 3101 981 3188 πρὸς
995 3100 1057 3188 τὴν
1066 3127 1121 3169 τε·

125 3199 223 3289 λετὴν
237 3203 388 3288 χρήσιμα.
412 3201 631 3290 ἐμβαλόμενοι
646 3192 708 3267 ούν
720 3197 849 3266 ἅπαντα
863 3197 903 3267 τοὶ
914 3219 1121 3286 παρεσκευα-
1136 3218 1188 3274 460

125 3301 229 3384 σμένα
243 3297 330 3365 οὕτω
346 3296 386 3384 δὴ
403 3301 458 3366 καὶ
472 3296 566 3366 αὐτοὶ

166 3404 325 3479 βαίνομεν
339 3394 536 3482 ἀχνύμενοι,
551 3395 700 3482 θαλερόν
715 3393 798 3462 κατά
813 3391 1070 3544 δάκρυΙὲέρντες.
