2550 3825
174 163 237 226 324
285 181 287 186 '
524 166 825 224 AOYKIANOY

174 319 196 410 ἢ
213 331 310 391 τοῦτο
325 327 386 411 μέν
401 329 520 412 κομιδῇ
533 324 717 410 ἰδιωτικόν,
734 327 789 392 καὶ
802 322 877 391 οὐδ’
891 319 935 391 ἀν
947 323 990 392 σύ
1001 351 1057 411 με,
1076 314 1104 390 ιά
1120 349 1184 409 φι-

175 422 289 508 λότης,
311 420 469 508 ἀνάσχοιο
483 421 642 507 τοιαύτην
662 420 845 508 ἀπολογίαν
865 425 1106 510 προϊσχόμενον
1124 425 1183 490 καὶ

176 518 367 605 συνήγορον
386 516 610 604 τὸνὍμηρον
633 521 938 607 παραλαμβάνοντα
960 525 1016 589 καὶ
1030 517 1070 588 τά
1094 522 1183 586 ἐκεί·

176 642 240 684 νον
256 622 317 703 ἔπη
334 619 565 707 ῥαψῳδοῦντα,

93 725 159 792 ,716
301 723 437 800 Μοῖραν
454 711 483 780 δ’
499 713 616 782 ούτινά
631 741 716 801 φημι
730 718 946 802 πεφυγμένον
966 723 1102 803 ἔμμεναι
1117 713 1177 782 ἀν-

689 849 691 853 ·
781 819 876 898 ’δρῦν

177 917 232 982 καλ
245 913 284 981 τό

217 1053 219 1058 ,
302 1013 484 1100 γεινομένῳ
495 1011 632 1093 ἐπένησε
644 1018 741 1101 λίνῳ,
758 1009 813 1077 ὅτε
824 1037 883 1096 μιν
892 1011 964 1076 τέκε
974 1008 1089 1096 μήτηρ.

177 1113 207 1175 9.
230 1114 260 1175 εί
274 1108 444 1174 δὲτοῦτον
459 1106 554 1192 ἀφεὶς
569 1105 746 1191 τὸνλόγον
763 1104 807 1184 ὡς
822 1103 863 1172 ού
879 1106 971 1172 πάνυ
989 1103 1182 1184 ἀξιόπιστον

178 1207 284 1271 έκεῖνο
296 1206 438 1289 λέγοιμι,
454 1204 534 1291 μήτε
545 1201 609 1270 ὑπὸ
625 1203 802 1290 χρημάτων
816 1202 897 1289 μήτε
908 1199 1080 1287 ὑπ’,άλλης
1091 1199 1183 1278 τινῦς

90 1329 92 1333 ·
147 1291 308 1379 Ῐέλπίδος
326 1302 480 1387 τοιαύτης
503 1303 693 1378 δελεασθεὶς
713 1298 898 1387 ὑποστῆναι
919 1294 981 1384 τὴν
1005 1304 1182 1383 παροῦσαν

178 1405 378 1485 συνουσίαν,
396 1396 479 1466 ἀλλά
496 1396 558 1484 τὴν
573 1398 711 1466 σύνεσιν
725 1400 780 1466 καὶ
795 1396 952 1484 ἀνδρείαν
968 1399 1023 1464 καὶ
1037 1395 1182 1481 μεγαλύ-

179 1521 275 1563 νοιαν
290 1502 350 1562 τοῦ
366 1494 488 1582 ἀνδρὸς
501 1495 679 1582 θαυμάσας
698 1493 854 1582 ἐθελῆσαι
875 1502 1077 1581 κοινωνῆσαι
1093 1494 1182 1578 πρά-

179 1599 263 1674 ξεων
276 1601 323 1684 τῷ
337 1595 492 1684 τοιούτῳ,
516 1597 648 1661 δέδοικα
666 1591 710 1679 μὴ
727 1591 810 1677 πρὸς
826 1599 866 1680 τῇ
882 1593 1105 1687 Ιἐπιφερομένη
1120 1617 1181 1657 τια-
1265 1586 1266 1593 ¹

178 1697 316 1778 τηγορίᾳ
332 1699 504 1769 κολακείας
525 1697 633 1759 αἰτίαν
650 1688 852 1778 προσλαβοδν
874 1683 957 1780 κᾷτα
978 1688 1182 1775 εὑρίσκωμαι
1265 1760 1266 1783 ,

178 1787 264 1878 ἥλῳ,
280 1795 399 1873 φασίν,
415 1789 586 1873 ἐκκρούων
596 1786 656 1855 τὸν
668 1781 767 1874 ἧλον,
783 1791 837 1856 καὶ
851 1795 977 1874 μείζονί
985 1814 1022 1872 γε
1032 1785 1093 1854 τόυ
1103 1807 1181 1871 σμι-

179 1885 354 1972 κρότερον,
377 1885 444 1977 ὅσῳ
459 1892 613 1954 κολακεία
630 1893 698 1953 τῦν
715 1884 826 1955 ἀλλων
841 1884 999 1955 ἀπάντων
1012 1892 1127 1954 κακῶν
1144 1882 1181 1952 τὸ

180 1986 509 2068 δουλοπρεπέστατον
525 1981 609 2050 εἶναι
624 1987 679 2051 καὶ
689 1984 793 2073 ταύτῃ
802 1992 967 2071 ,χείριστον
979 1984 1184 2069 νενόμισται.
1265 2019 1266 2026 1

180 2087 230 2151 10.
248 2087 282 2148 τί
293 2074 357 2148 ούν
373 2080 470 2169 ἀλλο,
487 2089 517 2151 εί
529 2084 609 2169 μήτε
625 2088 728 2150 ταῦτα
740 2083 821 2168 μήτε
835 2086 944 2150 ἐκεῖνα
959 2086 1068 2169 λέγειν
1082 2086 1185 2166 δοκεῖ,

114 2196 161 2254 m
182 2180 369 2249 ὑπόλοιπόν
385 2184 474 2250 ἐστιν
485 2176 508 2269 ἦ
519 2179 694 2268 ὁμολογεῖν
708 2182 790 2267 μηδὲ
807 2184 845 2248 ἓν
859 2179 950 2267 ὑγιές
966 2186 1070 2248 εἰπεῖν
1082 2186 1186 2264 ἔχειν;
1265 2185 1266 2220 ³

180 2286 238 2364 μία
252 2304 309 2364 μοι
329 2288 408 2357 ίσως
423 2283 531 2365 ἐκείνη
554 2278 683 2367 ἀγκυρα
703 2286 750 2347 ἔτι
766 2278 924 2366 ἀβροχος,
946 2276 1131 2364 ὀδύρεσθαι
1146 2275 1184 2344 τὸ

180 2384 285 2464 γῆρας
297 2379 352 2445 καὶ
365 2376 426 2464 τὴν
440 2379 543 2446 νόσον
560 2380 614 2447 καὶ
628 2376 710 2464 μετά
721 2378 850 2445 τούτων
864 2375 926 2463 την
940 2384 1058 2444 πενίαν
1072 2378 1184 2443 πάντα

180 2488 288 2541 ποιεῖν
299 2477 353 2542 καὶ
364 2477 501 2562 πάσχειν
512 2475 780 2561 ἀναπείθουσαν,
794 2474 838 2554 ὡς
850 2476 990 2561 ἐκφύγοι
1001 2502 1050 2553 τις
1060 2472 1183 2561 αῦτήν·

181 2577 235 2640 καὶ
249 2575 286 2640 έν
301 2581 346 2663 τῷ
369 2576 507 2667 τοιούτῳ
525 2568 587 2644 οῦκ
602 2574 743 2663 ἀκαιρον
758 2586 837 2654 ίσως
857 2578 913 2642 καὶ
928 2572 990 2661 τὴν
1005 2581 1065 2643 τοῦ
1078 2571 1186 2658 Εῦρι·

182 2674 282 2738 πίδον
301 2672 457 2758 Μήδειαν
478 2678 703 2760 παρακαλέσαι
724 2681 961 2760 παρελθοῦσαν
979 2678 1082 2741 είτιεῑν
1098 2668 1184 2754 ὑπὲρ
1265 2735 1266 2748 ,

182 2771 264 2853 ἐμοῦ
278 2771 387 2837 ἐκεῖνα
402 2766 441 2836 τά
460 2776 589 2858 ίαμβεῑα
604 2770 725 2858 μικρὸν
739 2769 824 2839 αῦτά
840 2772 1102 2861 παρῳδήσασαν·

225 2893 242 2908 ’·
309 2868 363 2933 καὶ
373 2870 539 2952 μανθάνω
551 2871 612 2955 μέν
623 2866 676 2937 οἷα
689 2875 774 2955 δρᾶν
785 2873 893 2955 μέλλω
904 2871 1000 2954 κακά,
1077 2884 1079 2890 “

309 2972 403 3032 πενία
416 2965 452 3034 δὲ
464 2974 626 3052 κρείσσων
636 2976 703 3035 τῶν
714 2974 803 3054 ε’μῦν
813 2969 1060 3055 βουλευμάτων.

182 3061 219 3163 τὸ
235 3062 296 3149 μέν
310 3060 374 3149 γάρ
388 3073 450 3135 τοῦ
464 3068 643 3152 Θεόγνιδος
657 3063 721 3133 κάν
732 3064 796 3152 έγά
816 3064 861 3152 μὴ
878 3070 980 3151 λέγω,
996 3073 1044 3143 τίς
1058 3062 1120 3132 ούκ
1135 3063 1186 3133 οῗ-

93 3162 95 3167 ’
184 3166 258 3247 δεν,
273 3159 335 3229 οῦκ
356 3160 589 3249 ἀπαξιοῦντος,
615 3168 669 3233 καὶ
690 3167 722 3243 ἐς
742 3165 936 3249 βαθυκήτεα
956 3163 1081 3243 πόντον
1097 3172 1186 3250 σφάς

183 3258 305 3340 αύτούς
316 3265 443 3350 ῥιπτεῖν
453 3264 507 3331 καὶ
518 3261 600 3331 κατά
612 3272 772 3350 κρημνῶν
784 3290 821 3350 γε
831 3261 1016 3351 ἠλιβάτων,
1033 3271 1062 3331 εί
1074 3269 1184 3349 μέλλει

181 3383 231 3435 τις
241 3357 346 3437 οὕτως
358 3358 608 3441 ἀποδράσεσθαι
620 3359 682 3442 τὴν
692 3369 825 3439 πενίαν;
848 3368 896 3429 ll.
909 3362 1085 3448 ταῦταμὲν
1100 3360 1184 3429 εἶναι
