2550 3825
508 166 685 224 ΧΑΡΩΝ.
1033 156 1095 219 ῖῖῖ

98 328 150 394 ἐπὶ
163 325 225 412 τὴν
239 324 352 411 πυράν
370 324 435 393 ὑπὸ
450 333 510 393 τοῦ
527 324 645 409 Κύρου
661 319 863 408 ἀναχθῆναι·
889 318 1017 407 ἥκουσα
1030 315 1095 403 γὰρ

99 432 156 511 τῆς
172 432 335 504 Κλωθοῦς
349 425 466 513 πρῴην
484 421 776 508 ἀναγινωσκούσης
789 447 829 487 τα
844 419 969 507 ἕκάστω
987 418 1097 483 ε’πικε-

99 529 287 612 κλωσμένα,
311 528 348 593 ἐν
370 521 418 603 οἷς
442 524 497 591 καὶ
518 530 620 589 ταῦτα
644 520 839 605 ἐγέγραπτο,
868 524 1014 599 Κροῖσον
1034 512 1096 598 μέν

101 621 226 691 ἁλῶναι
247 620 313 691 ὑπό
329 624 464 708 Κύρου,
491 627 607 705 Κῦρον
627 618 663 683 δὲ
685 616 789 685 αύτδν
806 615 863 683 ὑπ’
883 615 1024 699 ἐκεινησὶ
1039 618 1097 698 τῆς

100 724 352 806 Μασσαγέτιδος
366 718 560 787 ἀποθανεῖν.
594 715 674 806 ὁρᾷς
692 727 754 802 την
769 717 942 798 Σκυθίδα,
967 710 1029 798 τὴν
1045 712 1097 778 ἐπὶ

100 827 161 886 τοῦ
176 822 281 886 ἵππου
296 818 416 885 τούτου
431 823 491 883 τοῦ
504 822 628 883 λευκοῦ
644 814 904 894 ἐξελαύνουσαν;

184 926 280 985 ΧΑΡ.
302 914 357 1001 Νη
372 922 447 983 Δία.

185 1021 288 1082 ΕΡΜ.
325 1013 470 1098 Τόμυρις
491 1014 599 1096 ἐκείνη
623 1014 706 1098 ἐστί,
733 1008 868 1097 καλιὴν
888 1008 1038 1096 κεφαλήν
1059 1033 1099 1094 γε

102 1112 312 1198 ἀποτεμοῦσα
321 1118 382 1179 τοῦ
392 1111 511 1194 Κύρου
522 1108 605 1195 αύτη
616 1112 649 1187 ἐς
662 1107 766 1177 ἀσκόν
781 1110 916 1194 ἐμβαλεῖ
927 1105 1033 1193 πλήρη
1045 1108 1099 1171 αἵ-

102 1236 211 1298 ματος.
234 1207 314 1299 δρᾷς
328 1210 363 1276 δὲ
374 1206 499 1276 καὶτὸν
512 1206 589 1275 υἱὸν
602 1206 706 1275 αὐτοῦ
720 1206 779 1275 τόν
794 1212 986 1287 νεανίσκους
1003 1211 1099 1289 Καμ-

16 1379 18 1382 ,
102 1309 208 1395 βύσης
222 1306 344 1385 ἐκεῖνός
359 1310 462 1375 ἐστιν·
484 1299 580 1385 οὗτος
593 1304 782 1393 βασιλεύσει
797 1302 878 1390 μετά
894 1302 955 1371 τόν
974 1302 1097 1387 πατέρα
1116 1320 1168 1376 509

101 1411 158 1475 καὶ
169 1412 271 1492 μυρία
282 1408 416 1492 σφαλεὶς
429 1410 464 1472 έν
475 1429 510 1470 τε
520 1411 559 1492 τῇ
572 1405 683 1493 Λιβύη
696 1405 751 1472 καὶ
761 1409 924 1492 Αἰθιοπίᾳ
936 1399 973 1469 τό
985 1410 1099 1470 τελευ-

102 1521 196 1573 ταῖον
209 1508 322 1591 μανεὶς
336 1502 552 1571 ἀποθανεῖται
566 1500 760 1580 ἀποκτείνας
774 1499 833 1568 τὸν
842 1494 945 1567 Ἆπιν.

187 1611 283 1671 ΧΑΡ.
298 1598 341 1668 Ὦ
356 1608 482 1669 πολλοῦ
494 1605 644 1686 γέλωτος.
675 1598 757 1669 ἀλλά
772 1607 837 1667 νῦν
853 1606 900 1679 τίς
917 1596 960 1666 ἀν
978 1596 1118 1676 αύτούς
1151 1626 1154 1631 ’

103 1705 343 1790 προσβλέψειεν
358 1698 463 1777 οὕτως
475 1698 773 1788 ὑπερφρονοῦντας
783 1706 849 1766 τῶν
866 1696 994 1779 ἀλλων;
1015 1694 1037 1784 ἢ
1052 1704 1100 1775 τίς

103 1798 148 1868 ἀν
170 1799 376 1867 πιστεύσειεν
399 1795 443 1876 ἀς
468 1797 538 1885 μετ’
561 1798 674 1885 ὀλίγον
696 1791 792 1876 οὗτος
814 1799 876 1884 μὲν
896 1797 1100 1883 αίχμάλωτος

103 1903 210 1984 ἔσται,
241 1888 338 1976 ούτος
366 1898 401 1964 δὲ
429 1894 491 1984 τὴν
513 1896 664 1985 κεφαλὴν
689 1900 751 1978 ἕξει
777 1902 813 1965 ἐν
837 1895 927 1987 ἀσκῷ
950 1899 1100 1983 αῗματος;

105 2001 153 2064 14.
177 1997 300 2073 ἐκεῖνος
317 1996 352 2061 δὲ
366 2001 413 2072 τίς
430 1999 535 2083 ἐστιν,
551 1990 706 2082 ύἘρμῆ,
723 1993 814 2082 δτην
827 2004 1007 2083 πορφυρᾶν
1022 1998 1100 2081 ἐφε-

104 2097 220 2177 στρίδα
231 2094 536 2180 ἐμπεπορπημένος,
554 2091 619 2162 ὁτό
634 2094 794 2179 διάδημα,
811 2086 838 2183 ςδ
851 2091 911 2161 τόν
922 2092 1101 2160 δακτύλιον

104 2189 123 2258 ὁ
138 2189 295 2276 μάγειρος
310 2187 491 2259 ἀναδίδωσι
505 2189 565 2258 τόν
578 2190 679 2276 ι’χθύν
697 2188 879 2276 ἀνατεμών,

146 2287 238 2375 νήσω
254 2291 290 2354 ἐν
304 2285 489 2375 ἀμφιρύτη;
511 2286 666 2374 βασιλεὺς
682 2288 721 2355 δέ
734 2313 782 2364 τις
796 2285 922 2370 εὔχεται
937 2285 1029 2353 εἶναι.
1119 2314 1172 2368 510

189 2392 292 2452 EPM.
314 2378 414 2471 Εὖγε
425 2391 587 2475 παρῳδεῖς
601 2384 681 2471 ἤδη,
700 2378 727 2452 ἀ
738 2385 870 2466 Χάρων.
894 2381 976 2451 ἀλλά
987 2391 1103 2452 Πολυ-

102 2485 231 2570 κράτην
243 2481 323 2573 ὁρᾷς
337 2482 398 2551 τόν
408 2490 541 2570 Σαμίων
552 2484 721 2566 τύραννον
734 2484 983 2565 πανευδαίμονα
998 2478 1103 2566 ἡγού-

105 2607 209 2666 μενον
226 2579 326 2648 εἶναι·
349 2577 432 2664 ἀτάρ
447 2583 501 2648 καὶ
516 2573 612 2658 οὗτος
626 2577 726 2658 αὐτὸς
740 2575 805 2646 ὑπὸ
820 2585 881 2646 τοῦ
896 2585 1103 2662 παρεστῶτος

102 2680 235 2744 ὀίκέτου
245 2683 461 2764 Μαιανδρίου
474 2680 651 2764 προδοθείς
661 2675 788 2766 Ὀροίτη
797 2684 843 2766 τῷ
855 2677 1005 2765 σατράπη
1019 2673 1097 2743 ἀνα-

105 2775 403 2862 σκολοπισθησεται
414 2773 685 2853 ἀθλιοςέκπεσών
693 2783 749 2862 τῆς
759 2773 969 2861 εὐδαιμονίας
979 2779 1015 2842 ἐν
1024 2772 1103 2841 ἀκα-

105 2888 159 2959 ρεῖ
168 2882 230 2941 τοῦ
239 2876 379 2960 χρόνον
402 2877 456 2942 καὶ
472 2881 574 2942 ταῦτα
590 2872 654 2959 γάρ
672 2882 728 2961 τῆς
742 2881 906 2952 Κλωθοῦς
923 2875 1101 2960 ἐπήκουσα.

188 2979 285 3040 ΧΑΡ.
304 2971 446 3058 ’Ἀγαμαι
460 2980 626 3049 Κλωθοῦς
645 2979 813 3058 γεννικῆς·
842 2976 896 3040 καὶ
913 2971 1051 3058 αύτούς,
1076 2965 1103 3038 ύ

105 3076 273 3156 βελτίστη,
294 3072 348 3137 καλ
364 3067 422 3146 τάς
439 3067 586 3155 κεφαλάς
600 3067 764 3155 ἀπότεμνε
785 3072 838 3137 καὶ
856 3066 1104 3154 ἀνασκολόπιζε,

106 3163 150 3246 ὡς
165 3171 299 3235 είδωσιν
313 3166 488 3252 ἀνθρωποι
503 3165 611 3246 ὄντες·
632 3170 669 3234 ἐν
683 3167 829 3256 τοσούτῳ
845 3166 880 3234 δὲ
895 3168 1106 3250 ἐπαιρέσθων

105 3262 149 3342 ὡς
172 3260 216 3332 ἀν
240 3262 302 3351 ἀφ’
325 3263 533 3350 ὑψηλοτέρου
554 3261 786 3351 ἀλγεινότερον
811 3263 1103 3351 καταπεσούμενοι.

106 3360 170 3446 ε’γω
184 3364 221 3430 δέ
237 3362 418 3449 γελάσομαι
430 3364 504 3431 τότε
519 3371 684 3450 γνωρίσας
695 3360 805 3430 αύτῶν
821 3364 959 3429 ἕκαστον
972 3359 1106 3448 γυμνόν
