2550 3825
161 150 223 212 202
517 153 818 213 ΛΟΤΚΙΑΝΟΤ

161 312 360 402 δαναπάλλμ
376 320 422 402 τῷ
435 310 598 401 ’Λσσυρίῳ
612 313 668 379 καὶ
684 316 779 401 Μίδα
798 320 843 403 τῷ
860 317 968 399 Φρυγὶ
982 317 1037 381 καὶ
1051 310 1163 388 ἀλλοις

93 422 144 476 482
162 412 227 480 τισὶ
240 418 308 477 τῶν
323 417 533 479 πολυτελῶν·
555 407 690 476 ἀκοόων
706 410 742 476 δὲ
757 410 967 495 οἰμωζόντων
981 408 1093 477 αὐτῶν
1109 412 1165 477 καὶ

160 506 223 594 τήν
237 506 383 575 παλαιὰν
397 508 500 593 τύχην
514 506 813 592 ἀναμετρουμένων
832 516 912 597 γελᾷ
928 534 963 577 τε
977 511 1031 577 καὶ
1047 511 1164 591 τέρπε-

160 633 213 673 ται
229 608 284 674 καὶ
304 604 344 673 τά
362 604 468 674 πολλοὶ
491 604 606 682 ὕπτιος
628 613 861 692 κατακείμενος
882 604 953 695 ᾅδει
974 606 1063 692 μα’λα
1082 629 1165 691 τρα-

160 711 231 793 χείᾳ
246 708 301 772 καί
317 704 440 791 ἀπηνεῖ
451 712 492 792 τῇ
511 709 609 790 φωνή
628 702 687 781 τάς
707 701 853 789 οίμωγάς
873 701 984 771 αὐτῶν
1006 700 1164 769 έπικαλό-

160 828 269 888 πτων,
297 800 381 869 ῶστε
403 800 563 870 ἀνιᾶσθαι
586 799 667 879 τοῦς
689 800 813 889 ἀνδρας
834 804 888 869 καὶ
909 804 1161 869 διασκέπτεσθαι

160 915 324 989 μετοικεῖν
339 898 381 969 οῦ
397 904 560 987 φέροντας
574 897 634 967 τόν
647 904 826 987 Διογένην.

244 1008 295 1072 19.
318 1009 406 1070 ΦΙΛ.
433 1004 535 1069 Ταυτὶ
550 1000 612 1086 μὲν
627 1004 764 1079 ίκανῶς·
783 1001 865 1069 τίδὲ
884 996 921 1066 τό
936 999 1092 1086 ψήφισμα
1106 989 1161 1081 ήν,

160 1100 242 1185 ὅπερ
257 1103 295 1168 έν
309 1096 395 1188 ἀρχή
412 1104 522 1184 ἔλεγες
536 1106 750 1185 κεκυρῶσθαι
767 1096 850 1166 κατὰ
864 1104 932 1164 τῶν
946 1101 1132 1173 πλουσίων;

243 1208 355 1269 ΜΕΝ.
383 1193 436 1268 En}
456 1227 494 1286 γε
509 1198 716 1287 ὑπέμνησας·
749 1200 791 1270 οῦ
805 1199 870 1288 γὰρ
894 1198 958 1268 οἶδ’
978 1198 1068 1277 ὅπως
1088 1201 1164 1283 περὶ

160 1299 283 1368 τοῦτον
304 1300 414 1382 λέγειν
434 1302 643 1385 προθέμενος
658 1300 817 1387 πάμπολυ
838 1300 1082 1386 ἀπεπλανήθην
1102 1304 1164 1365 τοῦ

159 1398 271 1484 λόγου.
293 1398 576 1484 διατρίβοντος’
531 1424 596 1484 γαρ
614 1426 681 1486 μου
697 1399 776 1487 παρ’
792 1398 905 1479 αὐτοῖς
921 1397 1116 1486 προῦθεσαν
1131 1408 1163 1463 οι

159 1519 338 1578 πρυτανεις
348 1496 524 1580 ἐκκλησίαν
533 1499 609 1581 περὶ
618 1524 687 1565 των
697 1524 795 1587 κοινη
805 1497 1064 1585 συμφεροντων
1079 1490 1164 1564 ίδῶν

159 1586 224 1659 οῦν
238 1589 384 1670 πολλοῦς
398 1596 605 1714 συνθέοντας
618 1592 779 1682 ἀναμίξας
792 1594 936 1683 ἐμαυτόν
951 1609 1019 1672 τοϊς
1032 1607 1164 1679 νεκροις

159 1686 265 1767 εὐθυς
282 1684 327 1766 εἷς
338 1688 450 1757 ταδ’
408 1689 509 1769 αυτός
522 1685 566 1777 ήν
579 1700 647 1760 τῶν
663 1696 915 1781 ἐκκλησιαστῶν.
938 1693 1136 1784 διῳκήθη
1102 1718 1164 1761 αεν

161 1780 224 1854 οῦν
237 1788 291 1854 καὶ
304 1785 404 1873 ἀλλα,
421 1796 612 1856 τελευταῖον
626 1791 663 1856 δε
673 1816 709 1857 το
698 1787 796 1875 περὶ
809 1797 877 1857 τῶν
887 1797 1071 1859 πλουσίων·
1093 1789 1163 1856 ἐπεὶ

93 1903 143 1958 483
161 1881 224 1971 γὰρ
240 1879 351 1951 αῦτῶν
366 1884 570 1971 κατηγόρητο
585 1884 691 1955 πολλὰ
707 1890 763 1956 καὶ
778 1886 888 1973 δεινά,
902 1891 959 1974 βία
973 1889 1028 1955 καὶ
1044 1883 1164 1966 ἀλαζο-

159 1989 231 2049 νεία
251 1984 307 2048 καὶ
326 1979 492 2067 ὑπεροψία
515 1984 570 2051 καὶ
591 1982 684 2052 ἀδικί
669 1991 718 2069 ία,
744 1989 837 2065 τέλος
859 1985 1004 2064 ἀναστάς
1022 2011 1072 2064 τις
1094 1991 1160 2050 τῶν

160 2084 368 2165 δημαγωγῶν
381 2077 512 2166 ἀνέγνω
527 2081 683 2167 ψήφισμα
696 2091 857 2151 τοιοῦτον.

545 2321 784 2375 ΨΗΦΙΣΜΑ.
837 2349 845 2358 -

242 2472 293 2534 20.
311 2463 458 2552 ,ξΕπειδή
470 2469 575 2535 πολλὰ
587 2470 643 2535 καὶ
657 2469 834 2556 παράνομα
848 2477 882 2540 οί
891 2473 1046 2542 πλούσιοι
1058 2476 1163 2556 δρῶσι

160 2562 249 2649 παρὰ
275 2560 336 2629 τόν
358 2570 434 2649 βίον
459 2561 659 2649 ἁρπάζοντες
683 2568 738 2633 καὶ
764 2569 954 2654 βιαζόμενοι
977 2571 1032 2636 καὶ
1052 2569 1163 2636 πάντα

159 2661 284 2743 τρόπον
295 2668 363 2727 τῶν
373 2661 525 2746 πενήτων
538 2671 844 2751 καταφρονοῦντες,
861 2667 1011 2753 δεδόχθω
1024 2673 1064 2754 τή
1078 2673 1163 2753 βου-

160 2765 201 2843 λη’
220 2758 275 2823 καὶ
295 2764 341 2823 τῶ
362 2756 471 2846 δήμω,
495 2758 631 2827 έπειδάν
647 2758 861 2848 ἀποθάνωσι,
882 2761 922 2830 τά
943 2764 1005 2850 μὲν
1025 2763 1163 2848 στόματα

160 2850 272 2920 αὐτῶν
287 2824 486 2933 κόλάζεσθαι
500 2858 656 2943 καθάπερ
672 2857 773 2927 καὶ
737 2885 776 2926 τα
788 2867 856 2928 τῶν
869 2861 980 2930 ἀλλων
990 2867 1161 2947 πονηρῶν,

160 2947 218 3028 τοὶς
234 2952 270 3018 δὲ
284 2949 391 3035 ψυχὰς
405 2950 721 3039 ἀναπεμφθείσας”
699 2982 769 3022 ανω
785 2960 818 3036 ές
832 2955 892 3026 τόν
905 2965 981 3047 βίον
997 2958 1164 3028 καταδόε·

160 3049 278 3113 σθαι’
261 3072 293 3125 ες
308 3046 386 3126 τοῦς
400 3047 515 3136 ὅνους,
538 3050 614 3139 ἀχρι
634 3050 678 3119 ἀν
698 3057 735 3121 έν
751 3063 797 3145 τῷ
818 3057 959 3148 τοιούτῳ
979 3058 1164 3144 διαγάγωσι

159 3144 323 3228 μυριάδας
336 3148 419 3212 ἐτῶν
430 3149 528 3215 πέντε
541 3153 596 3217 καὶ
612 3153 789 3238 είκοσιν,”
769 3181 841 3221 ονοι
854 3153 917 3234 ξ
899 3181 988 3223 ονων
1002 3155 1165 3241 γιγνόμε-

159 3265 213 3307 νοι
227 3243 281 3309 καὶ
296 3240 568 3328 ἀχθοφοροῦντες
583 3251 638 3314 και
653 3247 717 3317 ὑπό
733 3259 800 3318 τῶν
814 3253 967 3339 πενήτων
979 3255 1162 3339 ἐλαυνόμε-

159 3361 229 3421 νοι,
253 3336 459 3408 τούντεῦθεν
483 3345 519 3411 δε
542 3343 662 3412 λοιπόν
689 3352 806 3428 ἐξεῖναι
832 3349 943 3428 αὐτοῖς
964 3349 1163 3422 ἀποθανεῖν
