2550 3825
159 175 220 238 126
515 180 816 239 AOYKIANOY

241 341 340 403 ΖΕΦ.
362 332 422 421 Μὴ
440 343 790 422 πολυπραγμονῶμεν,
813 334 868 405 ὅτε
883 335 1022 419 ἄμεινον
1035 343 1158 416 ἐκεῖνος

159 429 228 500 οίδε
241 431 280 500 τά
297 436 452 516 πρακτέα.

557 583 709 592 -.---.

640 701 671 762 8.

294 811 627 866 ΠοΣΕιΔαΝοΣ
654 813 739 865 ιιι
762 789 1032 870 mmm.

243 951 272 1013 1.
293 953 398 1013 ΠΟΣ.
421 939 474 1014 Εὖ
485 971 539 1030 χε,
556 936 778 1029 ύΛελφῖνες,
796 942 847 1011 ὅτι
862 943 913 1012 ἀεὶ
924 945 1160 1029 φιλάνθρωποί

159 1047 240 1130 έστε,
256 1046 310 1111 καὶ
322 1045 423 1111 πάλαι
434 1044 496 1128 μὲν
507 1039 543 1110 τδ
558 1049 615 1127 τῆς
629 1039 733 1119 Ἰνοῦς
743 1046 878 1109 παιδίον
892 1044 945 1109 ε’πὶ
955 1040 1015 1109 τὸν
1027 1039 1160 1126 Ἰσθμὸν

159 1146 330 1228 ἐκομίσατε
343 1138 584 1225 ὑποδεξάμενοι
601 1136 666 1205 άπδ
681 1145 749 1205 τῶν
759 1143 996 1224 Σκειρωνίδων
1009 1136 1090 1225 μετά
1101 1145 1159 1224 τῆς

89 1259 141 1314 308
159 1237 281 1326 μητρὸς
295 1238 454 1324 ἐμπεσόν,
476 1239 531 1306 καὶ
542 1243 607 1303 νύν
618 1234 661 1304 σύ
676 1234 735 1302 τὸν
750 1235 944 1325 κιθαρῳδὸν
958 1237 1090 1303 τουτονὶ
1100 1232 1160 1302 τόν

158 1340 194 1404 έκ
201 1336 397 1422 Μηθύμνης
409 1333 587 1421 άναλαβύν
596 1335 736 1418 ἐξενήξω
746 1335 778 1410 ἐς
788 1340 955 1417 Ταίναρον
964 1331 1047 1421 αὐτῇ
1057 1340 1160 1422 σκευῇ

158 1437 213 1502 καὶ
223 1434 360 1523 κιθάρα,
376 1431 453 1500 οὐδὲ
465 1436 625 1519 περιεῖδες
636 1439 745 1508 κακῶς
756 1429 822 1497 ύπό
835 1438 903 1498 τῶν
911 1438 1043 1498 ναυτῶν
1054 1428 1160 1498 άπολ-

158 1531 314 1617 λύμενον.

241 1636 374 1697 ΔΕΛΦ.
402 1626 463 1714 Μὴ
483 1628 680 1714 θαυμάσῃς,
702 1618 929 1707 ύΠόσειδον,
951 1631 982 1693 εί
996 1622 1075 1703 τούς
1096 1623 1160 1692 άν-

158 1727 318 1812 θραίπους
334 1718 372 1793 εύ
385 1735 547 1810 ποιοῦμεν
561 1728 593 1803 ἐξ
608 1722 803 1809 ἀνθρώπων
815 1748 854 1808 γε
868 1724 924 1790 καὶ
936 1721 1029 1791 αὐτοὶ
1046 1724 1160 1807 ἰχθύες

159 1824 343 1909 γενόμενοι.

241 1928 346 1988 ΠΟΣ.
369 1921 434 1986 Καὶ
449 1921 621 2005 μέμφομαί
636 1944 673 2004 γε
688 1927 734 2007 τῷ
744 1919 920 2009 Διονύσῳ,
936 1918 987 1987 ὅτι
998 1918 1083 2007 ύμᾶς
1098 1946 1161 1986 κα-

159 2016 410 2103 ταναυμαχήσας
420 2018 587 2101 μετέβαλε,
598 2017 676 2082 δέον
686 2016 911 2101 χειρώσασθαι
921 2017 1038 2102 μόνον,
1049 2014 1160 2100 ω’σπερ

158 2116 237 2197 τούς
252 2116 374 2195 άλλους
385 2113 583 2202 ὑπηγάγετο.
603 2122 673 2195 πῶς
687 2115 720 2183 δ’
736 2111 849 2184 οὖντά
864 2116 946 2185 κατὰ
958 2114 1017 2185 τδν
1029 2116 1159 2202 Ἀρίονα

158 2223 278 2283 τοῦτον
293 2217 438 2301 ἐγένετο,
456 2206 482 2280 ω
497 2220 643 2300 Δελφίν;

242 2318 273 2379 2.
295 2319 429 2380 ΔΕΛΦ.
446 2309 483 2379 Ὁ
496 2314 718 2397 Περίανδρος,
736 2309 842 2396 οἶμαι,
861 2317 989 2397 ἔχαιρεν
1001 2311 1160 2402 αὐτῷκαὶ

157 2410 317 2488 πολλάκις
330 2412 549 2495 μετεπέμπετο
561 2406 665 2477 αύτὸν
676 2411 728 2476 ἐπὶ
743 2412 908 2498 τῇτέχνῃ,
926 2408 944 2478 ὁ
960 2411 996 2479 δὲ
1013 2408 1161 2496 πλουτή-

158 2527 218 2585 σας
234 2504 323 2591 παρά
345 2512 406 2572 τοῦ
427 2507 598 2591 τυράννου
618 2506 810 2592 ἐπεθύμησε
830 2508 974 2587 πλεύσας
994 2512 1107 2576 οἴκαδε
1126 2508 1160 2584 ές

88 2620 140 2674 309
159 2600 220 2689 τὴν
241 2602 440 2688 Μήθυμναν
459 2606 685 2682 ἐπιδείξασθαι
704 2600 765 2669 τδν
784 2610 947 2689 πλούτου,
973 2607 1027 2671 καὶ
1044 2600 1160 2690 ἐπιβάς

159 2705 348 2784 πορθμείου
373 2698 463 2777 τινὸς
483 2701 682 2786 κακούργων
703 2697 838 2785 ἀνδρῶν
865 2699 909 2780 ὡς
930 2706 1031 2781 ἔδειξε
1051 2697 1161 2767 πολύν

158 2798 251 2881 άμων
261 2795 387 2880 χρυσόν
397 2822 432 2862 τε
443 2798 497 2864 καὶ
508 2796 673 2883 ἄργυρον,
685 2798 754 2864 ἐπεὶ
765 2795 848 2864 κατὰ
859 2801 962 2883 μέσον
971 2801 1008 2865 τὸ
1019 2804 1161 2885 Αἰγαίου

158 2898 322 2979 ἐγένοντο,
339 2895 615 2981 ἐπιβουλεύουσιν
628 2893 718 2985 αὐτῷ
729 2900 763 2963 ολ
771 2903 906 2963 ναῦται·
929 2893 996 2963 ὁδὲ
1009 2938 1046 2946 -
1057 2893 1162 2982 ἠκρο-

159 2993 253 3079 άμην
268 2990 332 3078 γάρ
353 2993 482 3061 ἅπαντα
503 3000 679 3078 παρανέων
698 3004 744 3084 τῷ
765 2995 938 3081 σαάφει-
956 2994 1039 3066 Ἐπεὶ
1057 3002 1162 3064 ταῦτα

158 3089 239 3177 ὑμῖν
250 3092 417 3175 δέδοκται,
433 3096 512 3178 ἔφη,
528 3089 611 3161 άλλά
622 3092 685 3179 τὴν
695 3091 821 3180 σκευὴν
832 3090 1043 3181 ἀναλαβόντα
1054 3119 1094 3180 με
1105 3094 1162 3161 καλ

158 3187 284 3279 ᾄσαντα
303 3189 435 3275 θρῆνόν
458 3216 532 3256 τινα
554 3187 606 3258 ἐπ’
631 3194 760 3281 ἐμαυτῷ
786 3191 904 3259 έκύντα
930 3194 1047 3262 ἐάσατε
1065 3196 1163 3279 ῥίψαι

158 3286 311 3375 ἐμαυτόν.
344 3290 526 3373 ἐπέτρεψαν
544 3294 577 3357 οί
593 3297 713 3358 ναῦται
731 3292 785 3358 καὶ
803 3290 943 3378 ἀνέλαβε
959 3289 1021 3378 τὴν
1035 3287 1162 3375 σκευὴν

157 3386 212 3456 καί
226 3378 286 3473 ᾖσε
306 3388 397 3455 πάνυ
412 3388 567 3473 λιγυρόν,
590 3388 645 3455 καὶ
664 3394 781 3455 ἔπεσεν
799 3391 832 3466 ές
852 3386 914 3473 τὴν
928 3388 1100 3458 θάλατταν
1116 3384 1162 3465 ὡς
