2550 3825
197 156 239 219 52
551 158 855 217 AOYKIANOY

130 336 179 394 εστ
198 344 235 403 μι
250 321 287 385 ἐν
300 319 381 403 κνρὶ
390 315 758 402 καταδιαφθειρόμενον
768 318 823 383 καί
836 317 1019 403 σβεννύναι
1029 318 1195 385 ἰκετεώον-

197 442 254 499 τα,
269 420 364 503 ιτίττη
375 416 431 481 καί
441 416 538 504 ἐλαίφ
552 413 836 498 κατασβεννύναι·
858 415 914 481 καί
922 411 967 499 ἤν
975 439 1050 480 τινα
1060 421 1121 481 τοῦ
1130 439 1198 499 γει-

198 518 308 598 μῶνος
328 508 347 579 6
375 508 520 597 ποταμός
540 513 733 599 παραφέρῃ,
760 507 779 577 6
803 511 840 578 δὲ
863 507 922 590 τάς
940 526 1050 597 χεῖρας
1068 507 1199 597 ὀρέγων

199 605 436 694 ἀντιλαβέσθαι
450 611 577 693 δέηται,
595 604 699 675 ώθεῑν
713 609 768 675 καὶ
777 613 898 675 τοῦτον
908 610 961 676 ἐπὶ
971 604 1122 694 κεφαλήν
1135 614 1198 695 βα·

199 711 367 790 κτίζοντα,
388 702 433 783 ῶς
452 705 535 791 μηδὲ
557 701 729 784 ἀνακῦψαι
749 707 929 790 δυνηθείη·
962 702 1051 773 οὕτω
1071 701 1137 790 γάρ
1154 699 1199 770 ἀν

198 800 260 889 τήν
274 812 350 889 ἰσην
360 800 569 891 ἀπολάβοιεν.
594 802 788 888 εἰσηγήσατο
799 799 859 869 τόν
869 802 976 889 νόμον
988 809 1101 888 Τίμων
1111 798 1200 887 'Fae-

198 903 355 985 κρατίδης
375 898 580 985 Κολυττεάς,
602 898 787 985 ἐπεψήφισε
807 905 848 987 τῇ
868 902 1023 988 ἐκκλησίᾳ
1046 906 1159 985 Τίμων
1179 894 1199 963 6

132 1010 180 1063 158
201 994 310 1075 αάτός.
334 994 416 1083 εἰεν,
432 1003 536 1064 ταῦτα
552 994 630 1083 ἡμῖν
642 996 793 1081 δεδόχθω
803 997 858 1064 καί
871 992 1036 1082 ἀνδρικῶς
1049 998 1199 1082 ἐμμένω-

197 1120 261 1181 μεν
275 1090 395 1173 αὐτοῖς.
427 1100 478 1164 45.
500 1092 588 1181 πλήν
602 1091 685 1162 ἀλλά
700 1095 777 1174 περὶ
789 1100 915 1160 πολλοῦ
932 1089 976 1160 ἀν
991 1093 1191 1180 ἐκοιησάμηι

198 1190 302 1261 ἅπασι
315 1193 468 1279 γνώριμό
480 1218 550 1272 πως
560 1198 664 1261 ταῦτα
677 1192 853 1277 γενέσθαι,
866 1192 950 1258 διότι
961 1187 1196 1275 ὑπερπλουτῶ·

199 1288 324 1376 ἀγχόνη
337 1288 402 1377 γάρ
417 1287 461 1357 ἀν
474 1288 511 1359 τό
523 1297 659 1377 πρᾶγμα
669 1291 801 1375 γένοιτο
814 1284 936 1367 αὐτοῖς.
958 1296 1065 1358 καίτοι
1076 1295 1198 1357 τίτοῦ-

198 1416 254 1472 τος
272 1396 339 1477 φεῦ
347 1398 408 1458 τοῦ
418 1393 546 1477 τάχονς.
569 1387 783 1474 πανταχόθεν
792 1389 978 1455 σννθέουσι
989 1388 1196 1473 κεκονιμένοι

199 1490 255 1555 καί
272 1496 529 1576 πνευστιῶντες,
555 1486 617 1557 οὐκ
642 1487 716 1556 οἰδα
737 1485 823 1556 ὅθεν
849 1483 1110 1573 ὀσφραινόμενοι
1134 1495 1198 1554 τοῦ

198 1592 346 1672 χρνσίου.
364 1588 507 1674 πότερον
517 1580 581 1654 οὖν
591 1588 645 1655 ἐπὶ
655 1583 715 1653 τὸν
726 1585 836 1669 πάγον
845 1590 966 1652 τοῦτον
975 1581 1103 1673 ἀναβάς
1113 1581 1198 1651 ἀπε-

198 1681 313 1752 λαύνω
328 1681 451 1762 αὐτοάς
466 1698 534 1762 τοις
550 1691 661 1762 λίθοις
671 1687 704 1763 ἐξ
721 1680 926 1769 ὑπερδεξίων
939 1679 1198 1769 ἀκροβολιζόμε-

198 1805 273 1864 νος,
293 1775 316 1866 ή
336 1781 374 1848 τό
394 1806 432 1867 γε
454 1788 615 1847 τοσοῦτον
633 1779 915 1865 παρανομήσομεν
928 1779 1064 1858 εἰσάπαξ
1083 1775 1199 1858 αὐτοῖς

199 1875 431 1965 ὁμιλήσαντες,
456 1875 500 1958 ῶς
519 1881 621 1948 πλέον
642 1877 784 1966 ἀνιῷντο
802 1875 1070 1964 διιερορώμενοις
1097 1883 1199 1945 τοῦτο

199 1972 289 2060 οἶμαι
302 1979 357 2043 καί
367 1973 514 2060 ἀμεινον.
538 1973 620 2044 ώστε
631 1975 804 2061 δεχώμεθα
817 1974 880 2061 ήδη
892 1972 1014 2054 αὐτοὺς
1027 1971 1199 2041 ὑποστάν-

132 2087 182 2142 159
201 2098 262 2150 τες.
286 2069 363 2159 φέρ’
381 2077 458 2158 ἰδιο,
474 2079 523 2152 τίς
536 2071 554 2140 6
565 2081 695 2160 πρῶτος
708 2069 821 2140 αὐτῶν
835 2063 933 2150 οὗτός
946 2074 1031 2153 ἐστις
1051 2078 1200 2140 Γναθω-

199 2166 322 2255 νίδηςὸ
336 2169 452 2253 κόλαξ,
468 2168 617 2260 ὁπρφόην
627 2175 750 2255 ἔρανον
760 2168 932 2255 αἰτήσαντί
944 2195 1001 2254 μοι
1013 2166 1128 2254 ὀρέξας
1135 2164 1198 2235 τόν

199 2265 339 2354 βρόχον,
365 2273 489 2347 πόθους
514 2265 615 2346 ὅλους
636 2262 717 2351 παρ’
742 2266 814 2352 ἐμοὶ
837 2267 997 2345 πολλάκις
1014 2263 1200 2352 ἐμημεκώς.

199 2361 272 2433 ἀλλ’
296 2357 335 2431 εὖ
362 2389 400 2449 γε
423 2368 577 2453 ἐποίησεν
598 2362 819 2450 ἀφικόμενος·
847 2363 1017 2449 οἰμώξεται
1044 2361 1109 2450 γάρ
1129 2362 1200 2448 πρὸ

198 2467 266 2528 τῶν
280 2458 398 2530 ἀλλων.

283 2604 333 2667 46.
363 2607 495 2668 ΓΝΑΘ.
525 2598 597 2670 Οὐκ
613 2599 677 2687 ἐγώ
695 2608 825 2687 ἔλεγον,
850 2597 894 2678 ῶς
914 2597 976 2667 οάκ
993 2597 1203 2686 ἀμελήσουσι

203 2701 352 2781 Τίμωνος
362 2693 496 2783 ἀγαθοῦ
506 2695 629 2781 ἀνδρὸς
640 2703 675 2766 οἱ
685 2705 777 2776 θεοίε
798 2711 889 2781 χαῖρε
903 2704 1015 2784 Τίμων
1026 2694 1204 2783 εὐμορφό-

200 2821 276 2862 τατε
289 2797 344 2864 καί
358 2791 470 2882 ἥδιστε
484 2797 538 2864 καί
553 2797 829 2882 συμποτικώτατε.

286 2926 380 2988 TIM.
405 2917 483 3005 [Νὴ]
495 2921 548 2988 καὶ
558 2920 602 2986 ου’
615 2946 671 3006 γε,
688 2913 944 3008 ώΓναθωνίδη,
958 2929 1077 3007 γυπῶν
1086 2919 1208 2991 ἀπόν-

199 3043 266 3086 των
279 3015 444 3105 βορώτατε
458 3020 513 3086 καί
529 3013 721 3102 ἀνθρώπων
734 3019 988 3102 ἐπιτριπτότατε.
1016 3104 1019 3110 ¹

283 3149 415 3213 ΓΝΑΘ.
435 3140 499 3211 Ἀεί
508 3144 756 3232 φιλοσκώμμων
766 3147 810 3214 τό
818 3171 866 3231 γε.
889 3141 973 3213 ἀλλά
983 3151 1051 3212 ποῦ
1060 3141 1097 3213 τό
1110 3166 1209 3235 συμ-

136 3265 183 3320 160
200 3242 336 3323 πόσιον;
358 3238 401 3318 ώς
415 3240 535 3308 καινόν
552 3248 586 3308 τί
597 3263 651 3309 σοι
667 3235 756 3333 ᾆσμα
774 3248 843 3311 τῶν
855 3241 1082 3308 νεοδιδάκτων
1094 3245 1201 3313 διθν·

199 3341 337 3426 ράμβων
352 3336 422 3423 ήκω
437 3343 588 3426 κομίζων.
