2550 3825
188 134 250 194 112
533 134 839 194 AOYKIANOY

272 297 345 358 ΛΠ.
373 299 445 360 Οίει
460 293 525 379 γάρ
546 292 607 380 τήν
628 291 777 380 ἀδελφήν
791 300 920 380 χαίρειν
940 308 1008 373 τοῖς
1021 293 1184 379 Σκύθαις,

186 389 209 475 ή
224 417 261 477 χε
276 392 330 459 καί
347 393 626 478 παρεσκεύασται,
642 391 684 479 ήν
698 420 746 470 τις
754 390 875 479 Ἕλλην
888 391 1048 480 άφίκηταί
1058 403 1140 460 ’ποτε
1155 401 1185 470 ές

186 487 248 577 τήν
268 488 453 575 Ταυρικήν,
474 496 717 558 συνεκπλεῦσαι
737 487 808 576 μετ’
830 489 935 559 αὐτοῦ
957 492 1185 578 μυσαττομένη
1273 554 1274 583 3

186 586 244 667 τάς
260 589 406 674 σφαγάς;

270 693 299 754 2.
323 693 415 755 ΔΙΟ.
438 680 491 756 Εὖ
508 711 546 773 γε
561 688 669 773 ἐκείνη
686 694 839 755 ποιοῦσα.
862 684 880 755 ό
898 691 1012 774 μέντοι
1024 693 1185 772 Πρίαπος,
1273 740 1274 769 ,

186 795 317 872 γελοίου
332 787 396 874 γάρ
411 795 445 855 τί
459 807 512 854 σοι
526 786 739 873 διηγήσομαι,
757 785 875 876 πρῴην
892 789 929 853 ἐν
943 785 1115 874 Λαμψάκῳ
1129 810 1186 868 γει
1273 776 1274 869 ξ

162 886 163 890 ’
187 882 344 970 νόμενος,
360 881 423 970 ἐμοὶ
436 885 498 970 μὲν
510 884 653 972 παρῄειν
663 881 724 970 τήν
734 883 850 969 πόλιν,
863 878 881 950 ὁ
894 885 930 950 δὲ
941 879 1187 966 ὑποδεξάμενός

188 1009 228 1070 με
242 985 295 1050 καί
311 989 438 1062 ξενίσας
454 979 533 1068 παρ*
553 980 660 1072 αὐτῷ,
682 978 798 1067 ἐπειδὴ,
811 979 1073 1068 ἀνεπαυσάμεθα
1087 982 1124 1047 ἐν
1140 985 1186 1068 τῷ

188 1087 360 1170 συμποσίῳ
376 1084 498 1158 ίκαυῶς
516 1077 815 1167 ὑποβεβρεγμένοι,
836 1079 909 1148 κατ’
924 1075 1026 1158 αύτάς
1045 1103 1112 1146 που
1127 1081 1186 1164 μέ-

188 1199 247 1257 σας
262 1180 383 1256 νύκτας
400 1175 584 1257 ἐπαναστάς
600 1176 617 1246 ὁ
631 1193 785 1264 γενναῖος
797 1219 835 1231 -
848 1182 1004 1264 αἰδοῦμαι
1020 1177 1055 1244 δὲ
1066 1178 1175 1262 λέγειν

273 1287 345 1346 ΛΠ.
365 1275 493 1364 Ἐπείρα
510 1298 547 1345 σε
553 1329 563 1363 ,
578 1279 743 1368 Διόνυσες

270 1383 361 1445 ΔΙΟ.
388 1377 550 1444 Τοιοῦτόν
565 1380 641 1444 ἐστι.
779 1459 782 1466 Ι

272 1483 344 1542 ΛΠ.
368 1472 422 1543 Σύ
440 1476 476 1544 δὲ
492 1482 526 1544 τί
539 1475 622 1559 πρὸς
638 1485 758 1558 ταύτας

271 1581 363 1642 ΔΙΟ.
389 1580 431 1642 Τί
441 1571 505 1659 γάρ
520 1573 599 1643 άλλο
613 1569 635 1661 ή
650 1578 804 1661 ἐγέλασας

275 1679 347 1738 ΛΠ.
370 1664 422 1739 Εύ
432 1699 486 1757 χε,
502 1670 539 1739 τό
555 1671 600 1759 μή
613 1680 762 1758 χαλεπῶς
774 1672 857 1758 μηδὲ
872 1668 1008 1758 ἀγρίως·
1032 1691 1186 1756 συγγνω-

188 1766 264 1848 στός
279 1769 363 1855 γάρ,
382 1775 411 1837 εί
424 1769 529 1837 καλόν
543 1789 580 1837 σε
596 1769 702 1850 οὕτως
717 1769 797 1838 ὅντα
813 1772 935 1854 ἐπείρα.

269 1873 361 1936 ΔΙΟ.
386 1866 516 1936 Τούτου
529 1869 590 1953 μὲν
605 1870 703 1937 ἕνεκα
722 1871 777 1937 καί
791 1871 843 1937 ἐπί
854 1867 958 1954 σὲάν,
977 1861 1184 1950 άἍπολλον,

119 1982 169 2039 275
188 1963 307 2052 άγάχοι
322 1964 384 2051 τήν
399 1979 533 2052 πεῖραν*
558 1966 659 2046 καλός
673 1966 738 2054 γάρ
758 1965 801 2035 σύ
816 1970 872 2035 καὶ
887 1966 1045 2054 κομήτης,
1069 1961 1111 2043 ὡς
1131 1965 1184 2031 καὶ

187 2062 338 2150 νήφοντα
353 2061 396 2130 άυ
412 2084 464 2131 σοι
478 2061 538 2131 τόν
553 2067 708 2150 Πρίαπον
721 2067 932 2151 ἐπιχειρῆσαι.

273 2169 344 2228 ΑΠ.
363 2158 450 2231 Ἀλλ’
464 2160 526 2230 οὐκ
541 2162 734 2249 ἐπιχειρήσει
750 2190 804 2250 γε,
823 2156 850 2231 ά
859 2164 1023 2231 Διόνυσε·
1047 2167 1109 2248 ἔχω
1120 2157 1185 2245 γάρ

187 2255 266 2329 ιιετά
281 2266 338 2345 τής
351 2260 455 2345 κόμης
471 2264 526 2328 καί
539 2262 627 2341 τόξα.

660 2513 709 2575 24.

455 2625 624 2678 εΡΜου
648 2628 733 2678 κατ
757 2628 920 2679 Mam.

272 2761 300 2821 l.
322 2762 426 2823 EPM.
445 2754 698 2843 Ἐπιχάρης,
724 2784 749 2824 οι
768 2766 885 2844 μῆτερ,
907 2763 943 2828 ἐν
957 2758 1090 2850 οὐρανῷ
1104 2756 1187 2837 θεὸς

187 2851 390 2934 ἀθλιώτερος
406 2855 503 2938 ἑμοῦ;

270 2956 370 3017 ΜΑΙ.
394 2949 453 3038 Μή
469 2956 559 3039 λε’χε,
577 2947 603 3021 ά
612 2950 730 3039 Ἑρμῆ,
745 2960 899 3022 τοιοῦτον
914 2952 1039 3041 μηθέν(

270 3055 373 3116 ΕΡΜ.
399 3056 441 3117 Τί
453 3046 497 3136 μή
515 3054 614 3138 λέγω,
636 3049 672 3130 ὂς
691 3059 835 3120 τοσαῦτα
850 3054 1025 3139 πράγματα
1044 3058 1106 3138 ἔχω
1122 3052 1189 3138 μό-

186 3170 244 3224 νος
259 3146 396 3233 κάμνοον
410 3151 465 3217 καὶ
478 3146 562 3235 πρός
575 3150 736 3229 τοσαύτας
750 3148 930 3237 ὑπηρεσίας
942 3150 1190 3234 θιασπάμενοςς

188 3244 296 3312 ἕωθεν
305 3247 367 3331 μὲν
376 3243 442 3334 γάρ
454 3246 675 3326 ἐξαναστάντα
686 3255 814 3334 σαίρειν
824 3244 861 3315 τό
872 3248 1061 3334 συμπόσιον
1072 3252 1122 3316 δελ
1132 3247 1190 3315 καὶ

186 3344 434 3428 θιαστράσαντα
447 3343 508 3432 τήν
524 3350 656 3412 κλισίαν
670 3342 887 3413 εὐθετίσαντά
900 3371 935 3413 τε
949 3348 1068 3413 ἕκαστα
1081 3368 1178 3426 παρε·
