2550 3825
448 169 761 226 ΕΡΜΟΤΙΜΟΣ.
1042 166 1107 229 349

104 331 260 409 πατρίδος
273 335 329 413 της
340 328 487 393 ἐνταῦθα
500 328 805 412 ἐπιλαμβανομένης
819 326 927 394 πολύν
937 338 1106 396 ποιεῖσθαι

104 424 164 493 τόν
174 425 277 510 λόγον
287 425 368 511 μήτε
379 428 508 490 παίδων
519 419 541 508 ἢ
552 423 691 508 γονέων,
707 421 772 512 ότφ
783 430 877 510 είσίν,
895 427 1107 511 ἐπικατεχόν-

103 549 171 589 των
188 524 242 589 καὶ
261 524 604 607 κλαυθμυριζομένων
622 521 836 606 ἐπικλᾶσθαι,
861 520 946 591 ἀλλά
966 524 1106 609 μάλιστα

106 621 166 707 μὲν
182 618 357 697 κάκείνους
372 626 574 706 παρακαλεῖν
592 620 645 685 ἐπὶ
661 616 723 703 τὴν
737 616 843 704 αὐτὴν
858 617 956 705 ὁδόν,
976 626 1006 689 εί
1015 623 1050 689 δέ
1061 620 1106 708 μὴ

106 720 256 786 ἐθέλοιεν
270 713 292 802 ἢ
307 715 349 803 μὴ
370 717 547 800 δύναιντο,
569 713 835 802 ἀποσεισάμενον
850 715 973 796 αύτούς
987 732 1107 803 χωρεῖν

107 813 193 882 εὐθύ
207 821 264 899 τῆς
279 819 543 900 πανευδαίμονος
555 817 682 898 ἐκείνης
695 814 822 893 πόλεως
835 815 891 882 καὶ
905 812 986 882 αύτδ
1000 814 1107 900 ἀπορ-

106 919 247 999 ρίψαντα
257 909 294 979 τδ
307 913 453 999 ἱμάτιον,
466 918 497 980 εί
505 912 628 978 τούτου
640 913 870 999 ἐπειλημμένοι
879 914 1104 1000 κατερύκοιεν,
1124 929 1175 985 762³

107 1011 291 1095 ἐσσύμενον
305 1013 424 1077 ἐκεῖσε·
453 1007 495 1077 ού
508 1006 572 1094 γάρ
588 1011 661 1087 δέος
678 1010 724 1095 μή
744 1014 784 1078 σέ
795 1037 845 1089 τις
859 1007 1039 1100 ἀποκλείσῃ
1052 1015 1107 1079 καὶ

106 1105 238 1194 γυμνόν
265 1109 367 1174 ἐκεῖσε
386 1105 522 1192 ἥκοντα.
557 1110 608 1172 24.
637 1104 701 1192 Ιἤδη
722 1108 786 1192 γάρ
813 1134 892 1188 ποτε
914 1111 968 1176 καὶ
991 1107 1108 1177 ἀλλοτε

106 1204 297 1292 πρεσβύτου
306 1201 428 1289 ἀνδρός
439 1202 567 1288 ἤκουσα
579 1203 758 1282 διεξιόντος
770 1203 860 1284 ὅπως
873 1204 913 1273 τά
924 1209 993 1274 ἐκεῖ
1001 1206 1109 1291 πράγ-

106 1331 192 1393 ματα
203 1310 281 1389 ἔχοι,
295 1310 353 1371 καί
361 1329 401 1391 με
415 1301 624 1385 προύτρεπεν
632 1304 776 1371 ἕπεσθαί
782 1309 816 1372 οί
824 1301 907 1390 πρδς
917 1303 978 1391 τὴν
991 1306 1107 1372 πόλιν·

107 1402 291 1491 ἡγήσεσθαι
302 1400 366 1488 γάρ
377 1400 477 1479 αύτός
487 1404 541 1469 καὶ
551 1403 696 1470 ἐλθόντα
706 1402 885 1491 ἐγγράψειν
894 1408 949 1473 καλ
960 1407 1108 1493 φυλέτην

106 1503 305 1590 ποιήσεσθαι
317 1503 371 1568 καὶ
382 1507 544 1587 φρατρίας
554 1500 758 1586 μεταδώσειν
768 1508 825 1588 τῆς
836 1499 955 1588 αὐτοῦ,
971 1501 1015 1582 άς
1025 1501 1106 1589 μετά

107 1602 243 1668 πάντων
268 1597 521 1685 εὐδαιμονοίην·
554 1595 659 1683 ,,ἀλλ’
685 1597 749 1684 ἐγω
775 1597 816 1666 ού
840 1602 1019 1687 πιθόμηνίί
1045 1596 1104 1667 ὑπ’

107 1697 221 1776 ἀνοίας
232 1700 286 1765 καὶ
297 1697 449 1782 νεότητος
460 1696 543 1780 τότε,
559 1693 624 1781 πρδ
635 1702 869 1766 πεντεκαίδεκα
879 1695 998 1784 σχεδόν
1007 1700 1106 1765 ἐτῶν

108 1805 186 1873 ἴσως
200 1791 264 1879 γάρ
280 1789 323 1861 ἀν
338 1791 422 1861 αύτά
438 1792 501 1880 ἤδη
518 1792 602 1879 ἀμφὶ
618 1788 658 1859 τά
674 1791 853 1878 προάστεια
866 1797 920 1863 καὶ
935 1792 1019 1880 πρός
1037 1808 1108 1872 ταῖς

107 1897 227 1974 πύλαις
237 1887 281 1981 ἦν
293 1893 345 1962 ἀν.
361 1900 452 1982 ἔλεγε
464 1893 494 1963 δ’
509 1889 573 1963 ούν
584 1897 659 1980 περὶ
669 1902 726 1980 τῆς
736 1896 874 1980 πόλεως,
890 1906 923 1966 εῖ
932 1926 970 1983 γε
981 1899 1107 1985 μέμνη-

108 2023 182 2082 μαι,
200 1992 285 2060 ἀλλα
301 2018 335 2060 τε
351 1992 456 2062 πολλὰ
474 1998 527 2062 καὶ
541 1991 582 2081 δη
597 1996 652 2061 καὶ
666 1995 762 2081 τάδε,
788 1994 832 2074 ὡς
848 1998 1032 2083 ξύμπαντες
1045 1998 1107 2082 μὲν

107 2092 268 2177 ἐπήλυδες
289 2093 343 2157 καλ
365 2093 453 2169 ξένοι
471 2089 553 2176 εἷεν,
579 2089 762 2177 αὐθιγενὴς
781 2095 817 2161 δὲ
834 2092 912 2161 οὐδὲ
934 2090 997 2179 εἷς,
1023 2091 1108 2162 ἀλλά

108 2190 161 2255 καὶ
173 2186 363 2273 βαρβάρους
380 2188 654 2273 ἐμπολιτεύεσθαι
672 2188 815 2267 πολλοὺς
830 2193 884 2257 καὶ
898 2192 1040 2268 δούλους
1054 2194 1110 2257 καὶ

108 2285 281 2373 ἀμόρφους
298 2287 351 2352 καὶ
369 2282 508 2370 μικρούς
528 2289 582 2352 καλ
597 2285 754 2370 πένητας,
781 2288 835 2353 καὶ
857 2284 942 2366 όλως
962 2291 1107 2374 μετέχειν
1126 2305 1176 2361 763

108 2391 166 2469 τῆς
185 2383 311 2462 πόλεως
326 2380 385 2450 τόν
406 2383 629 2470 βουλόμενον·
662 2381 722 2451 τόν
735 2381 800 2470 γάρ
818 2382 858 2471 δὴ
879 2385 984 2472 νόμον
998 2383 1110 2464 αὐτοῖς

108 2481 171 2550 οὐκ
191 2479 255 2547 ἀπό
277 2482 469 2567 τιμημάτων
489 2491 658 2549 ποιεῖσθαι
679 2479 740 2568 τὴν
761 2479 933 2569 ἐγγραφὴν
951 2480 1025 2549 οὐδ’
1042 2479 1107 2550 άπδ

108 2577 283 2665 σχημάτων
301 2575 322 2666 ἦ
337 2581 502 2665 μεγέθους
522 2576 544 2666 ἢ
559 2580 703 2659 κάλλους
723 2580 796 2648 οὐδ’
813 2580 878 2649 άπδ
896 2586 1014 2667 γένους
1030 2578 1109 2650 οὐδὲ

109 2684 269 2763 λαμπρῶν
285 2678 320 2743 ἐκ
335 2678 529 2765 προγόνου,
546 2676 629 2748 ἀλλά
640 2686 743 2746 ταῦτα
756 2681 818 2765 μὲν
829 2677 908 2749 ούδέ
918 2687 1109 2768 νομίζεσθαι

108 2774 188 2861 παρ’
205 2773 332 2861 αὐτοῖς,
353 2774 501 2864 ἀποχρῆν
519 2776 550 2845 δ’
570 2780 696 2869 ἐκάστφ
710 2776 792 2863 πρός
807 2778 843 2847 τό
862 2788 1000 2867 πολίτην
1013 2785 1109 2866 γενέ-

108 2884 188 2942 σθαι
201 2873 340 2940 σύνεσιν
354 2876 409 2942 καὶ
419 2880 601 2962 ἐπιθυμίαν
615 2883 683 2943 τῶν
694 2883 805 2944 καλῶν
815 2878 870 2944 καὶ
883 2877 991 2945 πόνον
1006 2882 1061 2946 καὶ
1072 2876 1109 2945 τδ

108 2972 244 3054 λιπαρὲς
261 2973 314 3039 καλ
331 2969 367 3038 τό
383 2970 427 3058 μὴ
443 2975 600 3041 ἐνδοῦναι
617 2975 700 3061 μηδὲ
716 2984 962 3065 μαλακισθῆναι
977 2985 1112 3055 πολλοῖς

108 3086 176 3149 τοῖς
187 3073 358 3156 δυσχερέσι
374 3070 456 3139 κατά
467 3071 528 3159 τὴν
540 3071 622 3141 ὁδδν
633 3075 893 3162 ἐντυγχάνοντα,
911 3073 955 3155 ὡς
965 3075 1055 3154 ὅστις
1066 3071 1110 3142 ἀν

109 3178 212 3241 ταῦτα
231 3174 425 3257 ἐπιδειξηται
446 3175 499 3240 καλ
517 3177 670 3261 διεξέλθῃ
689 3175 914 3261 πορευόμενος
934 3172 1009 3260 ἀχρι
1027 3171 1111 3258 πρός

108 3267 170 3355 τὴν
185 3269 300 3353 πόλιν,
318 3267 435 3338 αὐτίκα
451 3270 539 3356 μάλα
553 3278 693 3357 πολίτην
706 3269 786 3339 όντα
804 3281 939 3358 τούτου,
961 3271 1051 3349 ὅστις
1066 3267 1110 3339 άν

108 3360 130 3455 ᾖ
138 3419 147 3452 ,
162 3371 216 3436 καὶ
230 3368 380 3454 ἰσότιμον
390 3366 509 3436 άπασι·
531 3367 568 3437 τό
585 3372 619 3438 δὲ
630 3378 750 3456 χείρων
762 3365 785 3457 ἢ
796 3376 954 3457 κρείττων
967 3365 989 3457 ἢ
1004 3370 1110 3438 εύπα-
