2550 3825
169 198 172 204 '
217 185 282 248 400
570 184 868 244 AOTKIANOP

221 343 368 435 Αντιόχῳ
385 343 447 431 τὴν
460 350 566 430 νίκην.
600 350 650 413 ll
666 369 696 410 οι
689 345 856 411 Ταλάται
872 343 957 412 66‘
923 370 954 411 οι
942 347 1029 508 ὃμὲν
1043 341 1251 445 666661623

85 519 87 523 ,
219 463 298 528 σαν,
323 450 448 510 πολλοῦ
465 450 525 508 τού
544 443 657 560 ῳόυου
673 444 874 527 γενομένου,
892 445 928 508 οί
942 443 1116 522 δὲζῶντες
1129 428 1251 525 έλαμ

151 548 202 604 849
218 541 379 662 βάνοντο,
402 537 488 625 πλὴν
505 541 596 606 πάνυ
614 537 719 624 όλίγοι
737 536 855 607 ὁπόσοι
876 545 1032 624 ἔφθασαν
1045 541 1079 615 ἐς
1101 536 1148 603 τὰ
1171 534 1251 630 ὅρηέ

219 637 502 724 άναφυγόντες,ο
485 638 726 715 οίΜακεδόνες
740 635 810 704 66‘'
790 658 863 703 οσοι
874 634 940 704 σόν
952 634 1109 724 Ἀντιόχῳ
1128 629 1232 721 ἦσαν,

219 737 414 817 ἐπαιάνιζον
425 740 479 803 καὶ
490 737 684 820 προσιόντες
695 735 794 812 ἄλλος
803 732 993 821 ἀλλαχόθεν
1008 732 1210 802 ἀνέδουν
1171 760 1233 800 τον

218 836 354 920 βασιλέα
371 841 562 902 καλλίνικον
574 833 796 920 ἀναβοῶντες·
820 832 837 899 6
854 834 960 901 δὲκαὶ
977 833 1168 919 δακρύσας,
1190 830 1234 908 ὥς

219 951 338 1017 φασιν,
352 932 613 1018 Αἰσχυνώμεθα,
631 937 710 1017 ἔφη,
730 924 757 998 6
773 938 983 1017 στρατιῶται,
1005 925 1054 1009 οἷς
1067 957 1108 1016 γε
1123 930 1146 1018 6
1160 952 1233 998 σω-

218 1038 314 1116 τηρία
330 1033 367 1097 έν
381 1033 552 1096 ἑκκαίδεκα
566 1031 697 1107 τούτοις
712 1036 845 1114 θηρίοις
855 1033 1003 1115 ἐγένετο·
1025 1027 1069 1107 ὡς
1080 1034 1118 1096 εί
1131 1027 1180 1114 μὴ
1195 1026 1231 1095 τό

219 1124 337 1194 καινόν
358 1135 419 1194 τοῦ
439 1129 607 1215 θεάματος
629 1128 781 1213 ἐξέπληξε
800 1125 878 1206 τούς
898 1134 1091 1213 πολεμίους,
1128 1134 1164 1194 τί
1188 1125 1231 1193 ἂν

121 1245 124 1252 ’
217 1221 310 1310 ἡμεῖς
319 1217 404 1309 ἦμεν
414 1222 497 1308 πρός
509 1223 648 1305 αὐτούς;
666 1231 775 1292 ἔπειτα
785 1232 831 1315 τῳ
844 1233 989 1315 τροπαίῳ
1000 1225 1133 1292 κελεύει
1145 1225 1230 1293 ἄλλο

218 1324 331 1407 μηδέν,
348 1324 509 1408 ἐλέφαντα
522 1323 556 1390 δὲ
569 1324 675 1408 μόνον
687 1323 875 1409 ἐγκολάψαι.
900 1329 948 1392 12.
966 1322 1035 1410 ὥρα
1048 1329 1173 1389 τοίνυν
1189 1349 1230 1407 με

219 1433 371 1504 σκοπεῖν,
390 1417 433 1505 μὴ
446 1423 500 1488 καὶ
509 1418 637 1506 τούμόν
651 1419 768 1508 ὅμοιον
779 1415 801 1510 6
815 1429 861 1511 τῷ
873 1420 1026 1511 Ἀντιόχῳ
1037 1423 1094 1488 καὶ
1109 1419 1152 1487 τό
1164 1424 1228 1506 μὲν

219 1518 302 1588 άλλα
317 1517 379 1586 ούκ
395 1518 468 1598 άξια
485 1521 603 1607 μάχης,
627 1524 800 1606 ἐλέφαντες
820 1525 858 1589 δέ
872 1547 959 1599 τινες
974 1521 1029 1588 καὶ
1045 1523 1126 1600 ξένα
1141 1547 1227 1606 μορ·

218 1616 377 1702 μολύκεια
394 1614 477 1700 πρός
498 1617 576 1696 τούς
596 1616 743 1706 ὁρῶντας
759 1621 814 1686 καὶ
833 1627 1079 1704 θαυματοποιία
1097 1616 1220 1696 ἄλλως·

219 1717 327 1781 ἐκεῖνα
342 1722 426 1798 γοῦν
440 1717 612 1783 ἐπαινοῦσι
625 1717 755 1795 πάντες.
780 1711 828 1794 οἷς
839 1714 870 1783 δ’
884 1713 948 1803 ε’γύ
958 1719 1168 1799 ἐπεποίθειν,
1186 1715 1227 1782 οὐ

205 1811 309 1878 πάνυ
324 1819 426 1878 ταῦτα
440 1815 477 1878 έν
490 1814 578 1904 λόγῳ
590 1813 670 1898 παρ’
683 1814 793 1894 αύτοϊς
809 1819 914 1900 ἐστιν,
930 1814 1002 1885 ἀλλ’
1016 1814 1144 1902 ὅτιμὲν
1157 1819 1227 1902 θη·-

219 1918 289 1977 λεια
301 1906 572 1995 Ἱπποκένταυρος
589 1918 816 1999 γεγραμμένη,
837 1922 934 1982 τούτο
955 1912 1061 1999 μόνον
1078 1916 1227 2000 ἐκπλήτ-

150 2024 201 2078 Βοο
219 2033 331 2074 τονται
343 2010 398 2075 καὶ
409 2006 517 2091 ὥσπερ
529 2013 605 2096 ἐστί,
615 2013 735 2080 καινόν
745 2017 800 2080 καὶ
812 2011 984 2095 τεράστιον
994 2016 1088 2080 δοκεῖ
1096 2011 1226 2092 αὐτοῖς.

217 2102 256 2174 τό
280 2103 311 2173 δ’
334 2104 416 2175 άλλα
434 2108 541 2194 μάτην
563 2107 627 2195 άρα
647 2119 695 2197 τῷ
709 2111 839 2191 Ζεύξιδι
861 2116 1049 2195 πεποίηται;
1081 2106 1163 2179 ἀλλ’
1186 2111 1228 2179 ού

218 2204 340 2291 μάτην·
363 2205 590 2293 γραφικοὶγάρ
600 2206 694 2294 ὑμεῖς
704 2213 758 2276 καὶ
767 2208 848 2294 μετὰ
856 2213 969 2297 τέχνης
979 2211 1100 2277 ἕκαστα
1111 2208 1227 2296 ὁρᾶτε.

219 2313 268 2390 εἴη
283 2304 390 2390 μόνον
406 2303 478 2385 άξια
495 2313 555 2372 τοῦ
569 2308 716 2392 θεάτρου
734 2310 909 2377 δεικνύειν.

619 2474 822 2487 ...η-ὴ...

520 2634 917 2703 ΑΡΜΟΝΙΛΗΣ.

302 2788 330 2847 1,
348 2779 542 2870 Ἁρμονίδης
553 2781 571 2852 6
583 2782 726 2871 αὐλητὴς
739 2785 837 2871 ἤρετό
848 2812 927 2855 ποτε
941 2787 1111 2873 Τιμόθεον
1122 2793 1228 2856 διδά-

218 2884 341 2944 σκαλον
360 2876 570 2965 αύτούόντα,
587 2888 672 2951 Είπέ
683 2910 756 2970 μοι,
774 2891 855 2971 ἔφη,
872 2879 898 2953 6
919 2888 1075 2972 Τιμόθεε,
1091 2894 1168 2965 πῶς
1181 2886 1228 2956 ἂν

218 2980 349 3054 ἔνδοξος
363 2983 554 3095 γενοίμην’
538 2984 589 3048 επὶ
603 2989 643 3069 τῇ
653 2984 766 3105 τέχνης
787 2985 842 3050 καὶ
855 2989 889 3050 τί
899 2992 1060 3052 ποιοῦντα
1071 2993 1229 3054 εἴσονταί

217 3098 257 3158 με
274 3072 319 3141 οί
320 3071 501 3159 Ελληνες”
479 3100 637 3158 απαντες;
659 3077 698 3145 τό
714 3078 852 3166 μὲνγὰρ
869 3080 953 3149 άλλα
973 3076 1012 3148 εὖ
1026 3089 1135 3149 ποιῶν
1150 3088 1226 3152 ἐδι-

217 3170 305 3250 δάξω
320 3197 359 3257 με
375 3169 453 3292 ἤδη,
474 3169 685 3259 ἁρμόσασθαι
703 3176 764 3245 τόν
780 3176 884 3248 αύλόν
900 3178 986 3258 ές
952 3206 989 3246 το
1007 3177 1143 3266 ἀκριβὲς
1165 3187 1222 3250 καί

217 3270 383 3354 ἐμπνεῐν’
367 3298 398 3349 ες
412 3270 473 3358 την
489 3280 654 3359 γλωσσίδα
666 3278 787 3345 λεπτόν
799 3305 829 3345 τι
844 3279 898 3345 καὶ
914 3281 1046 3363 ἐμμελὲς
1059 3280 1115 3346 καὶ
1131 3277 1224 3347 ὑπο·

148 3378 196 3433 851
216 3367 352 3449 βάλλειν
367 3368 445 3448 τοὺς
461 3374 644 3449 δακτύλους
659 3373 818 3459 εύαφοὸς“
802 3400 866 3442 υττο
855 3372 990 3465 πυκνῇ
1000 3373 1077 3463 τῇ”
1054 3398 1151 3461 αρσει
1164 3381 1221 3447 καὶ
