<?xml version="1.0" encoding="UTF-8"?>
<!DOCTYPE html PUBLIC "-//W3C//DTD XHTML 1.0 Transitional//EN"
    "http://www.w3.org/TR/xhtml1/DTD/xhtml1-transitional.dtd">
<html xmlns="http://www.w3.org/1999/xhtml" xml:lang="en" lang="en">
 <head>
  <title>
</title>
<meta http-equiv="Content-Type" content="text/html;charset=utf-8" />
  <meta name='ocr-system' content='tesseract 3.04.00' />
  <meta name='ocr-capabilities' content='ocr_page ocr_carea ocr_par ocr_line ocrx_word'/>
</head>
<body>
  <div class='ocr_page' id='page_1' title='image "./lucianisamosate03jacogoog/lucianisamosate03jacogoog_0070.png"; bbox 0 0 2550 3825; ppageno 0'>
   <div class='ocr_carea' id='block_1_1' title="bbox 493 145 1076 209">
    <p class='ocr_par' dir='ltr' id='par_1_1' title="bbox 493 145 1076 209">
     <span class='ocr_line' id='line_1_1' title="bbox 493 145 1076 209; baseline 0.009 -6"><span class='ocrx_word' id='word_1_1' title='bbox 493 145 668 205; x_wconf 75' lang='grc' dir='ltr'><strong>ΤΙΜΩΝ.</strong></span> <span class='ocrx_word' id='word_1_2' title='bbox 1036 146 1076 209; x_wconf 82' lang='lat'><strong><em>51</em></strong></span> 
     </span>
    </p>
   </div>
   <div class='ocr_carea' id='block_1_2' title="bbox 6 301 1161 3026">
    <p class='ocr_par' dir='ltr' id='par_1_2' title="bbox 76 301 1079 1071">
     <span class='ocr_line' id='line_1_2' title="bbox 79 301 1079 391; baseline 0.005 -22"><span class='ocrx_word' id='word_1_3' title='bbox 79 326 117 387; x_wconf 84' lang='grc' dir='ltr'><strong><em>γε</em></strong></span> <span class='ocrx_word' id='word_1_4' title='bbox 131 303 186 369; x_wconf 84' lang='grc' dir='ltr'><strong><em>καὶ</em></strong></span> <span class='ocrx_word' id='word_1_5' title='bbox 198 308 266 370; x_wconf 85' lang='grc' dir='ltr'><strong><em>Δία</em></strong></span> <span class='ocrx_word' id='word_1_6' title='bbox 279 301 358 371; x_wconf 76' lang='grc' dir='ltr'><strong><em>ποτὲ</em></strong></span> <span class='ocrx_word' id='word_1_7' title='bbox 373 306 530 388; x_wconf 82' lang='grc' dir='ltr'><strong><em>γενέσθαι</em></strong></span> <span class='ocrx_word' id='word_1_8' title='bbox 544 302 686 388; x_wconf 79' lang='grc' dir='ltr'><strong><em>χρυσόν·</em></strong></span> <span class='ocrx_word' id='word_1_9' title='bbox 709 308 757 380; x_wconf 91' lang='grc' dir='ltr'><strong><em>τίς</em></strong></span> <span class='ocrx_word' id='word_1_10' title='bbox 771 302 835 391; x_wconf 83' lang='grc' dir='ltr'><strong><em>γὰρ</em></strong></span> <span class='ocrx_word' id='word_1_11' title='bbox 849 303 911 373; x_wconf 84' lang='grc' dir='ltr'><strong><em>οὐκ</em></strong></span> <span class='ocrx_word' id='word_1_12' title='bbox 931 306 975 373; x_wconf 83' lang='grc' dir='ltr'><strong><em>ἀν</em></strong></span> <span class='ocrx_word' id='word_1_13' title='bbox 990 332 1079 390; x_wconf 84' lang='grc' dir='ltr'><strong><em>παρ·</em></strong></span> 
     </span>
     <span class='ocr_line' id='line_1_3' title="bbox 78 397 1077 487; baseline 0.004 -20"><span class='ocrx_word' id='word_1_14' title='bbox 78 403 180 477; x_wconf 83' lang='grc' dir='ltr'><strong><em>θένος</em></strong></span> <span class='ocrx_word' id='word_1_15' title='bbox 193 397 476 487; x_wconf 79' lang='grc' dir='ltr'><strong><em>ἀναπεπταμένοις</em></strong></span> <span class='ocrx_word' id='word_1_16' title='bbox 490 402 707 481; x_wconf 65' lang='grc' dir='ltr'><strong><em>τοῖςριόλποις</em></strong></span> <span class='ocrx_word' id='word_1_17' title='bbox 721 398 897 482; x_wconf 79' lang='grc' dir='ltr'><strong><em>ὑπεδέξατο</em></strong></span> <span class='ocrx_word' id='word_1_18' title='bbox 913 403 1001 471; x_wconf 79' lang='grc' dir='ltr'><strong><em>οὕτω</em></strong></span> <span class='ocrx_word' id='word_1_19' title='bbox 1015 432 1077 474; x_wconf 88' lang='grc' dir='ltr'><strong><em>κα-</em></strong></span> 
     </span>
     <span class='ocr_line' id='line_1_4' title="bbox 78 493 1076 585; baseline 0.005 -21"><span class='ocrx_word' id='word_1_20' title='bbox 78 493 140 564; x_wconf 89' lang='grc' dir='ltr'><strong><em>λδν</em></strong></span> <span class='ocrx_word' id='word_1_21' title='bbox 154 496 295 585; x_wconf 81' lang='grc' dir='ltr'><strong><em>έραστήν</em></strong></span> <span class='ocrx_word' id='word_1_22' title='bbox 316 496 371 567; x_wconf 87' lang='grc' dir='ltr'><strong><em>διά</em></strong></span> <span class='ocrx_word' id='word_1_23' title='bbox 389 506 449 566; x_wconf 83' lang='grc' dir='ltr'><strong><em>τοῦ</em></strong></span> <span class='ocrx_word' id='word_1_24' title='bbox 468 501 584 585; x_wconf 83' lang='grc' dir='ltr'><strong><em>τέγους</em></strong></span> <span class='ocrx_word' id='word_1_25' title='bbox 600 501 908 585; x_wconf 68' lang='grc' dir='ltr'><strong><em>καταρρέοντας42</em></strong></span> <span class='ocrx_word' id='word_1_26' title='bbox 866 493 968 569; x_wconf 79' lang='lat'><strong><em>6</em></strong></span> <span class='ocrx_word' id='word_1_27' title='bbox 983 506 1076 569; x_wconf 91' lang='grc' dir='ltr'><strong><em>Μίδα</em></strong></span> 
     </span>
     <span class='ocr_line' id='line_1_5' title="bbox 78 592 1076 713; baseline 0.004 -51"><span class='ocrx_word' id='word_1_28' title='bbox 78 596 134 663; x_wconf 78' lang='grc' dir='ltr'><strong><em>καί</em></strong></span> <span class='ocrx_word' id='word_1_29' title='bbox 149 602 272 679; x_wconf 87' lang='grc' dir='ltr'><strong><em>Κροῖσε</em></strong></span> <span class='ocrx_word' id='word_1_30' title='bbox 286 592 390 664; x_wconf 79' lang='grc' dir='ltr'><strong><em>καὶ</em></strong></span> <span class='ocrx_word' id='word_1_31' title='bbox 354 622 393 663; x_wconf 89' lang='grc' dir='ltr'><strong><em>τα</em></strong></span> <span class='ocrx_word' id='word_1_32' title='bbox 410 598 449 663; x_wconf 85' lang='grc' dir='ltr'><strong><em>έν</em></strong></span> <span class='ocrx_word' id='word_1_33' title='bbox 462 603 608 713; x_wconf 83' lang='grc' dir='ltr'><strong><em>Δελφοῖς</em></strong></span> <span class='ocrx_word' id='word_1_34' title='bbox 622 594 859 683; x_wconf 55' lang='grc' dir='ltr'><strong><em>ἀναθήματα*</em></strong></span> <span class='ocrx_word' id='word_1_35' title='bbox 838 624 882 676; x_wconf 87' lang='grc' dir='ltr'><strong><em>ως</em></strong></span> <span class='ocrx_word' id='word_1_36' title='bbox 896 595 974 665; x_wconf 76' lang='grc' dir='ltr'><strong><em>οὐδὲ</em></strong></span> <span class='ocrx_word' id='word_1_37' title='bbox 975 625 996 664; x_wconf 92' lang='grc' dir='ltr'><strong><em>ν</em></strong></span> <span class='ocrx_word' id='word_1_38' title='bbox 1011 597 1076 681; x_wconf 81' lang='grc' dir='ltr'><strong><em>ἀρα</em></strong></span> 
     </span>
     <span class='ocr_line' id='line_1_6' title="bbox 77 684 1076 783; baseline 0.005 -25"><span class='ocrx_word' id='word_1_39' title='bbox 77 684 134 778; x_wconf 75' lang='grc' dir='ltr'><strong><em>ἦτε</em></strong></span> <span class='ocrx_word' id='word_1_40' title='bbox 146 688 190 769; x_wconf 79' lang='grc' dir='ltr'><strong><em>ἀς</em></strong></span> <span class='ocrx_word' id='word_1_41' title='bbox 205 689 289 778; x_wconf 81' lang='grc' dir='ltr'><strong><em>πρὸς</em></strong></span> <span class='ocrx_word' id='word_1_42' title='bbox 302 699 436 778; x_wconf 83' lang='grc' dir='ltr'><strong><em>Τίμωνα</em></strong></span> <span class='ocrx_word' id='word_1_43' title='bbox 447 689 544 759; x_wconf 78' lang='grc' dir='ltr'><strong><em>καί</em></strong></span> <span class='ocrx_word' id='word_1_44' title='bbox 511 717 571 760; x_wconf 96' lang='grc' dir='ltr'><strong><em>τον</em></strong></span> <span class='ocrx_word' id='word_1_45' title='bbox 584 698 732 777; x_wconf 80' lang='grc' dir='ltr'><strong><em>Τίμωνος</em></strong></span> <span class='ocrx_word' id='word_1_46' title='bbox 747 686 952 783; x_wconf 82' lang='grc' dir='ltr'><strong><em>πλοῦτον,</em></strong></span> <span class='ocrx_word' id='word_1_47' title='bbox 924 720 951 761; x_wconf 90' lang='grc' dir='ltr'><strong><em>ω</em></strong></span> <span class='ocrx_word' id='word_1_48' title='bbox 966 720 1005 780; x_wconf 91' lang='grc' dir='ltr'><strong><em>γε</em></strong></span> <span class='ocrx_word' id='word_1_49' title='bbox 1015 693 1076 763; x_wconf 83' lang='lat'><strong><em>06-</em></strong></span> 
     </span>
     <span class='ocr_line' id='line_1_7' title="bbox 78 782 1076 879; baseline 0.005 -23"><span class='ocrx_word' id='word_1_50' title='bbox 78 786 142 857; x_wconf 69' lang='grc' dir='ltr'><strong><em>δέ’</em></strong></span> <span class='ocrx_word' id='word_1_51' title='bbox 129 816 146 856; x_wconf 95' lang='grc' dir='ltr'><strong><em>ο</em></strong></span> <span class='ocrx_word' id='word_1_52' title='bbox 160 788 317 875; x_wconf 78' lang='grc' dir='ltr'><strong><em>βασιλεὺς</em></strong></span> <span class='ocrx_word' id='word_1_53' title='bbox 331 788 501 875; x_wconf 75' lang='grc' dir='ltr'><strong><em>δΠεροοῐν</em></strong></span> <span class='ocrx_word' id='word_1_54' title='bbox 515 798 639 868; x_wconf 85' lang='grc' dir='ltr'><strong><em>ῖσος.</em></strong></span> <span class='ocrx_word' id='word_1_55' title='bbox 619 816 645 855; x_wconf 87' lang='grc' dir='ltr'><strong><em>ω</em></strong></span> <span class='ocrx_word' id='word_1_56' title='bbox 632 782 793 860; x_wconf 79' lang='grc' dir='ltr'><strong><em>δίκελλα</em></strong></span> <span class='ocrx_word' id='word_1_57' title='bbox 805 793 860 858; x_wconf 77' lang='grc' dir='ltr'><strong><em>καί</em></strong></span> <span class='ocrx_word' id='word_1_58' title='bbox 871 793 1010 879; x_wconf 89' lang='grc' dir='ltr'><strong><em>φιλτάτη</em></strong></span> <span class='ocrx_word' id='word_1_59' title='bbox 1024 796 1076 861; x_wconf 89' lang='grc' dir='ltr'><strong><em>δι-</em></strong></span> 
     </span>
     <span class='ocr_line' id='line_1_8' title="bbox 78 883 1074 975; baseline 0.002 -22"><span class='ocrx_word' id='word_1_60' title='bbox 78 886 208 971; x_wconf 83' lang='grc' dir='ltr'><strong><em>φθέρα,</em></strong></span> <span class='ocrx_word' id='word_1_61' title='bbox 224 883 310 971; x_wconf 83' lang='grc' dir='ltr'><strong><em>ὑμᾶς</em></strong></span> <span class='ocrx_word' id='word_1_62' title='bbox 320 885 427 975; x_wconf 73' lang='grc' dir='ltr'><strong><em>μέν</em></strong></span> <span class='ocrx_word' id='word_1_63' title='bbox 396 912 442 953; x_wconf 91' lang='grc' dir='ltr'><strong><em>τω</em></strong></span> <span class='ocrx_word' id='word_1_64' title='bbox 430 887 540 953; x_wconf 80' lang='grc' dir='ltr'><strong><em>Πανὶ</em></strong></span> <span class='ocrx_word' id='word_1_65' title='bbox 556 884 663 973; x_wconf 73' lang='grc' dir='ltr'><strong><em>τούτῳ</em></strong></span> <span class='ocrx_word' id='word_1_66' title='bbox 678 884 854 954; x_wconf 80' lang='grc' dir='ltr'><strong><em>ἀναθεῖναι</em></strong></span> <span class='ocrx_word' id='word_1_67' title='bbox 870 886 990 955; x_wconf 84' lang='grc' dir='ltr'><strong><em>καλόν</em></strong></span> <span class='ocrx_word' id='word_1_68' title='bbox 1012 884 1074 955; x_wconf 82' lang='grc' dir='ltr'><strong><em>αὐ-</em></strong></span> 
     </span>
     <span class='ocr_line' id='line_1_9' title="bbox 76 980 1075 1071; baseline 0.002 -20"><span class='ocrx_word' id='word_1_69' title='bbox 76 983 133 1063; x_wconf 84' lang='grc' dir='ltr'><strong><em>τός</em></strong></span> <span class='ocrx_word' id='word_1_70' title='bbox 147 984 184 1051; x_wconf 79' lang='grc' dir='ltr'><strong><em>δέ</em></strong></span> <span class='ocrx_word' id='word_1_71' title='bbox 197 982 261 1070; x_wconf 80' lang='grc' dir='ltr'><strong><em>ἤδη</em></strong></span> <span class='ocrx_word' id='word_1_72' title='bbox 276 990 387 1051; x_wconf 81' lang='grc' dir='ltr'><strong><em>πᾶσαν</em></strong></span> <span class='ocrx_word' id='word_1_73' title='bbox 402 984 584 1070; x_wconf 88' lang='grc' dir='ltr'><strong><em>πριάμενος</em></strong></span> <span class='ocrx_word' id='word_1_74' title='bbox 599 980 661 1069; x_wconf 78' lang='grc' dir='ltr'><strong><em>τὴν</em></strong></span> <span class='ocrx_word' id='word_1_75' title='bbox 675 983 844 1069; x_wconf 85' lang='grc' dir='ltr'><strong><em>έσχατιάν,</em></strong></span> <span class='ocrx_word' id='word_1_76' title='bbox 865 992 1009 1071; x_wconf 75' lang='grc' dir='ltr'><strong><em>πυργίον</em></strong></span> <span class='ocrx_word' id='word_1_77' title='bbox 1024 990 1075 1053; x_wconf 85' lang='grc' dir='ltr'><strong><em>οί-</em></strong></span> 
     </span>
    </p>

    <p class='ocr_par' dir='ltr' id='par_1_3' title="bbox 6 1078 1161 3026">
     <span class='ocr_line' id='line_1_10' title="bbox 6 1078 1075 1171; baseline -0.002 -21"><span class='ocrx_word' id='word_1_78' title='bbox 6 1116 7 1122; x_wconf 45' lang='lat'>¹</span> <span class='ocrx_word' id='word_1_79' title='bbox 76 1080 348 1168; x_wconf 86' lang='grc' dir='ltr'><strong><em>αοδομησάμενος</em></strong></span> <span class='ocrx_word' id='word_1_80' title='bbox 367 1078 453 1165; x_wconf 75' lang='grc' dir='ltr'><strong><em>ὑπὲρ</em></strong></span> <span class='ocrx_word' id='word_1_81' title='bbox 471 1088 531 1149; x_wconf 84' lang='grc' dir='ltr'><strong><em>τοῦ</em></strong></span> <span class='ocrx_word' id='word_1_82' title='bbox 546 1088 740 1167; x_wconf 81' lang='grc' dir='ltr'><strong><em>θησαυροῦ,</em></strong></span> <span class='ocrx_word' id='word_1_83' title='bbox 762 1081 855 1171; x_wconf 80' lang='grc' dir='ltr'><strong><em>μόνω</em></strong></span> <span class='ocrx_word' id='word_1_84' title='bbox 871 1085 942 1168; x_wconf 75' lang='grc' dir='ltr'><strong><em>ἐμοὶ</em></strong></span> <span class='ocrx_word' id='word_1_85' title='bbox 956 1079 1075 1151; x_wconf 82' lang='grc' dir='ltr'><strong><em>ίαανδκ</em></strong></span> 
     </span>
     <span class='ocr_line' id='line_1_11' title="bbox 77 1176 1074 1267; baseline 0.002 -20"><span class='ocrx_word' id='word_1_86' title='bbox 77 1183 323 1263; x_wconf 72' lang='grc' dir='ltr'><strong><em>ἐνδιαιτᾶσθαι,</em></strong></span> <span class='ocrx_word' id='word_1_87' title='bbox 337 1176 398 1247; x_wconf 82' lang='grc' dir='ltr'><strong><em>τόν</em></strong></span> <span class='ocrx_word' id='word_1_88' title='bbox 411 1176 515 1247; x_wconf 80' lang='grc' dir='ltr'><strong><em>αὐτόν</em></strong></span> <span class='ocrx_word' id='word_1_89' title='bbox 529 1180 584 1246; x_wconf 80' lang='grc' dir='ltr'><strong><em>καὶ</em></strong></span> <span class='ocrx_word' id='word_1_90' title='bbox 597 1179 707 1264; x_wconf 91' lang='grc' dir='ltr'><strong><em>τάφον</em></strong></span> <span class='ocrx_word' id='word_1_91' title='bbox 717 1176 902 1247; x_wconf 74' lang='grc' dir='ltr'><strong><em>ἀποθανοδν</em></strong></span> <span class='ocrx_word' id='word_1_92' title='bbox 916 1183 1001 1261; x_wconf 82' lang='grc' dir='ltr'><strong><em>ἕξειν</em></strong></span> <span class='ocrx_word' id='word_1_93' title='bbox 1017 1207 1074 1267; x_wconf 85' lang='grc' dir='ltr'><strong><em>μοι</em></strong></span> 
     </span>
     <span class='ocr_line' id='line_1_12' title="bbox 76 1277 1073 1363; baseline 0.002 -18"><span class='ocrx_word' id='word_1_94' title='bbox 76 1282 174 1345; x_wconf 79' lang='grc' dir='ltr'><strong><em>δοκῶ.</em></strong></span> <span class='ocrx_word' id='word_1_95' title='bbox 204 1277 354 1362; x_wconf 76' lang='grc' dir='ltr'><em>δεδόχθω</em></span> <span class='ocrx_word' id='word_1_96' title='bbox 371 1277 526 1345; x_wconf 77' lang='grc' dir='ltr'><strong><em>δὲταῦτα</em></strong></span> <span class='ocrx_word' id='word_1_97' title='bbox 540 1278 595 1345; x_wconf 78' lang='grc' dir='ltr'><strong><em>καί</em></strong></span> <span class='ocrx_word' id='word_1_98' title='bbox 615 1278 897 1363; x_wconf 80' lang='grc' dir='ltr'><strong><em>νενομοθετήσθω</em></strong></span> <span class='ocrx_word' id='word_1_99' title='bbox 915 1277 998 1363; x_wconf 83' lang='grc' dir='ltr'><strong><em>πρὸς</em></strong></span> <span class='ocrx_word' id='word_1_100' title='bbox 1013 1277 1073 1347; x_wconf 88' lang='grc' dir='ltr'><strong><em>τδν</em></strong></span> 
     </span>
     <span class='ocr_line' id='line_1_13' title="bbox 76 1372 1074 1462; baseline 0.005 -21"><span class='ocrx_word' id='word_1_101' title='bbox 76 1377 249 1443; x_wconf 78' lang='grc' dir='ltr'><strong><em>ἐπίλοιπον</em></strong></span> <span class='ocrx_word' id='word_1_102' title='bbox 266 1373 398 1461; x_wconf 85' lang='grc' dir='ltr'><strong><em>βίου,’</em></strong></span> <span class='ocrx_word' id='word_1_103' title='bbox 379 1379 454 1461; x_wconf 83' lang='grc' dir='ltr'><strong><em>αμιξ</em></strong></span> <span class='ocrx_word' id='word_1_104' title='bbox 455 1382 489 1443; x_wconf 90' lang='grc' dir='ltr'><strong><em>ία</em></strong></span> <span class='ocrx_word' id='word_1_105' title='bbox 509 1372 592 1460; x_wconf 80' lang='grc' dir='ltr'><strong><em>πρὸς</em></strong></span> <span class='ocrx_word' id='word_1_106' title='bbox 611 1372 759 1453; x_wconf 77' lang='grc' dir='ltr'><strong><em>ἅπαντας</em></strong></span> <span class='ocrx_word' id='word_1_107' title='bbox 779 1380 833 1443; x_wconf 79' lang='grc' dir='ltr'><strong><em>καί</em></strong></span> <span class='ocrx_word' id='word_1_108' title='bbox 853 1374 1000 1462; x_wconf 86' lang='grc' dir='ltr'><strong><em>ἀγνωσία</em></strong></span> <span class='ocrx_word' id='word_1_109' title='bbox 1019 1381 1074 1446; x_wconf 80' lang='grc' dir='ltr'><strong><em>καὶ</em></strong></span> 
     </span>
     <span class='ocr_line' id='line_1_14' title="bbox 75 1468 1074 1562; baseline 0.004 -23"><span class='ocrx_word' id='word_1_110' title='bbox 75 1470 259 1558; x_wconf 78' lang='grc' dir='ltr'><strong><em>ὑπεροψία·</em></strong></span> <span class='ocrx_word' id='word_1_111' title='bbox 285 1478 383 1559; x_wconf 80' lang='grc' dir='ltr'><strong><em>φίλος</em></strong></span> <span class='ocrx_word' id='word_1_112' title='bbox 398 1468 477 1559; x_wconf 72' lang='lat'><strong><em>666</em></strong></span> <span class='ocrx_word' id='word_1_113' title='bbox 497 1468 630 1553; x_wconf 81' lang='grc' dir='ltr'><strong><em>ξένος</em></strong></span> <span class='ocrx_word' id='word_1_114' title='bbox 608 1499 628 1558; x_wconf 90' lang='grc' dir='ltr'><strong><em>η</em></strong></span> <span class='ocrx_word' id='word_1_115' title='bbox 651 1468 814 1559; x_wconf 75' lang='grc' dir='ltr'><strong><em>έταῖροςῆ</em></strong></span> <span class='ocrx_word' id='word_1_116' title='bbox 830 1472 943 1542; x_wconf 80' lang='grc' dir='ltr'><strong><em>Ἐλέου</em></strong></span> <span class='ocrx_word' id='word_1_117' title='bbox 962 1474 1074 1562; x_wconf 83' lang='grc' dir='ltr'><strong><em>βωμὸς</em></strong></span> 
     </span>
     <span class='ocr_line' id='line_1_15' title="bbox 76 1566 1141 1660; baseline 0.005 -22"><span class='ocrx_word' id='word_1_118' title='bbox 76 1567 182 1649; x_wconf 77' lang='grc' dir='ltr'><strong><em>ὕθλος</em></strong></span> <span class='ocrx_word' id='word_1_119' title='bbox 196 1569 315 1651; x_wconf 82' lang='grc' dir='ltr'><strong><em>πολός·</em></strong></span> <span class='ocrx_word' id='word_1_120' title='bbox 336 1568 435 1640; x_wconf 81' lang='grc' dir='ltr'><strong><em>καλ</em></strong></span> <span class='ocrx_word' id='word_1_121' title='bbox 401 1597 437 1639; x_wconf 94' lang='grc' dir='ltr'><strong><em>το</em></strong></span> <span class='ocrx_word' id='word_1_122' title='bbox 451 1576 607 1656; x_wconf 86' lang='grc' dir='ltr'><strong><em>οἰκτεῖραι</em></strong></span> <span class='ocrx_word' id='word_1_123' title='bbox 618 1566 844 1656; x_wconf 72' lang='grc' dir='ltr'><strong><em>δακράοντα”</em></strong></span> <span class='ocrx_word' id='word_1_124' title='bbox 820 1598 842 1657; x_wconf 91' lang='grc' dir='ltr'><strong><em>-η</em></strong></span> <span class='ocrx_word' id='word_1_125' title='bbox 855 1574 1071 1660; x_wconf 81' lang='grc' dir='ltr'><strong><em>ἐπικουρῆσαι</em></strong></span> <span class='ocrx_word' id='word_1_126' title='bbox 1094 1591 1141 1643; x_wconf 65' lang='grc' dir='ltr'><strong><em>1ου</em></strong></span> 
     </span>
     <span class='ocr_line' id='line_1_16' title="bbox 76 1668 1074 1759; baseline 0.003 -24"><span class='ocrx_word' id='word_1_127' title='bbox 76 1668 224 1756; x_wconf 76' lang='grc' dir='ltr'><strong><em>δεομένω</em></strong></span> <span class='ocrx_word' id='word_1_128' title='bbox 239 1674 428 1756; x_wconf 89' lang='grc' dir='ltr'><strong><em>παρανομία</em></strong></span> <span class='ocrx_word' id='word_1_129' title='bbox 445 1670 499 1737; x_wconf 77' lang='grc' dir='ltr'><strong><em>καὶ</em></strong></span> <span class='ocrx_word' id='word_1_130' title='bbox 519 1668 698 1748; x_wconf 80' lang='grc' dir='ltr'><strong><em>κατάλυσις</em></strong></span> <span class='ocrx_word' id='word_1_131' title='bbox 710 1676 778 1736; x_wconf 80' lang='grc' dir='ltr'><strong><em>τόν</em></strong></span> <span class='ocrx_word' id='word_1_132' title='bbox 793 1673 898 1738; x_wconf 88' lang='grc' dir='ltr'><strong><em>έθων·</em></strong></span> <span class='ocrx_word' id='word_1_133' title='bbox 927 1671 1074 1759; x_wconf 81' lang='grc' dir='ltr'><strong><em>μονήρης</em></strong></span> 
     </span>
     <span class='ocr_line' id='line_1_17' title="bbox 76 1762 1071 1857; baseline 0.006 -26"><span class='ocrx_word' id='word_1_134' title='bbox 76 1762 147 1851; x_wconf 75' lang='grc' dir='ltr'><strong><em>δὲὴ</em></strong></span> <span class='ocrx_word' id='word_1_135' title='bbox 169 1768 277 1832; x_wconf 90' lang='grc' dir='ltr'><strong><em>δίαιτα</em></strong></span> <span class='ocrx_word' id='word_1_136' title='bbox 294 1766 447 1852; x_wconf 88' lang='grc' dir='ltr'><strong><em>καθάπερ</em></strong></span> <span class='ocrx_word' id='word_1_137' title='bbox 463 1781 530 1846; x_wconf 88' lang='grc' dir='ltr'><strong><em>τοῖς</em></strong></span> <span class='ocrx_word' id='word_1_138' title='bbox 544 1768 676 1853; x_wconf 83' lang='grc' dir='ltr'><strong><em>λύκοις,</em></strong></span> <span class='ocrx_word' id='word_1_139' title='bbox 698 1794 740 1834; x_wconf 92' lang='grc' dir='ltr'><strong><em>κα</em></strong></span> <span class='ocrx_word' id='word_1_140' title='bbox 741 1770 866 1854; x_wconf 79' lang='grc' dir='ltr'><strong><em>δφίλος</em></strong></span> <span class='ocrx_word' id='word_1_141' title='bbox 885 1766 931 1848; x_wconf 85' lang='grc' dir='ltr'><strong><em>εἷς</em></strong></span> <span class='ocrx_word' id='word_1_142' title='bbox 949 1776 1071 1857; x_wconf 88' lang='grc' dir='ltr'><strong><em>Τίμων.</em></strong></span> 
     </span>
     <span class='ocr_line' id='line_1_18' title="bbox 74 1860 1073 1960; baseline 0.004 -27"><span class='ocrx_word' id='word_1_143' title='bbox 74 1868 124 1960; x_wconf 92' lang='grc'><strong><em>43</em></strong></span> <span class='ocrx_word' id='word_1_144' title='bbox 142 1867 177 1932; x_wconf 83' lang='grc' dir='ltr'><strong><em>ολ</em></strong></span> <span class='ocrx_word' id='word_1_145' title='bbox 185 1866 221 1930; x_wconf 75' lang='grc' dir='ltr'><strong><em>δέ</em></strong></span> <span class='ocrx_word' id='word_1_146' title='bbox 230 1860 324 1933; x_wconf 93' lang='grc' dir='ltr'><strong><em>αλλοι</em></strong></span> <span class='ocrx_word' id='word_1_147' title='bbox 335 1889 457 1944; x_wconf 88' lang='grc' dir='ltr'><strong><em>παντες</em></strong></span> <span class='ocrx_word' id='word_1_148' title='bbox 465 1867 578 1952; x_wconf 78' lang='grc' dir='ltr'><strong><em>ἐχθροὶ</em></strong></span> <span class='ocrx_word' id='word_1_149' title='bbox 588 1891 644 1934; x_wconf 92' lang='grc' dir='ltr'><strong><em>και</em></strong></span> <span class='ocrx_word' id='word_1_150' title='bbox 632 1866 839 1952; x_wconf 83' lang='grc' dir='ltr'><strong><em>ἐπίβουλοι</em></strong></span> <span class='ocrx_word' id='word_1_151' title='bbox 855 1868 909 1936; x_wconf 91' lang='grc' dir='ltr'><strong><em>και</em></strong></span> <span class='ocrx_word' id='word_1_152' title='bbox 917 1894 955 1936; x_wconf 85' lang='grc' dir='ltr'><strong><em>το</em></strong></span> <span class='ocrx_word' id='word_1_153' title='bbox 967 1890 1073 1955; x_wconf 87' lang='grc' dir='ltr'><strong><em>προσ</em></strong></span> 
     </span>
     <span class='ocr_line' id='line_1_19' title="bbox 74 1949 1072 2052; baseline 0.005 -24"><span class='ocrx_word' id='word_1_154' title='bbox 74 1949 233 2049; x_wconf 82' lang='grc' dir='ltr'><strong><em>ομιλῆσαί</em></strong></span> <span class='ocrx_word' id='word_1_155' title='bbox 253 1987 319 2029; x_wconf 91' lang='grc' dir='ltr'><strong><em>τινι</em></strong></span> <span class='ocrx_word' id='word_1_156' title='bbox 335 1959 447 2030; x_wconf 82' lang='grc' dir='ltr'><strong><em>αάτων</em></strong></span> <span class='ocrx_word' id='word_1_157' title='bbox 466 1969 609 2049; x_wconf 89' lang='grc' dir='ltr'><strong><em>μίασμα</em></strong></span> <span class='ocrx_word' id='word_1_158' title='bbox 638 1961 735 2032; x_wconf 77' lang='grc' dir='ltr'><strong><em>καὶ”</em></strong></span> <span class='ocrx_word' id='word_1_159' title='bbox 712 1990 756 2049; x_wconf 89' lang='grc' dir='ltr'><strong><em>ην</em></strong></span> <span class='ocrx_word' id='word_1_160' title='bbox 775 1990 851 2031; x_wconf 91' lang='grc' dir='ltr'><strong><em>τινα</em></strong></span> <span class='ocrx_word' id='word_1_161' title='bbox 872 1970 932 2034; x_wconf 85' lang='grc' dir='ltr'><strong><em>ῖδω</em></strong></span> <span class='ocrx_word' id='word_1_162' title='bbox 954 1965 1072 2052; x_wconf 89' lang='grc' dir='ltr'><strong><em>μόνον,</em></strong></span> 
     </span>
     <span class='ocr_line' id='line_1_20' title="bbox 72 2056 1073 2150; baseline 0.005 -23"><span class='ocrx_word' id='word_1_163' title='bbox 72 2057 260 2147; x_wconf 82' lang='grc' dir='ltr'><strong><em>ἀποφράςη</em></strong></span> <span class='ocrx_word' id='word_1_164' title='bbox 248 2056 393 2147; x_wconf 75' lang='grc' dir='ltr'><strong><em>ἡμέρα</em></strong></span> <span class='ocrx_word' id='word_1_165' title='bbox 416 2063 471 2128; x_wconf 82' lang='grc' dir='ltr'><strong><em>καὶ</em></strong></span> <span class='ocrx_word' id='word_1_166' title='bbox 484 2059 570 2140; x_wconf 83' lang='grc' dir='ltr'><strong><em>ὅλως</em></strong></span> <span class='ocrx_word' id='word_1_167' title='bbox 580 2059 792 2145; x_wconf 85' lang='grc' dir='ltr'><strong><em>ἀνδριάντων</em></strong></span> <span class='ocrx_word' id='word_1_168' title='bbox 803 2061 980 2131; x_wconf 88' lang='grc' dir='ltr'><strong><em>λιθίνων</em></strong></span> <span class='ocrx_word' id='word_1_169' title='bbox 959 2091 979 2149; x_wconf 89' lang='grc' dir='ltr'><strong><em>η</em></strong></span> <span class='ocrx_word' id='word_1_170' title='bbox 992 2074 1073 2150; x_wconf 87' lang='grc' dir='ltr'><strong><em>χαλ-</em></strong></span> 
     </span>
     <span class='ocr_line' id='line_1_21' title="bbox 71 2156 1073 2248; baseline 0.005 -23"><span class='ocrx_word' id='word_1_171' title='bbox 71 2185 145 2226; x_wconf 91' lang='grc' dir='ltr'><strong><em>κων</em></strong></span> <span class='ocrx_word' id='word_1_172' title='bbox 165 2156 298 2244; x_wconf 74' lang='grc' dir='ltr'><strong><em>μηδὲν</em></strong></span> <span class='ocrx_word' id='word_1_173' title='bbox 282 2171 362 2245; x_wconf 89' lang='grc' dir='ltr'><strong><em>ημῖν</em></strong></span> <span class='ocrx_word' id='word_1_174' title='bbox 377 2161 640 2245; x_wconf 76' lang='grc' dir='ltr'><strong><em>διαφερέτωσαν·</em></strong></span> <span class='ocrx_word' id='word_1_175' title='bbox 662 2163 716 2228; x_wconf 80' lang='grc' dir='ltr'><strong><em>καὶ</em></strong></span> <span class='ocrx_word' id='word_1_176' title='bbox 730 2161 812 2248; x_wconf 83' lang='grc' dir='ltr'><strong><em>μήτε</em></strong></span> <span class='ocrx_word' id='word_1_177' title='bbox 824 2162 953 2248; x_wconf 87' lang='grc' dir='ltr'><strong><em>κη’ρυκα</em></strong></span> <span class='ocrx_word' id='word_1_178' title='bbox 970 2163 1073 2248; x_wconf 79' lang='grc' dir='ltr'><strong><em>δεχώ-</em></strong></span> 
     </span>
     <span class='ocr_line' id='line_1_22' title="bbox 70 2252 1072 2358; baseline 0 -34"><span class='ocrx_word' id='word_1_179' title='bbox 70 2265 164 2340; x_wconf 83' lang='grc' dir='ltr'><strong><em>μεθα</em></strong></span> <span class='ocrx_word' id='word_1_180' title='bbox 179 2252 258 2341; x_wconf 88' lang='grc' dir='ltr'><strong><em>παρ’</em></strong></span> <span class='ocrx_word' id='word_1_181' title='bbox 274 2253 384 2322; x_wconf 83' lang='grc' dir='ltr'><strong><em>αι’πων</em></strong></span> <span class='ocrx_word' id='word_1_182' title='bbox 398 2256 479 2342; x_wconf 83' lang='grc' dir='ltr'><strong><em>μήτε</em></strong></span> <span class='ocrx_word' id='word_1_183' title='bbox 492 2253 640 2335; x_wconf 83' lang='grc' dir='ltr'><strong><em>σπονδάς</em></strong></span> <span class='ocrx_word' id='word_1_184' title='bbox 654 2258 892 2343; x_wconf 73' lang='grc' dir='ltr'><strong><em>σπενδώμεθα</em></strong></span> <span class='ocrx_word' id='word_1_185' title='bbox 912 2255 934 2344; x_wconf 86' lang='lat'><strong><em>6</em></strong></span> <span class='ocrx_word' id='word_1_186' title='bbox 954 2261 1072 2358; x_wconf 89' lang='grc' dir='ltr'><strong><em>έρημία</em></strong></span> 
     </span>
     <span class='ocr_line' id='line_1_23' title="bbox 70 2351 1161 2442; baseline 0 -20"><span class='ocrx_word' id='word_1_187' title='bbox 70 2353 144 2423; x_wconf 80' lang='grc' dir='ltr'><strong><em>δέ”</em></strong></span> <span class='ocrx_word' id='word_1_188' title='bbox 122 2378 205 2440; x_wconf 89' lang='grc' dir='ltr'><strong><em>ορος</em></strong></span> <span class='ocrx_word' id='word_1_189' title='bbox 219 2360 301 2423; x_wconf 86' lang='grc' dir='ltr'><strong><em>έστω</em></strong></span> <span class='ocrx_word' id='word_1_190' title='bbox 315 2352 399 2441; x_wconf 83' lang='grc' dir='ltr'><strong><em>πρὸς</em></strong></span> <span class='ocrx_word' id='word_1_191' title='bbox 415 2351 545 2434; x_wconf 78' lang='grc' dir='ltr'><strong><em>αὐτούς.</em></strong></span> <span class='ocrx_word' id='word_1_192' title='bbox 569 2360 708 2442; x_wconf 84' lang='grc' dir='ltr'><strong><em>φυλεται</em></strong></span> <span class='ocrx_word' id='word_1_193' title='bbox 719 2357 755 2423; x_wconf 88' lang='grc' dir='ltr'><strong><em>δε</em></strong></span> <span class='ocrx_word' id='word_1_194' title='bbox 769 2357 825 2424; x_wconf 84' lang='grc' dir='ltr'><strong><em>καὶ</em></strong></span> <span class='ocrx_word' id='word_1_195' title='bbox 839 2355 1003 2442; x_wconf 79' lang='grc' dir='ltr'><strong><em>φράτορες</em></strong></span> <span class='ocrx_word' id='word_1_196' title='bbox 1016 2359 1070 2422; x_wconf 83' lang='grc' dir='ltr'><strong><em>καὶ</em></strong></span> <span class='ocrx_word' id='word_1_197' title='bbox 1158 2412 1161 2415; x_wconf 94' lang='grc'>.</span> 
     </span>
     <span class='ocr_line' id='line_1_24' title="bbox 68 2450 1071 2541; baseline -0.002 -19"><span class='ocrx_word' id='word_1_198' title='bbox 68 2453 214 2541; x_wconf 81' lang='grc' dir='ltr'><strong><em>δημόται</em></strong></span> <span class='ocrx_word' id='word_1_199' title='bbox 227 2450 315 2540; x_wconf 79' lang='grc' dir='ltr'><strong><em>καὶὴ</em></strong></span> <span class='ocrx_word' id='word_1_200' title='bbox 330 2454 445 2540; x_wconf 78' lang='grc' dir='ltr'><strong><em>πατρὶς</em></strong></span> <span class='ocrx_word' id='word_1_201' title='bbox 461 2450 544 2538; x_wconf 78' lang='grc' dir='ltr'><strong><em>αὐτη</em></strong></span> <span class='ocrx_word' id='word_1_202' title='bbox 560 2450 670 2539; x_wconf 75' lang='grc' dir='ltr'><strong><em>ψυχρά</em></strong></span> <span class='ocrx_word' id='word_1_203' title='bbox 686 2455 740 2521; x_wconf 78' lang='grc' dir='ltr'><strong><em>καὶ</em></strong></span> <span class='ocrx_word' id='word_1_204' title='bbox 754 2450 942 2540; x_wconf 84' lang='grc' dir='ltr'><strong><em>ἀνωφελῆ’</em></strong></span> <span class='ocrx_word' id='word_1_205' title='bbox 925 2453 1071 2539; x_wconf 87' lang='grc' dir='ltr'><strong><em>ονόματα</em></strong></span> 
     </span>
     <span class='ocr_line' id='line_1_25' title="bbox 68 2547 1072 2638; baseline -0.001 -19"><span class='ocrx_word' id='word_1_206' title='bbox 68 2548 160 2620; x_wconf 75' lang='grc' dir='ltr'><strong><em>καῖ’</em></strong></span> <span class='ocrx_word' id='word_1_207' title='bbox 139 2550 294 2636; x_wconf 87' lang='grc' dir='ltr'><strong><em>ανοήτων</em></strong></span> <span class='ocrx_word' id='word_1_208' title='bbox 305 2547 440 2638; x_wconf 87' lang='grc' dir='ltr'><strong><em>ἀνδρων</em></strong></span> <span class='ocrx_word' id='word_1_209' title='bbox 450 2551 701 2638; x_wconf 82' lang='grc' dir='ltr'><strong><em>φιλοτιμήματα.</em></strong></span> <span class='ocrx_word' id='word_1_210' title='bbox 718 2556 899 2618; x_wconf 86' lang='grc' dir='ltr'><strong><em>πλουτείτω</em></strong></span> <span class='ocrx_word' id='word_1_211' title='bbox 910 2552 946 2619; x_wconf 90' lang='grc' dir='ltr'><strong><em>δε</em></strong></span> <span class='ocrx_word' id='word_1_212' title='bbox 960 2557 1072 2636; x_wconf 90' lang='grc' dir='ltr'><strong><em>Τίμων</em></strong></span> 
     </span>
     <span class='ocr_line' id='line_1_26' title="bbox 68 2645 1069 2738; baseline 0 -22"><span class='ocrx_word' id='word_1_213' title='bbox 68 2650 176 2734; x_wconf 88' lang='grc' dir='ltr'><strong><em>μόνος</em></strong></span> <span class='ocrx_word' id='word_1_214' title='bbox 186 2649 242 2715; x_wconf 81' lang='grc' dir='ltr'><strong><em>καὶ</em></strong></span> <span class='ocrx_word' id='word_1_215' title='bbox 256 2645 451 2734; x_wconf 82' lang='grc' dir='ltr'><strong><em>ὑπεροράτω</em></strong></span> <span class='ocrx_word' id='word_1_216' title='bbox 464 2645 624 2718; x_wconf 75' lang='grc' dir='ltr'><strong><em>ἁπάντων</em></strong></span> <span class='ocrx_word' id='word_1_217' title='bbox 636 2651 691 2718; x_wconf 82' lang='grc' dir='ltr'><strong><em>καὶ</em></strong></span> <span class='ocrx_word' id='word_1_218' title='bbox 704 2650 862 2738; x_wconf 90' lang='grc' dir='ltr'><strong><em>τρυφάτω</em></strong></span> <span class='ocrx_word' id='word_1_219' title='bbox 875 2650 978 2735; x_wconf 85' lang='grc' dir='ltr'><strong><em>μόνος</em></strong></span> <span class='ocrx_word' id='word_1_220' title='bbox 988 2647 1069 2716; x_wconf 86' lang='grc' dir='ltr'><strong><em>καθ’</em></strong></span> 
     </span>
     <span class='ocr_line' id='line_1_27' title="bbox 69 2741 1070 2834; baseline 0.003 -22"><span class='ocrx_word' id='word_1_221' title='bbox 69 2741 193 2812; x_wconf 77' lang='grc' dir='ltr'><strong><em>ἑαυτὸν</em></strong></span> <span class='ocrx_word' id='word_1_222' title='bbox 211 2751 383 2823; x_wconf 85' lang='grc' dir='ltr'><strong><em>κολακείας</em></strong></span> <span class='ocrx_word' id='word_1_223' title='bbox 398 2748 452 2813; x_wconf 81' lang='grc' dir='ltr'><strong><em>καλ</em></strong></span> <span class='ocrx_word' id='word_1_224' title='bbox 467 2748 612 2814; x_wconf 88' lang='grc' dir='ltr'><strong><em>έπαίνων</em></strong></span> <span class='ocrx_word' id='word_1_225' title='bbox 623 2755 793 2832; x_wconf 78' lang='grc' dir='ltr'><strong><em>φορτικῶν</em></strong></span> <span class='ocrx_word' id='word_1_226' title='bbox 803 2744 1070 2834; x_wconf 73' lang='grc' dir='ltr'><strong><em>ἀπηλλαγμένος·</em></strong></span> 
     </span>
     <span class='ocr_line' id='line_1_28' title="bbox 69 2842 1140 2934; baseline 0.004 -24"><span class='ocrx_word' id='word_1_227' title='bbox 69 2845 122 2912; x_wconf 80' lang='grc' dir='ltr'><strong><em>καὶ</em></strong></span> <span class='ocrx_word' id='word_1_228' title='bbox 137 2853 236 2920; x_wconf 84' lang='grc' dir='ltr'><strong><em>θεοῖς</em></strong></span> <span class='ocrx_word' id='word_1_229' title='bbox 254 2844 366 2910; x_wconf 85' lang='grc' dir='ltr'><strong><em>θυέτω</em></strong></span> <span class='ocrx_word' id='word_1_230' title='bbox 386 2845 441 2911; x_wconf 79' lang='grc' dir='ltr'><strong><em>καὶ</em></strong></span> <span class='ocrx_word' id='word_1_231' title='bbox 457 2842 617 2930; x_wconf 80' lang='grc' dir='ltr'><strong><em>εὐωχείτω</em></strong></span> <span class='ocrx_word' id='word_1_232' title='bbox 633 2843 737 2931; x_wconf 88' lang='grc' dir='ltr'><strong><em>μόνος</em></strong></span> <span class='ocrx_word' id='word_1_233' title='bbox 756 2848 861 2934; x_wconf 76' lang='grc' dir='ltr'><strong><em>ἑαυτῷ</em></strong></span> <span class='ocrx_word' id='word_1_234' title='bbox 877 2851 996 2930; x_wconf 86' lang='grc' dir='ltr'><strong><em>γείτων</em></strong></span> <span class='ocrx_word' id='word_1_235' title='bbox 1016 2848 1071 2914; x_wconf 87' lang='grc' dir='ltr'><strong><em>καὶ</em></strong></span> <span class='ocrx_word' id='word_1_236' title='bbox 1089 2869 1140 2926; x_wconf 69' lang='grc' dir='ltr'><strong><em>ιςς</em></strong></span> 
     </span>
     <span class='ocr_line' id='line_1_29' title="bbox 69 2937 1072 3026; baseline 0.005 -20"><span class='ocrx_word' id='word_1_237' title='bbox 69 2939 210 3026; x_wconf 83' lang='grc' dir='ltr'><strong><em>ὅμορος,</em></strong></span> <span class='ocrx_word' id='word_1_238' title='bbox 232 2941 370 3008; x_wconf 83' lang='grc' dir='ltr'><strong><em>έκσείων</em></strong></span> <span class='ocrx_word' id='word_1_239' title='bbox 384 2946 452 3007; x_wconf 79' lang='grc' dir='ltr'><strong><em>τῶν</em></strong></span> <span class='ocrx_word' id='word_1_240' title='bbox 466 2937 585 3009; x_wconf 81' lang='grc' dir='ltr'><strong><em>ἀλλων.</em></strong></span> <span class='ocrx_word' id='word_1_241' title='bbox 609 2944 664 3008; x_wconf 80' lang='grc' dir='ltr'><strong><em>καὶ</em></strong></span> <span class='ocrx_word' id='word_1_242' title='bbox 679 2940 765 3022; x_wconf 79' lang='grc' dir='ltr'><strong><em>ἅπαξ</em></strong></span> <span class='ocrx_word' id='word_1_243' title='bbox 781 2941 901 3010; x_wconf 83' lang='grc' dir='ltr'><strong><em>ἕαυτδν</em></strong></span> <span class='ocrx_word' id='word_1_244' title='bbox 915 2943 1072 3024; x_wconf 74' lang='grc' dir='ltr'><strong><em>δεξιωσα-</em></strong></span> 
     </span>
    </p>
   </div>
   <div class='ocr_carea' id='block_1_3' title="bbox 6 3032 1197 3494">
    <p class='ocr_par' dir='ltr' id='par_1_4' title="bbox 6 3032 1197 3494">
     <span class='ocr_line' id='line_1_30' title="bbox 70 3032 1070 3129; baseline 0.005 -26"><span class='ocrx_word' id='word_1_245' title='bbox 70 3047 151 3106; x_wconf 87' lang='grc' dir='ltr'><strong><em>σθαι</em></strong></span> <span class='ocrx_word' id='word_1_246' title='bbox 170 3037 337 3123; x_wconf 82' lang='grc' dir='ltr'><strong><em>δεδόχθω,</em></strong></span> <span class='ocrx_word' id='word_1_247' title='bbox 357 3032 401 3123; x_wconf 76' lang='grc' dir='ltr'><strong><em>ἢν</em></strong></span> <span class='ocrx_word' id='word_1_248' title='bbox 419 3040 476 3126; x_wconf 87' lang='grc' dir='ltr'><strong><em>δέη</em></strong></span> <span class='ocrx_word' id='word_1_249' title='bbox 495 3037 697 3124; x_wconf 88' lang='grc' dir='ltr'><strong><em>ἀποθανεῖν,</em></strong></span> <span class='ocrx_word' id='word_1_250' title='bbox 720 3041 775 3106; x_wconf 80' lang='grc' dir='ltr'><strong><em>καὶ</em></strong></span> <span class='ocrx_word' id='word_1_251' title='bbox 794 3037 883 3129; x_wconf 78' lang='grc' dir='ltr'><strong><em>αὑτῷ</em></strong></span> <span class='ocrx_word' id='word_1_252' title='bbox 903 3043 1070 3128; x_wconf 83' lang='grc' dir='ltr'><strong><em>στέφανον</em></strong></span> 
     </span>
     <span class='ocr_line' id='line_1_31' title="bbox 70 3133 1070 3227; baseline 0.007 -26"><span class='ocrx_word' id='word_1_253' title='bbox 70 3138 270 3220; x_wconf 80' lang='grc' dir='ltr'><strong><em>ἐπενεγκεῖν.</em></strong></span> <span class='ocrx_word' id='word_1_254' title='bbox 288 3139 339 3202; x_wconf 88' lang='grc'><strong><em>44.</em></strong></span> <span class='ocrx_word' id='word_1_255' title='bbox 352 3138 406 3203; x_wconf 79' lang='grc' dir='ltr'><strong><em>καὶ</em></strong></span> <span class='ocrx_word' id='word_1_256' title='bbox 417 3133 524 3222; x_wconf 78' lang='grc' dir='ltr'><strong><em>ὄνομα</em></strong></span> <span class='ocrx_word' id='word_1_257' title='bbox 533 3137 595 3223; x_wconf 78' lang='grc' dir='ltr'><strong><em>μέν</em></strong></span> <span class='ocrx_word' id='word_1_258' title='bbox 606 3141 689 3204; x_wconf 78' lang='grc' dir='ltr'><strong><em>ἔστω</em></strong></span> <span class='ocrx_word' id='word_1_259' title='bbox 701 3133 720 3204; x_wconf 89' lang='grc' dir='ltr'><strong><em>δ</em></strong></span> <span class='ocrx_word' id='word_1_260' title='bbox 731 3137 985 3221; x_wconf 89' lang='grc' dir='ltr'><strong><em>Μισάνθρωπος</em></strong></span> <span class='ocrx_word' id='word_1_261' title='bbox 994 3138 1070 3227; x_wconf 81' lang='grc' dir='ltr'><strong><em>ἥδι-</em></strong></span> 
     </span>
     <span class='ocr_line' id='line_1_32' title="bbox 70 3232 1197 3324; baseline 0.006 -25"><span class='ocrx_word' id='word_1_262' title='bbox 70 3253 168 3320; x_wconf 87' lang='grc' dir='ltr'><strong><em>στον,</em></strong></span> <span class='ocrx_word' id='word_1_263' title='bbox 182 3239 244 3300; x_wconf 83' lang='grc' dir='ltr'><strong><em>τοῦ</em></strong></span> <span class='ocrx_word' id='word_1_264' title='bbox 257 3232 387 3320; x_wconf 85' lang='grc' dir='ltr'><strong><em>τρόπον</em></strong></span> <span class='ocrx_word' id='word_1_265' title='bbox 401 3232 437 3300; x_wconf 72' lang='grc' dir='ltr'><strong><em>δέ</em></strong></span> <span class='ocrx_word' id='word_1_266' title='bbox 452 3240 663 3320; x_wconf 89' lang='grc' dir='ltr'><strong><em>γνωρίσματα</em></strong></span> <span class='ocrx_word' id='word_1_267' title='bbox 675 3237 833 3303; x_wconf 87' lang='grc' dir='ltr'><strong><em>δυσκολία</em></strong></span> <span class='ocrx_word' id='word_1_268' title='bbox 845 3237 898 3301; x_wconf 80' lang='grc' dir='ltr'><strong><em>καὶ</em></strong></span> <span class='ocrx_word' id='word_1_269' title='bbox 908 3237 1070 3324; x_wconf 83' lang='grc' dir='ltr'><strong><em>τραχύτης</em></strong></span> <span class='ocrx_word' id='word_1_270' title='bbox 1193 3238 1197 3248; x_wconf 86' lang='grc'>’</span> 
     </span>
     <span class='ocr_line' id='line_1_33' title="bbox 6 3327 1070 3416; baseline 0.005 -19"><span class='ocrx_word' id='word_1_271' title='bbox 6 3413 7 3416; x_wconf 9' lang='lat'>¹</span> <span class='ocrx_word' id='word_1_272' title='bbox 70 3357 122 3399; x_wconf 82' lang='grc' dir='ltr'><strong><em>και</em></strong></span> <span class='ocrx_word' id='word_1_273' title='bbox 137 3330 295 3415; x_wconf 85' lang='grc' dir='ltr'><strong><em>σκαιότης</em></strong></span> <span class='ocrx_word' id='word_1_274' title='bbox 308 3332 363 3397; x_wconf 78' lang='grc' dir='ltr'><strong><em>καί</em></strong></span> <span class='ocrx_word' id='word_1_275' title='bbox 378 3327 460 3416; x_wconf 76' lang='grc' dir='ltr'><strong><em>ὀργὴ</em></strong></span> <span class='ocrx_word' id='word_1_276' title='bbox 475 3334 529 3399; x_wconf 82' lang='grc' dir='ltr'><strong><em>καὶ</em></strong></span> <span class='ocrx_word' id='word_1_277' title='bbox 546 3329 785 3410; x_wconf 87' lang='grc' dir='ltr'><strong><em>άπανθρωπία·</em></strong></span> <span class='ocrx_word' id='word_1_278' title='bbox 810 3338 839 3399; x_wconf 86' lang='grc' dir='ltr'><strong><em>εί</em></strong></span> <span class='ocrx_word' id='word_1_279' title='bbox 848 3334 887 3400; x_wconf 88' lang='grc' dir='ltr'><strong><em>δέ</em></strong></span> <span class='ocrx_word' id='word_1_280' title='bbox 897 3360 971 3400; x_wconf 93' lang='grc' dir='ltr'><strong><em>τινα</em></strong></span> <span class='ocrx_word' id='word_1_281' title='bbox 986 3340 1070 3402; x_wconf 83' lang='grc' dir='ltr'><strong><em>ίδοι-</em></strong></span> 
     </span>
     <span class='ocr_line' id='line_1_34' title="bbox 820 3435 866 3494; baseline 0 -21"><span class='ocrx_word' id='word_1_282' title='bbox 820 3435 866 3494; x_wconf 72' lang='lat'><strong><em>4*</em></strong></span> 
     </span>
    </p>
   </div>
   <div class='ocr_carea' id='block_1_4' title="bbox 0 0 1280 3825">
    <p class='ocr_par' dir='ltr' id='par_1_5' title="bbox 0 0 1280 3825">
     <span class='ocr_line' id='line_1_35' title="bbox 0 0 1280 3825; baseline 0 3"><span class='ocrx_word' id='word_1_283' title='bbox 0 0 1280 3825; x_wconf 95' lang='lat' dir='ltr'><strong><em> </em></strong></span> 
     </span>
    </p>
   </div>
  </div>
 </body>
</html>
