2550 3825
183 191 243 254 128
538 183 839 252 AOYKIANOY

182 353 326 435 ραδόξου
342 353 397 419 καὶ
413 352 577 419 ἀπιδοῦσα
593 353 626 428 ές
640 351 748 437 βάθος
762 349 895 438 άχανές,
917 354 1113 438 ἐκπλαγεῖσα
1128 351 1179 419 καὶ

182 457 228 542 τῷ
237 450 361 518 θάλπει
373 448 439 534 ἅμα
452 458 650 534 συσχεθεῖσα
666 451 720 516 καὶ
734 449 943 534 ἰλιγγιάσασα
954 446 1036 531 πρὸς
1047 444 1084 516 τό
1097 469 1181 535 σφο·

183 545 266 635 δρόν
286 555 343 634 τῆς
367 547 515 632 πτήσεως
539 543 682 632 άκρατῆς
706 550 835 631 ἐγένετο
861 554 929 614 τῶν
955 547 1104 632 κεράτων
1122 550 1181 612 τοῦ

113 661 164 714 314
183 651 295 734 κριοῦ,
314 638 362 712 οἷν
377 647 458 723 τέως
473 647 662 730 ἐπείληπτο,
678 647 733 712 καὶ
746 649 923 712 κατέπεσεν
938 647 971 723 ἐς
983 641 1020 711 τὸ
1032 644 1180 728 πέλαγος.

265 751 367 811 ΝΗΡ.
394 741 530 810 Οὔκουν
545 745 643 828 ε’χρῆν
654 740 715 827 τῆν
729 747 852 830 μητέρα
862 739 924 828 τῆν
934 743 1091 826 Νεφέλην
1101 747 1181 827 βοη-

181 852 285 931 θῆσαι
299 843 481 940 πιπτούσης

264 950 369 1009 ΠΟΣ.
393 937 524 1025 Ἐχρῆν
552 936 665 1025 άλλ’ῆ
688 946 802 1024 Μοῖρα
823 944 880 1023 τῆς
895 940 1049 1022 Νεφέλης
1071 940 1181 1024 πολλῷ

182 1041 401 1124 δυνατωτέρα.

659 1305 711 1366 10.

358 1415 534 1470 maoz
554 1416 638 1467 Κκι
661 1413 1003 1467 ΠοΣΕιΔαΝοΣ.

265 1557 293 1618 l.
316 1558 420 1618 ΙΡΙΣ.
445 1546 513 1634 Τῆν
525 1554 629 1634 νῆσον
639 1545 701 1634 τὴν
712 1551 950 1633 πλανωμένην,
967 1539 1180 1629 άΠόσειδον,

180 1649 222 1736 ῆν
243 1648 518 1717 ἀποσπασθεῖσαν
534 1653 591 1732 τῆς
612 1651 767 1723 Σικελίας
791 1643 925 1731 ὕφαλον
947 1651 994 1712 ἔτι
1020 1643 1180 1729 νήχεσθαι

181 1750 386 1833 συμβέβηκε,
403 1745 544 1828 ταύτην,
560 1745 663 1829 φησίν
674 1741 691 1809 ὁ
703 1742 802 1829 Ζεύς,
820 1750 942 1829 στῆσον
952 1740 1016 1828 ῆδη
1028 1741 1082 1808 καὶ
1096 1736 1181 1806 άνά-

181 1869 291 1931 φηνου
301 1845 355 1910 καὶ
366 1847 504 1928 ποίησον
514 1839 577 1927 ῆδη
591 1845 693 1927 δῆλον
704 1842 741 1907 ἐν
752 1848 798 1931 τῷ
805 1847 931 1933 Αίχαίφ
942 1843 1030 1931 μέσφ
1041 1844 1181 1927 βεβαίως

180 1945 293 2029 μένειν
308 1943 459 2026 στηρίξας
470 1938 561 2006 πάνυ
576 1936 749 2022 ἀσφαλῶς·
772 1944 874 2008 δεῖται
888 1940 952 2025 γάρ
966 1966 997 2007 τι
1013 1937 1122 2023 αὐτῆς.

262 2047 366 2107 ΠΟΣ.
382 2037 587 2123 Πεπράξεται
595 2041 709 2117 ταῦτα,
721 2029 827 2123 ιδἸρι.
844 2044 918 2105 τίνα
932 2037 967 2104 δὲ
979 2035 1067 2122 ὅμως
1077 2038 1179 2118 παρέ-

112 2154 160 2208 315
181 2143 228 2217 ξει
254 2137 342 2228 αὐτῷ
364 2134 425 2223 τῆν
444 2142 557 2223 χρείαν
579 2133 786 2220 ἀναφανεῖσα
807 2139 861 2203 καί
882 2138 996 2222 μηκέτι
1017 2134 1180 2212 πλέουσα,

262 2243 366 2304 ΙΡΙΣ.
390 2233 458 2322 Τῆν
469 2230 567 2319 Λητεδ
580 2230 631 2299 ἐπ’
646 2229 746 2318 αὐτῆς
761 2238 813 2302 δεῖ
821 2230 1023 2319 άποκυῆσαι·
1038 2231 1101 2317 ἤδη
1115 2226 1180 2315 μὰρ

180 2333 333 2420 πονήρως
351 2330 415 2399 ὑπδ
430 2340 499 2399 τῶν
515 2328 646 2398 ὠδίνων
660 2335 734 2416 ἔχει.

262 2438 367 2499 ΠΟΣ.
392 2437 434 2498 Τί
451 2422 532 2511 οὖας
559 2426 618 2515 οὐχ
642 2426 789 2508 ίκανδςὸ
808 2427 952 2514 οὐρανὸς
972 2430 1131 2507 έντεκεῑν;
1153 2435 1183 2495 εί

179 2530 215 2595 δὲ
229 2524 273 2613 μῆ
290 2520 403 2612 οὗτος,
428 2523 501 2594 άλλ’
517 2524 541 2612 η’
555 2551 594 2610 με
607 2532 650 2611 μῆ
667 2532 756 2593 πᾶσα
773 2524 834 2594 οὐκ
849 2524 892 2593 άν
907 2526 1043 2594 δύναιτο
1058 2521 1182 2593 ὑποδέ-

179 2629 300 2702 ξασθαι
314 2622 371 2701 τάς
385 2620 488 2709 μονάς
502 2621 619 2711 αὐτῆς,

261 2729 366 2789 ΙΡΙΣ.
392 2718 480 2806 Οὔκ,
496 2715 716 2789 άΠόσειδον·
737 2720 853 2808 ῆἭρα
864 2720 928 2809 γάρ
943 2720 1032 2811 δρκφ
1048 2722 1181 2810 μεγάλῳ

178 2822 335 2906 κατέλαβε
349 2816 412 2905 τῆν
428 2828 509 2905 γῆν,
533 2816 577 2906 μῆ
593 2833 774 2904 παρασχεῖν
793 2826 833 2909 τῆ
849 2825 955 2905 Λητοῖ
966 2828 1034 2886 τῶν
1050 2817 1182 2887 ὠδίνων

178 2918 355 3005 ὑποδοχήν.
383 2916 404 3005 ῆ
422 2926 538 2988 τοίνυν
553 2926 655 3005 νῆσος
669 2917 753 3006 αὕτη
771 2917 942 3006 άνάμοτός
955 2922 1061 2987 ἐστιν·
1090 2916 1183 3004 άφα-

178 3014 238 3104 νδι
251 3014 314 3103 κᾶν
329 3008 382 3113 ἦν·

261 3120 291 3181 2.
306 3123 410 3183 ΠΟΣ.
426 3122 583 3202 Συνίημι.
606 3125 722 3203 στῆθι,
739 3109 874 3203 άνῆσε,
890 3118 944 3183 καὶ
955 3112 1104 3182 άνάδυθι
1117 3106 1184 3181 αὖ·

176 3225 232 3293 θις
250 3216 285 3281 ἐκ
302 3220 368 3281 τοῦ,
380 3219 494 3301 βυθοῦ
514 3217 568 3282 καὶ
588 3218 702 3301 μηκέτι
723 3212 914 3300 ὑποφέρου,
940 3210 1023 3280 ἀλλά
1040 3217 1183 3299 βεβαίως

176 3312 254 3400 μένε
269 3312 323 3379 καὶ
339 3309 515 3399 ὑπόδεξαι,
538 3306 566 3380 ά
581 3310 874 3399 εὐδαιμονεστάτη,
899 3318 959 3379 τοῦ
974 3308 1125 3397 ἀδελφοῦ
1140 3335 1182 3375 τα

176 3412 274 3478 τέκνα
296 3408 373 3495 δάο,
399 3407 477 3490 τούς
499 3417 694 3488 καλλίστους
713 3418 781 3479 τῶν
797 3417 905 3478 θεῶν·
938 3411 993 3477 καὶ
1014 3405 1125 3495 ὑμεῖς,
1153 3400 1182 3474 τά
