2550 3825
444 197 573 286 Βιοιι
592 199 792 257 ΠΡΑΣιΣ.
1053 195 1115 258 243

113 359 142 424 εί
156 351 217 422 τόν
237 363 370 440 πρῶτον
387 354 489 422 τόκον
507 357 663 441 λη’ψεται,
689 357 826 442 λη’ψεται
846 361 901 425 καὶ
922 355 983 425 τόν
1001 355 1117 422 δεύτε-

112 477 189 539 ρον·
217 451 300 522 ἄλλα
323 453 391 540 μὴν
411 451 472 520 τόν
493 460 627 534 πρῶτον
644 452 799 539 λη’ψεται,
821 455 959 541 λη’ψεται
977 451 1042 537 ἄρα
1062 456 1117 520 καὶ

111 547 177 616 τόν
187 551 354 635 δεύτερον.
1052 572 1055 576 ·

195 653 245 716 24.
263 655 364 717 ΑΓΘ.
390 645 527 716 Θύκοῦν
538 651 592 715 καὶ
604 657 738 733 μισθιιν
749 649 824 732 πέρι
838 648 878 716 τὰ
890 645 974 716 αὐτοὶ
987 654 1114 734 φῶμεν,

111 744 170 827 οὓς
183 745 228 815 σύ
240 747 420 834 λαμβάνεις
437 748 490 814 ἐπὶ
505 753 544 834 τῆ
561 752 664 835 σοφία
680 743 770 830 παρὰ
784 753 852 813 τῶν
866 748 969 831 νέων,
985 747 1039 813 καί
1055 749 1114 831 δῆ-

111 853 173 912 λον
187 842 239 913 ότι
253 845 357 932 μόνος
371 842 389 912 6
403 846 582 920 σπουδαῖος
593 841 721 928 μισθόν
732 843 784 910 ἐπὶ
795 850 835 930 τῆ
845 841 945 932 ύρετῆ
959 845 1113 929 λῆψεταις

194 950 319 1012 xm.
343 942 559 1020 Μανθύνεις·
589 938 712 1027 οὐγὰρ
732 944 878 1026 ἐμαυτοῦ
899 943 1009 1008 εἵνεκα
1029 949 1114 1025 λαμ-

111 1042 220 1128 βάνω,
233 1047 293 1108 τοῦ
305 1040 341 1108 δὲ
353 1042 505 1118 διδόντος
515 1037 619 1106 αὐτοῦ
629 1040 744 1126 χύριν·
767 1040 837 1106 ἐπεὶ
847 1039 911 1124 γύρ
924 1041 1013 1107 ἐστιν
1023 1036 1041 1105 6
1053 1041 1114 1124 μίν

111 1167 160 1217 τις
173 1141 326 1226 ἐκχύτης,
350 1137 368 1206 6
385 1140 421 1206 δὲ
436 1138 657 1224 περιεκτικός,
679 1134 825 1223 ἐμαυτόν
839 1138 901 1222 μὲν
920 1134 1012 1203 ἀσκῶ
1029 1133 1112 1203 εἶναι

111 1236 335 1322 περιεκτικόν,
350 1235 411 1304 τόν
428 1235 464 1302 δὲ
478 1232 633 1321 μαθητῆν
648 1235 798 1321 ἐκχύτην.

195 1341 293 1403 ΑΓΘ.
316 1338 382 1402 Καὶ
396 1331 463 1420 μὴν
477 1330 675 1400 τούναντίον
690 1338 806 1419 ἐχρῆν,
819 1330 880 1399 τόν
897 1335 977 1401 νέον
990 1331 1052 1417 μὲν
1066 1327 1112 1396 εί-
1130 1335 1181 1388 565

111 1457 166 1496 ναι
179 1431 403 1517 περιεκτικόν,
419 1431 455 1499 σέ
470 1433 506 1498 δὲ
520 1428 581 1498 τόν
596 1431 704 1516 μόνον
717 1432 879 1499 πλούσιον
894 1430 1043 1514 ἐκχύτην.

194 1536 321 1597 xm.
342 1530 529 1613 Σκύπτεις,
546 1520 573 1595 a}
588 1521 694 1606 οὗτος.
718 1526 791 1596 ἀλλ’
805 1527 868 1613 ὅρα
882 1527 927 1614 μή
941 1547 979 1594 σε
989 1523 1113 1593 ἄποτο-

114 1626 218 1705 ξεύσω
230 1633 275 1714 τῷ
293 1623 520 1715 ἀναποδείκτῳ
535 1633 755 1715 συλλογισμῷ.

198 1729 295 1790 ΑΓΘ.
315 1727 381 1792 Καὶ
395 1729 429 1792 τί
441 1721 554 1792 δεινὸν
570 1721 634 1791 ἀπό
651 1731 712 1792 τοῦ
725 1727 858 1810 βέλονς;

156 1859 160 1868 =
194 1827 320 1889 ΧΡΤΣ.
346 1818 481 1906 Ἀπορία
504 1824 559 1890 καὶ
579 1819 687 1907 σιωπῆ
710 1823 764 1889 καὶ
789 1825 1030 1907 διαστραφῆναι
1050 1818 1111 1905 τὴν

111 1920 272 1988 διάνοιαν.
302 1925 352 1989 25.
371 1918 438 1989 3δέ
449 1926 618 2008 μέγιστον,
633 1916 678 2005 ἦν
692 1923 813 2005 ἐθέλω,
829 1919 962 2005 τύχιστύ
978 1940 1015 1986 σε
1027 1915 1111 1985 ἄπο-

111 2022 206 2097 δείξω
220 2026 330 2086 λίθον.

196 2121 297 2182 ΑΓΘ.
319 2122 397 2193 Πῶς
411 2121 525 2197 λίθον;
548 2114 589 2183 ού
600 2114 665 2199 γὰρ
675 2113 825 2200 Περσεύς
841 2116 898 2198 σύ,
917 2107 944 2181 ύ
954 2119 1109 2209 βέλτιστε,

112 2209 199 2278 εἷναί
211 2240 267 2298 μοι
283 2218 399 2291 δοκεῖς.

194 2318 319 2379 xm.
338 2302 417 2378 Ὧδέ
429 2336 512 2389 πως·
536 2309 552 2377 6
569 2317 664 2389 λίθος
677 2312 770 2397 σῶμύ
786 2314 869 2390 ἐστι;

195 2414 294 2477 ΑΓΘ.
317 2415 394 2476 Ναί.

192 2514 318 2575 xm.
341 2514 383 2574 Τί
397 2510 436 2574 δέ
441 2536 450 2587 3
472 2505 508 2575 τό
525 2514 608 2598 ζῷον
626 2506 668 2574 ού
685 2514 792 2593 σῶμας

195 2611 292 2672 ΑΓΘ.
314 2612 391 2673 Ναί.

191 2712 316 2773 ποτε.
338 2703 391 2772 Σο
406 2708 442 2775 οὲ
456 2711 555 2796 τρια

192 2810 291 2871 ΑΓΘ.
304 2801 419 2872 Ἔοικα
435 2812 529 2890 γοῦν.

191 2910 317 2970 ΧΡΤΣ.
339 2910 445 2981 Λίθος
459 2902 524 2987 ύρα
538 2902 567 2971 εἴ
583 2911 676 2989 σῶμα
694 2901 750 2970 ύν.

193 3007 289 3068 ΑΓΘ.
313 3006 494 3087 Μηδαμῶς.
517 2999 591 3071 ἀλλ’
607 3003 779 3071 α’νύλυσόν
792 3028 833 3088 με
847 3000 931 3085 πρὸς
951 3010 1012 3069 τοῦ
1022 3011 1107 3080 Διος

107 3100 161 3166 καὶ
176 3101 208 3178 ἐξ
222 3097 372 3184 ὑπαρχῆς
386 3106 526 3184 ποίησον
540 3100 734 3188 ἄνθρωπον.

189 3204 314 3265 xm.
340 3195 391 3264 Θύ
402 3198 562 3284 χαλεπόν·
578 3196 655 3269 ἄλλ’
674 3207 814 3287 ἔμπαλιν
828 3210 900 3269 ίσθι
916 3198 1104 3285 ἅνθρωπος.

106 3296 175 3363 εἰπὲ
192 3298 256 3381 γάρ
268 3321 340 3384 μοι,
356 3304 425 3365 πᾶν
438 3304 533 3385 σῶμα
547 3304 646 3389 ζῷονς
866 3297 867 3300 “

193 3400 288 3463 ΑΓΘ.
313 3395 374 3463 Ού.

903 3489 969 3550 16*
