2550 3825
455 157 767 215 ΕΡΜΟΤΙΜΟΣ.
1051 154 1112 216 337

109 320 224 384 ἐθνεσι
247 315 548 403 περιπλανώμενος.
578 321 684 382 καίτοι
704 317 797 404 πόσφ
814 317 878 382 τινί
893 313 1009 401 βούλει
1023 309 1112 399 ὑψη-

109 417 248 498 λοτέραν
267 414 323 481 καὶ
340 415 532 500 λισσοτέρον
546 418 664 497 δάμεν
685 410 768 479 εἰναι
783 409 845 497 τὴν
859 410 981 495 άκραν,
1005 408 1058 496 ἐφ’
1071 403 1111 497 ἧς
1130 424 1178 479 744

109 508 190 596 ὑμῖν
202 508 223 596 ἡ
236 507 348 596 Ἀρετὴ
364 516 461 596 οἰκεῖ,
482 517 539 594 τῆς
552 506 693 594 Ἀόρνου
708 512 850 596 ἐκείνης,
870 507 913 595 ἣν
934 505 1027 586 ἐντός
1041 505 1112 577 ὀλί-

110 631 180 692 γων
192 604 328 692 ἡμερῶν
339 605 551 690 Ἀλέξανδρος
568 604 651 673 κατά
665 607 786 692 κράτος
804 603 909 689 εἶλενς

193 709 221 771 5.
246 711 348 772 EPM.
375 701 486 771 Οὐδέν
508 702 641 790 ὅμοιον,
664 696 690 770 ά
711 713 852 790 Λυκῖνε,
880 703 954 772 οὐδ’
981 710 1048 772 ἐστι
1072 701 1110 770 τό

110 808 244 888 πρᾶγμα
271 808 442 887 τοιοῦτον,
470 795 542 868 οἷον
563 799 606 868 σύ
634 803 787 888 εἰκάζεις,
814 801 858 882 ὡς
878 801 979 895 ὀλίγφ
1000 802 1110 892 γρόνφ

111 909 379 988 κατεργασθῆναι
394 903 450 970 καὶ
464 898 607 987 ἁλῶναι,
624 899 699 970 οὐδ’
716 899 760 968 άν
776 910 890 988 μυρίοι
902 901 1110 989 Ἀλέξανδροι

110 999 381 1086 προσβάλλωσιν·
404 1002 473 1067 ἐπεὶ
488 1001 603 1068 πολλοὶ
614 995 658 1066 άν
672 1004 707 1068 οῖ
715 998 865 1078 ἀνιόντες
879 993 975 1087 ἦσαν.
997 1008 1062 1067 νῦν
1074 998 1110 1067 δέ

112 1100 305 1185 ἐνάρχονται
320 1101 382 1185 μέν
397 1097 458 1166 οὐκ
471 1097 577 1185 ὀλίγοι
592 1101 680 1185 μάλα
690 1102 883 1186 ἐρρωμένως
899 1104 955 1169 καί
967 1105 1110 1188 προσέρ-

109 1223 222 1284 χονται
235 1199 287 1266 ἐπὶ
298 1198 415 1283 ποσόν,
431 1203 465 1265 οἰ
473 1199 534 1283 μὲν
543 1199 595 1266 ἐπὶ
606 1199 697 1265 πάνυ
708 1195 832 1284 ὀλίγον,
845 1203 878 1266 οί
887 1201 923 1266 δέ
934 1200 986 1267 ἐπὶ
996 1202 1108 1285 πλέον,

109 1291 244 1361 ἐπειδάν
261 1296 296 1361 δέ
317 1291 398 1362 κατά
416 1296 521 1380 μέσην
539 1291 601 1380 τὴν
621 1291 703 1362 ὁδόν
719 1298 880 1380 γένωνται
895 1305 1029 1374 πολλοῖς
1041 1311 1109 1374 τοῖς

109 1389 248 1476 άπόροτς
258 1393 313 1459 καὶ
324 1392 516 1479 δυσχερέσιν
532 1391 787 1477 ἐντυγχάνοντες
797 1389 1066 1460 ἀποδυσπετοῦσί
1073 1417 1108 1458 τε

109 1493 163 1558 καί
184 1488 452 1576 ἀναστρέφουσιν
472 1487 716 1575 ἀσθμαίνοντες
737 1491 792 1557 καί
812 1494 926 1576 ίδρῶτι
944 1489 1106 1576 ῥεόμενοι,
1146 1545 1148 1547 .

110 1586 152 1654 οὐ
167 1593 324 1675 φέροντες
337 1587 398 1656 τόν
414 1588 570 1674 κάματον,
600 1585 674 1655 ὅσοι
689 1585 720 1653 δ’
738 1584 782 1654 άν
803 1593 848 1666 εἰς
863 1590 954 1665 τέλος
971 1592 1108 1669 διακαρ-

110 1685 307 1772 τερήσωσιν,
324 1679 417 1754 οὗτοι
432 1684 515 1773 πρός
529 1685 565 1754 τὸ
579 1682 684 1773 άκρον
699 1685 920 1773 ἀφικνοῦνται
930 1688 986 1753 καί
998 1683 1035 1752 τό
1048 1681 1105 1752 ἀπ’

109 1786 239 1850 ἐκείνου
255 1781 491 1870 εὐδαιμονοῦσι
513 1783 708 1871 θαυμάσιόν
724 1810 800 1851 τινα
820 1789 896 1870 βίον
913 1780 974 1849 τὸν
989 1778 1108 1850 λοιπόν

108 1887 276 1968 βιοῦντες,
292 1877 365 1950 οἷον
379 1883 552 1970 μύρμηκας
569 1880 633 1951 άπὸ
648 1890 708 1951 τοῦ
725 1880 834 1965 ὕψους
850 1882 1108 1959 ἐπισκοποῦντές

109 2004 201 2055 τινας
213 1976 292 2055 τούς
306 1978 435 2059 άλλους.

191 2082 291 2144 ΛΤΚ.
313 2083 442 2161 Παπαῖ,
464 2072 692 2165 ω’Ἑρμότιμε,
714 2078 849 2166 ἡλίκους
863 2078 949 2165 ἡμᾶς
962 2078 1108 2163 άποφαί-

110 2198 193 2255 νεις,
213 2170 291 2247 οὐδὲ
305 2171 387 2241 κατὰ
402 2172 480 2251 τούς
496 2182 692 2261 Πυγμαίους
704 2177 867 2260 ἐκείνους,
889 2173 973 2242 ἀλλὰ
987 2200 1106 2260 χαμαι-
1124 2195 1172 2250 745

109 2285 215 2349 πετεῖς
228 2270 438 2338 παντάπασιν
452 2276 488 2339 έν
501 2279 569 2362 χρῷ
582 2280 640 2359 τῆς
653 2280 721 2359 γῆς.
745 2273 894 2349 εἰκότως·
916 2267 1027 2355 ὑψηλά
1042 2268 1106 2355 γάρ

112 2368 171 2456 ἤδη
190 2382 325 2455 φρονεῖς
341 2372 395 2439 καὶ
412 2369 563 2439 άνωθεν·
585 2369 679 2457 ἡμεῖς
694 2367 733 2457 δὴ
749 2369 766 2438 ὁ
782 2368 947 2455 συρφετός
962 2370 1017 2435 καί
1034 2368 1107 2435 ὅσοι

108 2471 207 2555 χαμαὶ
222 2468 392 2555 ἐρχόμενοι
410 2472 524 2556 ἐσμέν,
547 2468 627 2556 μετά
644 2476 712 2538 τῶν
724 2476 817 2536 θεῶν
831 2470 886 2535 καί
901 2465 987 2553 ὑμᾶς
1002 2488 1107 2554 προσ-

110 2568 274 2654 ευξόμεθα
295 2565 541 2655 ὑπερνεφέλους
556 2571 756 2655 γενομένους
777 2570 832 2635 καὶ
851 2566 1056 2645 άνελθόντας
1076 2561 1110 2635 οἰ

108 2667 210 2733 πάλαι
228 2665 395 2733 σπεύδετε.

190 2772 294 2833 ΕΡΜ.
315 2770 360 2832 Εἰ
366 2762 431 2851 γάρ
442 2768 570 2850 γένοιτο
581 2767 636 2834 καί
648 2762 815 2851 άνελδεῖν,
829 2756 998 2831 οἷΛυκῖνε.
1022 2762 1105 2831 ἀλλά

109 2864 265 2950 πάμπολυ
280 2859 316 2930 τό
334 2862 460 2931 λοιπόν.

190 2970 221 3028 6.
236 2967 334 3031 ΛΤΚ.
347 2958 455 3048 Ὅμως
465 2960 527 3029 οὐκ
539 2968 672 3049 ἔφησθα
683 2961 824 3047 ὁπόσον,
837 2961 881 3041 ὡς
890 2966 1001 3052 χρόνῳ
1011 2987 1106 3046 περι-

107 3067 229 3146 λαβεῖν.
841 3061 844 3066 ’

189 3165 292 3227 ΕΡΜ.
318 3157 403 3227 Οὐδ’
421 3156 521 3237 αὐτὸς
537 3158 600 3245 γάρ
622 3159 711 3245 οἰδα,
732 3152 760 3227 ά
772 3169 913 3244 Λυκῖνε,
936 3156 1103 3244 τάκριβές·

107 3256 223 3339 εἰκάζω
237 3261 348 3344 μέντοι
366 3255 408 3325 οὐ
423 3264 602 3325 πλείωτῶν
616 3266 743 3325 εἰκοσιν
758 3262 839 3327 ἐτῶν
855 3265 1008 3341 ἔσεσθαι,
1024 3250 1101 3338 μεθ’

108 3352 129 3422 ἃ
146 3357 278 3435 πάντως
292 3379 359 3423 που
374 3357 426 3424 ἐπὶ
440 3364 487 3445 τῷ
503 3355 595 3447 άκρφ
610 3357 766 3441 ἐσόμεθα.

191 3466 293 3505 wem«.
316 3451 336 3505 Ι.
737 3447 740 3452 ’
928 3446 969 3507 22
