2550 3825
505 200 703 258 ΑΛΙΕΤΣ.
1043 197 1103 259 251

104 366 189 446 γοῦν
199 361 364 427 καὶτοῦτο
378 351 437 444 ήν,
453 355 497 442 μή
508 363 564 446 βία
574 358 657 442 μηδὲ
672 357 753 423 κατά
765 383 801 424 το
816 360 1031 445 ἰσχυρότερον
1042 383 1105 425 πο-

104 456 293 526 λιτεύεσθαι
301 507 318 545 ,Ι
328 461 402 542 δίκη
417 458 452 522 δὲ
463 453 503 521 τά
516 456 660 540 διάφορα
672 455 870 523 διαλύεσθαι
883 457 1037 533 διδόντας
1047 456 1105 523 λό·

103 581 166 631 γον
181 555 235 622 καὶ
249 554 446 639 δεχομένους
458 555 495 620 ἐν
505 561 550 642 τῷ
563 555 663 637 μέρει.
687 551 770 620 ὥστε
784 552 942 639 δικαστήν
954 552 1105 639 ἑλόμενοι

103 652 349 739 κατηγορήσατε
363 652 424 737 μὲν
443 649 537 736 ὑμεῖς
551 645 573 735 ή
588 649 655 735 ἀμα
671 650 792 726 πάντες
808 645 830 734 ή
844 647 960 716 ὅντινα
980 645 1023 716 ἀν
1037 676 1105 735 χει-

104 750 305 836 ροτονήσητε
320 745 404 832 ὑπὲρ
421 746 596 833 ὑπόντων,
618 746 684 832 ε’γό
701 749 737 814 δὲ
758 745 1007 834 ἀπολογήσομαι
1022 745 1106 832 πρὸς

103 845 144 914 τά
159 847 361 932 ἐγκλήματα,
386 848 440 913 καὶ
459 841 503 931 ήν
520 844 582 930 μὲν
603 843 729 912 ἀδικοῦν
746 851 916 931 φαίνωμαι
936 850 1104 914 καὶτοῦτο

103 944 179 1029 περὶ
192 945 274 1028 ἐμοῦ
285 949 355 1031 γνῷ
366 940 402 1009 τὸ
416 941 645 1028 δικαστήριον,
661 938 771 1026 ὑφέξω
783 941 908 1029 δηλαδή
920 941 982 1029 τήν
993 942 1103 1022 ἀξίαν·

104 1039 198 1127 ὑμεῖς
210 1043 245 1108 δὲ
254 1047 364 1126 βίαιον
373 1037 473 1108 οῦδὲν
485 1039 677 1124 τολμήσετε·
692 1035 734 1123 ήν
745 1040 781 1106 δὲ
791 1037 850 1118 τάς
861 1038 1010 1118 εύθύνας
1020 1037 1106 1107 ὑπο-

24 1219 28 1227 ,
104 1135 193 1223 σχών
206 1133 357 1222 καθαρός
371 1134 452 1223 ὑμῖν
469 1139 524 1203 καί
540 1133 760 1222 ἀνεπίληπτος
775 1134 992 1223 εὑρίσκωμαι,
1017 1134 1107 1222 ἀφή-

105 1242 205 1302 σουσί
221 1260 261 1319 με
283 1239 316 1301 οί
335 1237 499 1316 δικασταί,
524 1231 617 1319 ὑμεῖς
636 1234 673 1300 δὲ
693 1236 727 1311 ἐς
747 1232 826 1312 τούς
842 1234 1106 1321 ἐξαπατήσαντας

103 1330 191 1418 ὑμᾶς
204 1333 258 1399 καὶ
273 1331 523 1415 παροξύναντας
539 1328 620 1398 καθ’
636 1328 733 1417 ήμῶν
751 1329 814 1417 τήν
831 1329 936 1418 ὀργήν
957 1335 1104 1416 τρέψατε.

187 1436 216 1496 9.
239 1436 374 1496 ΠΛΑΤ.
400 1425 498 1495 Τοῦτ’
517 1431 641 1513 ἐκεῖνο,
665 1431 698 1506 ἐς
712 1433 829 1497 πεδίον
843 1427 903 1496 τόν
918 1433 1039 1514 ίππον,
1063 1427 1106 1506 ὡς

103 1529 422 1615 παρακρουσάμενος
432 1528 510 1608 τούς
520 1526 676 1608 δικαστάς
684 1527 846 1617 ἀπέλθῃς·
858 1531 939 1615 φασί
948 1536 1033 1613 γοῦν
1045 1528 1102 1616 ρή-

103 1626 185 1709 τορά
200 1646 237 1693 σε
256 1630 310 1694 καί
326 1627 508 1694 δικανικόν
515 1653 589 1694 τινα
604 1624 688 1693 εἶναι
703 1629 757 1693 καὶ
771 1633 965 1711 πανοῦργον
981 1629 1018 1694 ἐν
1038 1641 1105 1704 τοῖς

104 1725 223 1810 λόγοις.
251 1731 326 1791 τίνα
340 1721 377 1792 δὲ
397 1727 451 1792 καί
467 1721 626 1810 δικαστήν
647 1726 773 1800 ἐθέλεις
790 1725 965 1808 γενέσθαι,
988 1721 1104 1792 ὅντινα

104 1819 148 1909 μή
168 1818 212 1888 σὺ
233 1823 482 1908 δωροδοκήσας,
502 1819 555 1891 οἷα
577 1819 683 1890 πολλά
704 1835 843 1906 ποιεῖτεθ
865 1819 963 1888 ἀδικα
983 1829 1105 1898 πείσεις

106 1919 190 2005 ὑπὲρ
206 1927 268 1987 σοῦ
284 1928 513 2007 ψηφίσασθαις

188 2025 319 2086 ΛΟΤΚ.
337 2025 493 2103 Θαρρεῖτε
504 2020 625 2086 τούτου
635 2045 674 2104 γε
687 2022 800 2087 ἕνεκα·
822 2016 943 2085 οῦδίνα
953 2023 1105 2084 τοιοῦτον

105 2112 273 2200 διαιτητήν
294 2114 445 2183 ὕποπτον
458 2112 480 2201 ή
495 2115 683 2202 ἀμφίβολον
697 2113 871 2201 ἀξιώσαιμ’
888 2111 932 2182 ἀν
946 2117 1103 2200 γενέσθαι
1121 2133 1172 2188 578

103 2212 159 2279 καὶ
170 2210 258 2289 ὅστις
266 2208 474 2298 ἀποδώσεταί
482 2239 539 2298 μοι
547 2211 609 2298 τήν
619 2220 741 2297 ψήφου.
757 2210 855 2298 ὁρᾶτε
864 2219 961 2297 γοῦν,
972 2209 1033 2295 τήν
1042 2218 1103 2276 Φι-

104 2314 268 2393 λοσοφίαν
283 2306 389 2394 αὑτήν
405 2307 485 2393 μεθ’
499 2308 594 2395 ὑμῶν
610 2310 805 2393 δικάστριαν
818 2315 978 2392 ποιοῦμαι
992 2312 1105 2391 ἔγωγε.

188 2414 283 2475 ΠΛΑ
288 2415 323 2473 Τ.
347 2412 412 2475 Καὶ
431 2412 485 2485 τίςΙ
495 2404 539 2473 ἀν
553 2408 824 2493 κατηγορήσειεν,
847 2415 882 2474 εί
891 2431 930 2491 γε
944 2401 1042 2490 ’ἡμεῖς
1057 2408 1108 2470 δι-

104 2507 268 2593 κάσομεν;

188 2611 318 2673 ΛΟΤΚ.
343 2608 387 2672 OC
400 2602 495 2673 αὐτοὶ
514 2618 725 2690 κατηγορεῖτε
744 2604 799 2670 καὶ
818 2601 978 2681 δικάζετε·
1004 2597 1105 2669 οῦδὲν

104 2700 183 2774 οὑδὲ
197 2711 294 2773 τοῦτο
313 2705 414 2772 δέδια.
442 2711 604 2771 τοσοῦτον
618 2700 797 2786 ὑπερφέρω
813 2714 880 2778 τοῖς
897 2704 1035 2775 δικαίοις
1051 2700 1104 2766 καί

104 2804 140 2869 ἐκ
155 2808 347 2887 περιουσίας
363 2799 637 2887 ἀπολογήσασθαι
652 2798 887 2885 ὑπολαμβάνω.
1063 2813 1067 2820 ’

189 2905 237 2966 10.
260 2905 394 2966 ΠΛΑΤ.
420 2904 462 2965 Τί
475 2906 638 2984 ποιῶμεν,
656 2889 683 2963 ἀ
693 2894 881 2981 Πυθαγόρα
894 2897 949 2963 καὶ
960 2895 1104 2982 Σύαρα·

104 3021 172 3077 τες;
195 3002 282 3064 ἔοικε
296 2995 360 3081 γὰρ
375 2995 437 3064 οῦκ
453 2996 556 3082 ἀλογα
573 2994 590 3062 ὁ
607 2991 693 3079 ἀνήρ
708 3002 949 3078 προκαλεῖσθαι
964 2991 1074 3074 ἀξιῶν.

187 3101 295 3162 M.
321 3100 363 3162 Τί
383 3092 415 3161 δ’
434 3090 550 3180 ἀλλοή
571 3096 754 3181 βαδίζόνμεν
773 3093 826 3160 ἐπὶ
841 3089 878 3159 τό
894 3092 1105 3177 δικαστήριον

104 3192 158 3264 καὶ
176 3190 238 3278 τήν
256 3199 463 3277 Φιλοσοφίαν
479 3191 728 3277 παραλαβόντες
748 3188 944 3274 ἀκούσωμεν
966 3186 985 3254 ό
1000 3217 1031 3256 τι
1051 3192 1106 3257 καὶ

104 3288 360 3378 ἀπολογήσεται·
380 3287 418 3357 τό
430 3287 495 3375 πρό
507 3294 600 3375 δίκης
609 3288 674 3376 γάρ
686 3287 747 3374 οὑχ
757 3287 927 3375 ἡμέτερον,
943 3285 1026 3357 ἀλλά
1038 3292 1107 3356 δει·

105 3396 170 3467 νοῦς
185 3390 369 3474 ἰδιωτικόν,
385 3386 530 3477 ὀργίλων
540 3396 642 3457 τινῶν
653 3387 847 3474 ἀνθρώπων
861 3388 916 3454 καὶ
929 3385 965 3453 τό
978 3389 1107 3454 δίκαιον
