2550 3825
334 183 579 242 ΝΕΚΡΙΚΟΙ
600 186 860 248 ΛΙΑΛΟΓΟΙ.
1037 181 1099 249 145

584 387 613 452 7.

168 513 504 569 ειεαοοεαυου
527 520 609 571 πει
635 518 1028 576 mmmmm.

185 663 213 726 1.
236 668 341 731 ΖΗΝ.
366 662 421 730 Σο)
439 664 491 748 δέ,
517 654 804 750 οἷΚαλλιδημίδη,
826 672 896 743 πῶς
916 663 1101 743 ἀπέθανες;

99 757 165 839 ἐγώ
188 759 250 842 μὲν
272 757 336 845 γάρ
353 758 403 829 ότι
419 762 598 846 παράσιτος
615 756 664 827 ἀν
681 768 821 828 Δεινίου
837 766 937 829 πλέον
950 768 1012 830 τοῦ
1027 766 1102 830 ίκα-

99 861 164 922 νοῦ
184 856 343 942 ἐμφαγοδν
364 859 564 947 ἀπεπνίγην,
583 861 700 928 οἶσθα·
732 867 839 947 παρῆς
860 859 924 946 γάρ
947 859 1102 947 ἀποθνή-

100 962 218 1023 σκοντί
230 982 296 1042 μοι.

184 1073 286 1135 ΚΑΛ.
306 1077 442 1156 Παρῆν,
467 1063 493 1137 ἀ
509 1071 722 1157 Ζηνόφαντε·
750 1069 787 1139 τό
805 1072 841 1140 δὲ
856 1071 937 1158 ἐμόν
951 1073 1102 1159 παράδο-

101 1165 161 1244 ξόν
175 1191 206 1231 τι
227 1169 364 1251 ἐγένετο.
398 1167 497 1237 οἶσθα
516 1167 581 1255 γάρ
596 1171 652 1237 καὶ
669 1168 712 1237 σά
733 1194 800 1238 που
813 1170 1029 1259 Πτοιόδωρον
1043 1167 1103 1238 τόν

99 1266 257 1349 γέροντας

184 1370 289 1431 ΖΗΝ.
313 1361 382 1431 Τόν
398 1363 553 1449 άτεκνον,
569 1363 629 1433 τόν
643 1366 823 1452 πλούσιον,
844 1359 872 1456 ᾧ
889 1387 926 1435 σε
939 1366 979 1435 τά
996 1366 1102 1436 πολλὰ

99 1460 195 1548 ᾔδειν
211 1461 365 1529 συνόντα.

185 1581 288 1642 ΚΑΛ.
304 1572 450 1643 Ἐκεῖνον
466 1573 571 1642 αάτόυ
586 1575 637 1644 ἀεὶ
655 1578 863 1662 ἐθεράπευον
878 1574 1103 1663 ὑπισχνούμε-

101 1695 163 1737 νου
180 1669 231 1738 ἐπ’
249 1673 319 1758 ἐμοὶ
339 1674 568 1760 τεθνήξεσθαι.
597 1678 667 1744 ἐπεὶ
684 1678 720 1744 δὲ
739 1672 776 1745 τό
793 1683 927 1763 πρᾶγμα
950 1678 983 1754 ἐς
1002 1676 1102 1761 μήκι-
1120 1693 1172 1748 35⁶

101 1790 182 1837 στου
197 1773 363 1856 ἐπεγίνετο
379 1776 434 1841 καὶ
449 1771 533 1857 ὑπὲρ
545 1772 604 1842 τόν
619 1772 809 1843 Τιθωνόνό
826 1777 934 1861 γε’ρυυ
948 1779 1018 1860 ἔζη,
1032 1775 1103 1840 ἐπί·

101 1871 206 1955 τομόυ
221 1897 295 1939 τινα
311 1869 394 1940 ὁδόν
404 1875 456 1942 ἐπὶ
467 1871 527 1942 τόν
538 1880 662 1961 κλῆρον
673 1877 824 1964 ἐξεῦρον·
846 1874 1028 1961 πριάμενος
1038 1869 1103 1958 γάρ

101 1970 282 2055 φάρμακον
306 1968 463 2039 ἀνέπεισα
489 1970 549 2040 τόν
573 1975 742 2061 οἰνοχόον,
767 1974 901 2043 ἐπειδάν
926 1972 1059 2059 τάχιστοι
1085 1969 1102 2038 ὁ

101 2068 313 2155 Πτοιόδωρος
333 2072 449 2160 αἰτήσῃ
467 2088 570 2158 πιείν,
581 2114 625 2125 -
639 2080 726 2141 πίνει
747 2074 783 2141 δέ
799 2076 949 2150 ἐπιεικῶς
965 2071 1104 2156 ζωρότε-

102 2190 164 2250 ρον
176 2205 220 2216 -
234 2168 419 2254 ἐμβαλόντα
435 2173 468 2247 ἐς
481 2171 601 2239 κάλικα
614 2174 747 2257 ἕτοιμον
764 2176 851 2256 ἔχειν
864 2168 946 2237 αὐτό
964 2172 1019 2237 καὶ
1033 2172 1104 2236 ἐπι-

102 2267 221 2332 δοῦναι
236 2263 344 2353 αὐτῷ·
367 2273 396 2335 εί
409 2270 445 2335 δὲ
461 2276 558 2337 τοῦτο
575 2270 760 2356 ποιήσειεν,
778 2268 959 2353 ἐλεύθερον
973 2269 1104 2351 ἐπωμο-

101 2361 214 2449 σάμην
230 2360 374 2449 ἀφήσειν
390 2365 502 2435 αὐτόν.

186 2470 291 2530 ΖΗΝ.
328 2471 370 2532 Τί
390 2460 454 2533 οὖν
477 2468 622 2553 ἐγίνετο;
655 2466 746 2533 πάνυ
769 2463 834 2549 γάρ
859 2489 891 2530 τι
915 2459 1103 2546 παράδοξον

102 2562 192 2645 ἐρείν
206 2566 324 2641 ἔοικας.

186 2681 216 2742 2.
240 2683 341 2745 ΚΑΛ.
369 2674 455 2745 Ἐπεὶ
470 2684 585 2745 τοίνυν
600 2676 801 2762 λουσάμενοι
816 2673 958 2760 ἥκομεν,
983 2672 1044 2741 δόο
1062 2673 1102 2761 δὴ

100 2770 120 2842 5
135 2780 344 2860 μειρακίσκος
360 2775 497 2853 κύλικας
514 2778 664 2861 ἑτοίμους
676 2780 758 2859 ἔχων
773 2769 834 2859 τὴν
848 2773 910 2858 μὲν
924 2780 969 2862 τῷ
981 2779 1104 2841 Πτοιο-

101 2873 199 2962 δώρῳ
220 2869 281 2958 τὴν
302 2877 443 2957 ἔχουσαν
463 2872 500 2939 τό
523 2872 716 2960 φάρμακον,
740 2870 802 2957 τὴν
825 2872 861 2938 δὲ
887 2871 1001 2960 ἑτέραν
1020 2875 1102 2958 ἐμοί,

100 2972 238 3056 σφαλεὶς
261 2968 322 3037 οὐκ
342 2967 405 3037 οἶδ’
428 2968 518 3049 ὅπως
539 2974 611 3056 ἐμοὶ
626 2976 689 3056 μὲν
708 2969 745 3038 τό
764 2971 956 3058 φάρμακον,
979 2978 1103 3038 Πτοιο-
1121 2990 1172 3045 357

101 3071 199 3162 δόρμ
214 3073 250 3139 δὲ
261 3069 297 3139 τό
310 3068 530 3156 ἀφάρμακτον
541 3076 682 3139 ἔδωκεν·
705 3068 773 3137 εἶτα
787 3066 805 3136 ὁ
818 3070 880 3155 μὲν
890 3075 1021 3155 ἔπινεν,
1039 3068 1103 3155 ἐγοδ

102 3171 138 3238 δὲ
153 3164 272 3238 αὐτίκα
282 3170 370 3255 μάλα
385 3170 525 3257 ἐκτάδην
537 3173 670 3254 ἐκείμην
683 3165 920 3256 ἀποβολιμαῖος
934 3164 1006 3235 ἀντ’
1020 3170 1105 3237 ἐκεί-

100 3294 164 3336 νου
178 3267 306 3353 νεκρός.
327 3275 359 3336 τί
370 3275 468 3335 τοῦτο
483 3274 596 3357 γελᾷς,
616 3258 643 3333 ιό
656 3266 870 3351 Ζηνόφαντες
891 3263 1026 3353 καὶμὴν
1040 3263 1103 3335 οάιι

4 3372 10 3388 ’
100 3371 167 3434 ἔδει
183 3391 222 3452 γε
238 3369 354 3456 ἑταίρῳ
369 3363 466 3451 ἀνδρί
480 3368 642 3451 ἐπιγελᾶν

184 3477 290 3515 wem«.
311 3460 332 3515 1.
927 3455 966 3514 10
