2550 3825
166 160 226 221 1⁶2
517 160 825 219 AOYKIANOT

164 318 374 405 τριπτότατος
389 318 445 386 ἀν,
469 320 524 403 ἐμὲ
534 318 641 403 μόνον
656 324 755 385 ἔασον
765 317 804 385 τά
822 316 1064 401 Ἀριστοτέλους
1079 322 1161 387 εἰδέ-

164 444 236 502 ναι,
254 414 317 483 ὅσα
333 418 394 502 μὲν
408 415 508 505 ᾔτησε
521 412 598 499 παρ’
615 419 713 501 ἐμοῦ,
729 411 782 483 οἷα
794 417 830 483 δὲ
844 418 1050 501 ἐπέστελλεν,
1067 414 1111 495 ὡς
1125 418 1162 485 δέ

164 515 341 600 κατεχρῆτό
352 540 418 600 μου
433 520 473 602 τῇ
489 517 563 596 περὶ
581 518 732 582 παιδείαν
747 521 915 603 φιλοτιμίᾳ
927 516 1095 583 θωπεύων
1108 517 1162 582 καὶ

164 615 310 680 ἐπαινῶν
326 611 401 696 ἀρτι
420 613 482 697 μὲν
502 609 586 695 πρός
606 610 645 679 τό
663 614 798 699 κάλλος,
820 609 863 689 ὡς
879 614 1047 681 καὶτοῦτο
1064 614 1162 698 μέρος

163 707 206 777 όν
218 708 387 795 τάγαθοῦ,
401 709 476 793 άρτι
491 707 639 787 δὲέςτάς
650 710 783 794 πράξεις
795 707 920 777 καὶτὸν
930 717 1084 777 πλοῦτον.
1107 710 1162 777 καὶ

163 806 227 894 γάρ
242 801 288 876 αὖ
301 810 356 877 καί
369 816 467 877 τοῦτο
479 805 612 892 ἀγαθόν
620 805 731 893 ἡγεῖτο
748 806 847 891 εἶναι,
863 804 907 885 ἀς
916 804 960 893 μὴ
972 808 1160 893 αἰσχύνοιτο

162 909 217 975 καί
231 904 331 985 αύτδς
348 907 546 993 λαμβάνων·
567 906 664 992 γόης,
682 898 709 972 ἀ
722 905 898 989 Διόγενες,
914 904 1094 989 ἀνθρωπος
1108 906 1162 972 καὶ

163 1011 316 1089 τεχνίτης.
339 1002 427 1089 πλὴν
438 1003 522 1072 ἀλλά
534 1004 633 1071 τοῦτό
645 1030 683 1088 γε
696 1000 906 1071 ἀπολέλαυκα
920 1002 1024 1071 αὐτοῦ
1034 1010 1092 1087 τῆς
1103 1021 1162 1069 σο-

93 1120 146 1176 σθε
165 1108 258 1186 φίας,
282 1099 515 1169 τὸλυπεῖσθαι
537 1098 581 1178 ὡς
601 1102 654 1168 ἐπὶ
671 1106 835 1185 μεγίστοις
856 1099 996 1185 ἀγαθοῖς
1013 1103 1161 1178 ἐκείνοις.

163 1197 185 1265 ἀ
197 1199 436 1285 κατηριθμήσω
450 1204 558 1286 μικρῷ
573 1222 612 1281 γε
626 1202 824 1282 ἔμπροσθεν.

120 1351 123 1362 .
245 1306 274 1365 6.
296 1303 416 1366 ΔΙΟΓ.
436 1293 523 1363 Ἀλλ’
538 1293 637 1363 οἶσθα
655 1293 675 1363 δ
694 1296 840 1380 δράσεις;
860 1296 938 1375 ἀκος
957 1298 1021 1383 γάρ
1038 1318 1091 1364 σοι
1104 1303 1162 1381 τῆς

161 1395 268 1480 λύπης
282 1392 506 1479 ὑποθήσομαι.
535 1395 605 1461 ἐπεὶ
620 1392 767 1461 ἐνταῦθά
783 1419 822 1479 γε
837 1396 1007 1481 ἐλλέβορος
1023 1394 1065 1461 οό
1076 1394 1150 1479 φύε-

162 1519 232 1577 ται,
252 1489 296 1558 σύ
314 1493 350 1559 δὲ
371 1487 436 1559 κάν
450 1488 488 1558 τδ
505 1491 623 1576 Λήθης
645 1488 737 1574 ὕδωρ
753 1489 1162 1576 χανδδνέπισπασάμενος

164 1596 216 1658 πίε
238 1592 292 1658 καὶ
307 1583 407 1668 αὖθις
429 1596 482 1657 πίε
498 1592 552 1657 καί
572 1588 747 1667 πολλάκις·
777 1590 881 1667 οὕτως
897 1586 961 1675 γάρ
976 1587 1088 1675 παύση
1108 1586 1161 1653 ἐπὶ

162 1701 230 1765 τοῖς
242 1684 481 1771 Ἀριστοτέλους
497 1683 636 1771 ἀγαθοῖς
648 1684 841 1771 ἀνιοέμενος.
870 1687 925 1754 καὶ
939 1682 1003 1770 γάρ
1020 1692 1160 1751 Κλεῖτον

162 1787 291 1850 ἐκείνου
305 1779 373 1867 δρῶ
388 1784 442 1849 καί
453 1786 687 1869 Καλλισθένην
701 1788 755 1851 καί
771 1781 892 1862 ἀλλους
905 1780 1049 1861 πολλοὺς
1060 1784 1112 1848 ἐπὶ
1122 1781 1160 1847 σὲ

162 1878 351 1966 ὁρμῶντας,
370 1876 414 1957 ὡς
428 1881 667 1947 διασπάσαιντο
682 1885 736 1950 καί
750 1878 933 1968 ἀμύναιντό
948 1900 985 1948 σε
999 1870 1048 1948 ἀν
1061 1882 1160 1964 ἐδρα-
1256 1953 1265 1962 ,

161 1999 221 2056 σας
235 1978 367 2055 αὐτούς.
393 1975 476 2044 ὥστε
489 1975 551 2063 την
566 1980 681 2063 ἑτέραν
697 1977 740 2045 σύ
756 1980 880 2064 ταύτην
894 1979 1002 2064 βάδιζε
1017 1978 1071 2044 καὶ
1084 1989 1160 2044 πῖνε

161 2076 334 2160 πολλάκις,
350 2072 394 2153 ὡς
408 2080 502 2161 ἔφην.

558 2222 761 2234 mun-—

635 2326 684 2389 14.

304 2438 555 2492 οιλιπποπ
577 2441 660 2491 πλε
682 2435 1016 2496 κλεπλααεου.

246 2579 274 2641 l.
296 2580 385 2641 ΦΙΛ.
413 2579 492 2639 Νῦν
511 2575 588 2658 μέν,
609 2564 637 2638 οέ
656 2569 864 2655 Ἀλέξανδρε,
882 2567 944 2637 οὐκ
964 2565 1007 2636 ἀν
1025 2574 1160 2653 ἔξαρνος

92 2691 143 2746 395
161 2677 272 2758 γένοιο
294 2669 338 2756 μη
355 2667 416 2736 οὐκ
438 2669 514 2756 ἐμός
534 2668 608 2749 υίδς
627 2668 730 2737 εἶναι·
760 2668 801 2736 ού
822 2666 886 2754 γάρ
908 2663 951 2734 ἀν
973 2670 1160 2756 ἐτεθνήκεις

159 2768 334 2856 ’Ἀμμωνός
348 2794 386 2853 γε
404 2767 461 2835 τόν.

244 2871 370 2943 ΑΛΕΞ.
394 2863 478 2933 ούδ’
498 2864 598 2946 αὐτὸς
610 2865 776 2953 ἠγνόουν,
796 2859 958 2953 ὦπάτερ,
979 2863 1022 2945 ἀς
1039 2874 1160 2934 Φιλίπ·

160 2990 226 3033 που
240 2970 300 3031 τοῦ
311 2961 475 3048 Ἀμύνταν
489 2963 563 3042 υίός
574 2970 655 3049 είμι,
670 2961 742 3032 ἀλλ’
758 2965 918 3050 ἐδεξάμην
935 2962 971 3031 τδ
987 2962 1160 3050 μάντευμα

161 3060 205 3141 ὡς
218 3062 379 3148 χρήσιμον
391 3062 424 3138 ἐς
436 3058 476 3127 τά
492 3062 667 3147 πράγματα
686 3062 837 3147 οίόμενος
851 3060 945 3130 εἶναι.

243 3166 331 3230 ΦΙΛ.
368 3164 410 3226 Τί
427 3162 548 3244 λέγεις;
569 3160 731 3247 χρήσιμον
744 3159 851 3228 ἐδόκει
873 3180 926 3226 σοι
944 3185 981 3226 το
1005 3167 1159 3247 παρέχειν

161 3255 301 3328 σεαυτόν
317 3257 651 3344 ἐξαπατηθησόμενον
663 3256 729 3326 ὑπὸ
744 3267 811 3326 τεᾶν
825 3267 1024 3345 προφητῶνς

242 3363 368 3436 ΑΔΕΒ.
394 3353 445 3425 Ού
460 3363 574 3439 τοῦτο,
589 3353 664 3423 ἀλλ’
682 3361 716 3425 οί
725 3357 889 3444 βάρβαροι
907 3357 1160 3443 κατεπλάγησάν
