2550 3825
181 144 244 205 240
535 150 835 209 AOYKIANOY

264 311 317 373 20.
339 313 464 374 ΖΕΥΣ.
479 305 601 375 ’Ἀλλον
616 308 727 393 κάλει,
743 305 803 375 τόν
818 312 854 375 ἐν
864 314 933 398 χρῷ
946 315 1088 395 κουρίαν
1099 308 1179 387 ἐκεί-

182 428 261 490 νου,
276 404 335 471 τόν
350 404 573 490 σκυθρωπόν,
588 402 649 472 τόν
663 402 727 470 άπὸ
744 414 801 490 τῆς
815 413 921 483 στοᾶς.

265 509 368 570 ΕΡΜ.
391 496 444 571 Εὖ
457 504 577 589 λέγεις·
600 506 724 570 ἐοίκασι
739 510 825 588 γοῦν
835 503 922 572 πολύ
936 531 968 570 τι
982 511 1111 589 πλῆθος
1121 502 1183 571 αύ-

181 598 241 668 τόν
256 604 446 687 περιμένειν
459 610 528 669 τῶν
548 604 601 669 ἐπὶ
616 599 678 688 τὴν
696 599 824 688 ἀγοράν
841 600 1090 687 ἀπηντηκότων.
1121 600 1185 669 αύ-

182 696 320 785 τὴντὴν
342 697 463 786 άρετὴν
484 708 601 784 πωλῶ,
622 707 691 765 τῶν
712 707 796 786 βίων
816 697 875 768 τόν
891 701 1107 768 τελειότατον.
1137 706 1185 777 τίς

183 796 290 862 πάντα
306 797 409 881 μόνος
428 801 551 865 εἰδέναι
566 800 675 873 θέλει;

267 900 364 963 ΑΓΘ.
387 902 465 973 Πῶς
478 901 576 963 τοῦτο
591 895 674 980 φής;

265 999 369 1060 ΕΡΜ.
385 990 456 1060 Ὅτι
470 994 573 1079 μόνος
588 986 687 1071 οὗτος
701 992 821 1078 σοφός,
838 991 941 1078 μόνος
952 991 1067 1076 καλός,
1082 990 1183 1076 μόνος

114 1103 166 1157 560
183 1096 310 1168 δίκαιος
331 1087 483 1176 άνὸρεῑος
503 1090 659 1178 βασιλεύς
682 1094 792 1181 ῥήτωρ
818 1092 977 1169 πλούσιος
1001 1094 1184 1177 νομοθέτης

183 1194 238 1257 καὶ
253 1185 293 1256 τά
310 1186 395 1256 άλλα
408 1185 515 1255 ὁπόσα
529 1192 627 1256 ἐστίν.

266 1293 366 1355 ΑΓΘ.
391 1283 544 1373 Οὐκοῦν,
563 1280 692 1373 ὦγαθέ,
710 1290 764 1355 καὶ
777 1287 933 1373 μάγειρος
942 1286 1060 1372 μόνος,
1077 1287 1131 1353 καλ
1141 1283 1181 1370 νὴ
1268 1362 1269 1375 ,

182 1389 248 1452 Δία
261 1409 300 1470 γε
317 1384 521 1466 σκντοόεψός
534 1387 589 1452 καὶ
602 1387 726 1451 τέκτων
740 1386 794 1453 καὶ
808 1383 848 1451 τά
863 1392 1015 1467 τοιαύτας

266 1489 371 1549 ΕΡΜ.
386 1478 526 1550 Ἔοικεν.

267 1587 317 1649 21.
338 1588 439 1649 ΑΓΘ.
458 1578 570 1666 Ἐλθέ,
591 1572 721 1664 ὦγαθέ,
737 1582 791 1646 καί
801 1582 875 1664 λέγε
886 1577 969 1663 πρός
979 1584 1039 1647 τὸν
1054 1576 1183 1665 ω’νητην
1269 1610 1270 1635 1

183 1678 239 1761 ἐμὲ
249 1676 343 1755 ποῖός
357 1704 407 1755 τις
421 1676 465 1761 εἷ,
480 1678 535 1745 καὶ
545 1684 678 1762 πρῶτον
692 1682 722 1743 εί
735 1674 797 1743 οὐκ
813 1674 901 1764 ἄχθη
915 1677 1183 1762 πιπρασκόμενος

185 1776 239 1841 καὶ
255 1777 373 1851 δοῦλος
391 1773 448 1841 ὤν.

266 1876 539 1939 ΧΡῬΣΙΠΠΟΣ.
571 1867 749 1956 Οὐδαμῶς·
773 1867 814 1938 ού
832 1866 895 1956 γάρ
914 1866 969 1955 ἐφ’
984 1866 1064 1956 ἡμῖν
1081 1874 1177 1936 ταῦτα

185 1970 283 2034 ἐστιν.
307 1965 369 2034 ὅσα
383 1968 419 2035 δὲ
434 1967 495 2035 οὐκ
507 1966 562 2054 ἐφ’
575 1967 669 2055 ἡμῖν,
687 1967 855 2054 ἀδιάφορα
867 1966 952 2036 εἶναι
962 1974 1177 2055 συμβέβηκεν.

265 2072 364 2135 ΑΓΟ,
389 2063 440 2133 Οὐ
454 2066 617 2152 μανθάνω
631 2061 653 2157 ᾖ
669 2071 724 2136 καὶ
738 2072 851 2154 λέγεις.

266 2171 390 2234 xm.
416 2173 458 2233 Τί
470 2165 552 2252 φής;
574 2163 614 2232 ού
629 2166 815 2251 μανθάνεις
827 2164 876 2232 ὅτι
890 2173 958 2232 τῶν
971 2167 1133 2232 τοιούτων
1143 2162 1180 2231 τά

182 2261 243 2346 μέν
258 2262 324 2328 ἐστι
340 2264 548 2349 προηγμένα,
565 2260 605 2329 τά
621 2259 653 2328 δ’
670 2267 810 2348 ἔμπαλιν
824 2259 1098 2348 άποπροηγμένας

265 2365 366 2429 ΑΓΘ.
389 2361 478 2429 Οὐδὲ
492 2368 558 2428 νύν
571 2360 746 2446 μανθάνω.

114 2467 163 2521 561
266 2464 393 2524 ΧΡΡΣ.
414 2459 576 2536 Εἰκότως·
599 2454 641 2524 ού
653 2453 717 2543 γάρ
730 2453 761 2522 εἶ
773 2456 925 2541 συνήθης
937 2471 1005 2535 τοῖς
1014 2454 1183 2542 ἡμετέροις

183 2551 345 2640 ὀνόμασιν
362 2553 440 2622 οὐδὲ
456 2554 518 2642 τὴν
534 2554 778 2641 καταληπτικὴν
796 2559 982 2640 φαντασίαν
998 2560 1096 2640 ἔχεις,
1112 2554 1129 2623 ὁ
1147 2556 1182 2622 δὲ
1242 2549 1248 2566 ’

182 2657 361 2730 σπουδαῖος
380 2650 397 2719 ὁ
419 2652 480 2739 την
502 2652 642 2739 λογικὴν
662 2660 810 2737 θεωρίαν
831 2649 990 2737 ἐκμαθάν
1013 2650 1054 2718 οὐ
1076 2653 1182 2738 μόνον

183 2757 285 2815 ταῦτα
297 2748 403 2836 οἶδεν,
420 2749 504 2819 άλλά
515 2755 570 2818 καί
585 2754 741 2838 σύμβαμα
758 2755 811 2818 καὶ
822 2750 1069 2838 παρασύμβαμα
1086 2749 1181 2819 ὁποῖα

182 2849 236 2913 καὶ
249 2844 375 2913 ὁπόσον
391 2845 545 2935 άλληλων
558 2852 716 2936 διαφέρει.

265 2952 365 3013 ΑΓΟ.
392 2945 483 3032 Πρός
503 2956 560 3034 τῆς
580 2956 714 3034 σοφίας,
741 2946 785 3034 μη
808 2948 983 3036 φθονησης
999 2943 1064 3013 κάν
1083 2953 1181 3013 τοῦτο

183 3050 302 3129 εἰπεῖν,
318 3051 352 3111 τί
362 3044 398 3112 τό
417 3048 574 3133 σύμβαμα
588 3049 643 3114 καὶ
661 3054 694 3114 τί
704 3045 741 3116 τὸ
758 3047 1020 3134 παρασύμβαμα·
1048 3043 1181 3131 καὶγὰρ

182 3138 243 3208 ούκ
260 3138 326 3209 οἷδ’
340 3141 429 3223 ὅπως
446 3147 593 3232 ἐπλήγην
610 3143 676 3212 ὑπὸ
693 3153 754 3213 τοῦ
765 3149 900 3232 ῥυθμοῦ
915 3151 982 3212 τῶν
997 3142 1179 3229 ὀνομάτων.

263 3249 391 3310 xm.
409 3240 494 3310 Ἀλλ’
511 3242 619 3321 οὐδεὶς
635 3244 783 3330 φθόνος·
810 3241 854 3332 ἦν
868 3244 931 3331 γάρ
947 3271 995 3320 τις
1012 3239 1118 3328 χωλός
1134 3239 1181 3310 ὢν

182 3337 278 3430 αὐτῷ’
292 3343 406 3432 ἐκείνω
428 3351 472 3423 τῷ
490 3349 585 3430 χωλῷ
609 3346 686 3411 ποδὶ
708 3352 931 3427 προσπταίσας
951 3350 1036 3430 λίθῳ
1053 3347 1181 3426 τραῦμα
