2550 3825
172 145 235 208 306
522 151 829 209 ΛΟΤΚΙΑΝΟΤ

173 307 265 376 πάνυ
275 311 480 394 γλιχομένοις
491 307 585 393 μόλις
595 303 640 372 ἀν
651 309 780 392 γίνοιτο
790 307 882 393 παρά
893 318 950 396 τῆς
961 310 1078 398 Τύχης,
1089 313 1179 396 λέγω

174 406 226 488 δέ,
244 401 371 488 ὁμιλίας
385 403 568 490 ἀξιωθῆναι
584 407 639 472 καὶ
653 407 759 483 ἑστίας
774 415 977 493 κοινωνῆσαι
997 411 1050 476 καὶ
1065 409 1098 486 ἐς
1114 414 1179 492 τὴν

174 499 309 587 πρύτην
323 508 432 570 οἰκίαν
445 509 513 569 τῶν
528 505 565 569 ἐν
580 509 619 588 τῇ
631 500 799 588 Ῥωμαίων
817 502 901 592 ἀρχῇ
915 509 1174 591 καταδεχθῆναι·

173 605 271 666 τοῦτο
282 596 347 684 γάρ
359 596 443 685 ὑπὲρ
453 596 494 666 τά
506 607 656 682 Κροίσου
670 601 815 668 τόλαντα
829 600 954 671 καὶτὸν
965 609 1058 672 Μίδα
1069 609 1179 671 πλοῦ·

173 724 249 785 τον,
265 705 296 767 εί
309 715 498 785 σωφρονεῖν
512 697 622 768 οἶσθα.
644 698 739 779 είδύς
752 702 789 769 δὲ
801 702 947 782 πολλούς
962 710 1029 770 τῶν
1045 700 1179 770 εὐδοκί-

174 823 247 882 μων
257 796 480 885 ἐθελήσαντας
494 795 552 883 ἀν,
571 805 601 866 εί
609 801 664 866 καὶ
675 801 893 884 προσδιδόναι
903 804 989 887 δέοι,
1004 799 1109 887 μόνης
1118 803 1179 882 τῆς

175 896 271 980 δόξης
280 897 377 964 ἕνεκα
388 911 538 964 συνεῖναι
549 897 657 984 τούτῳ
668 899 723 964 καλ
734 892 879 981 ὁρᾶσθαι
889 901 964 983 περὶ
976 895 1080 965 αὐτόν
1091 897 1178 962 ἑταί-

175 1019 255 1080 ρους
277 997 331 1061 καλ
349 1002 468 1081 φίλους
485 993 569 1062 εἶναι
590 999 788 1078 δοκοῦντας,
810 995 873 1063 οὐκ
887 1002 949 1082 ἔχω
964 995 1054 1072 ὅπως
1067 1012 1104 1059 σε
1119 998 1177 1077 τῆς

175 1089 352 1177 εὐποτμίας
364 1099 552 1179 μακαρίσω,
574 1085 610 1170 ἀς
630 1095 685 1161 καὶ
705 1102 880 1181 προσληψρ
895 1091 1021 1179 μισθόν
1035 1098 1093 1177 τῆς
1106 1115 1177 1156 τοι-

175 1189 278 1274 αύτης
289 1186 508 1276 εὐδαιμονίας.
531 1189 647 1274 ἀρκεῖν
657 1183 722 1257 οὐν
733 1196 871 1276 νομίζω,
889 1188 972 1276 είμὴ
985 1188 1077 1256 τάνν
1088 1185 1178 1254 ἀσω-

105 1293 156 1350 677
174 1312 230 1365 τος
244 1284 288 1372 εἰ,
303 1289 441 1356 τοσόνδε
455 1315 487 1356 τι
504 1328 543 1340 -
561 1285 665 1355 είπύν
682 1287 852 1373 ἐλόχιστον
866 1290 921 1356 καί
936 1287 1077 1372 μάλιστα
1093 1281 1177 1368 πρός

173 1381 232 1462 τάς
245 1381 306 1460 σάς
322 1389 448 1463 ἐκείνας
464 1389 596 1463 ἐλπίδας
610 1427 662 1451 -.
695 1390 747 1453 21.
769 1383 904 1471 ἀγαπᾶν
919 1383 949 1452 δ’
968 1383 1057 1470 ὅμως
1072 1380 1177 1467 ἀναγ-

174 1494 285 1548 καῖον·
304 1480 345 1549 οὐ
360 1483 424 1568 γάρ
439 1481 513 1551 οὐδ’
530 1479 574 1550 ἀν
585 1498 708 1570 φυγεῖν
722 1489 770 1551 ἐτι
780 1505 832 1552 σοι
848 1482 994 1552 δυνατόν
1011 1480 1104 1560 ἐντός
1113 1479 1178 1562 ἀρ-

174 1578 268 1646 κύων
283 1583 459 1671 γενομένῳ.
490 1586 567 1669 δέχῃ
585 1590 701 1650 τοίνυν
716 1579 775 1648 τόν
791 1579 928 1668 χαλινόν
943 1581 1050 1667 μύσας
1067 1582 1122 1646 καὶ
1136 1577 1176 1645 τά

176 1683 289 1761 πρῶτα
301 1674 470 1764 εὐάγωγος
481 1678 510 1746 εί
517 1679 600 1762 πρός
611 1676 715 1746 αὐτόν
725 1677 767 1746 οὐ
776 1679 868 1746 πάνυ
877 1686 1088 1764 περισπῶντα
1098 1675 1177 1744 οὐδὲ

176 1769 275 1850 ὀξέως
294 1774 470 1859 νύττοντα,
493 1779 586 1861 μέχρι
606 1772 650 1843 ἀν
665 1778 773 1864 λάθῃς
793 1780 906 1846 τέλεον
922 1776 1011 1867 αὐτῷ
1026 1776 1178 1861 συνήθης

175 1869 365 1955 γενόμενος.
396 1876 429 1940 oc
442 1873 504 1959 μὲν
524 1872 564 1960 δὴ
581 1880 642 1955 ἔξω
663 1873 839 1962 ἄνθρωποι
853 1873 891 1944 τό
909 1873 991 1963 μετά
1006 1881 1104 1943 τοῦτο
1121 1879 1178 1959 ζιγ

176 1973 275 2035 λούσί
292 1988 328 2035 σε
350 1966 492 2053 ὁρῶντες
512 1971 604 2052 ἐντός
624 1981 683 2060 τῆς
703 1980 868 2060 κιγκλίδος
889 1979 1100 2061 διατρίβοντα
1122 1973 1177 2039 καί

176 2061 355 2145 ἀκωλύτως
370 2070 513 2139 είσιόντα
534 2074 670 2139 καὶτῶν
685 2073 778 2138 πάνν
791 2069 866 2139 τινά
883 2075 983 2139 ἐνδον
998 2069 1177 2156 γεγενημέ-

176 2188 254 2229 νον·
275 2161 318 2232 σύ
334 2168 370 2233 δὲ
391 2164 491 2248 αὐτός
504 2166 635 2237 οὐδέπω
650 2166 729 2258 ὁρᾷς
749 2160 880 2247 οὐτινος
895 2169 994 2236 ἕνεκα
1010 2164 1180 2252 εὐδαίμων

176 2258 288 2341 αὐτοῖς
305 2260 388 2332 εἶναι
410 2270 525 2345 δοκεῖς.
559 2266 647 2354 πλὴν
661 2265 745 2336 ἀλλά
766 2275 888 2354 χαίρεις
901 2294 940 2354 γε
961 2270 1016 2335 καλ
1036 2263 1180 2337 σεαυτὸν

177 2362 336 2452 ἐξαπατᾷς
356 2365 411 2431 καλ
430 2362 481 2433 ἀεί
494 2364 535 2433 τά
551 2368 713 2452 μέλλοντα
728 2372 845 2452 βελτίω
865 2364 1067 2451 γενήσεσθαι
1081 2370 1179 2447 νομί-

176 2464 246 2537 ζεις.
268 2456 305 2526 τό
320 2457 351 2526 δ’
365 2459 590 2550 ἔμταλινῆσύ
599 2462 740 2549 ἤλπισας
750 2472 897 2550 γίγνεται
907 2465 962 2531 καί
973 2459 1046 2548 ἀςὴ
1057 2484 1180 2545 παροι-

176 2562 233 2639 μία
255 2562 373 2642 φησίν,
396 2561 448 2626 ἐπὶ
471 2563 744 2647 Μανδροβούλου
765 2577 867 2648 χωρεῖ
882 2563 919 2630 τὸ
939 2568 1073 2647 πρᾶγμα
1092 2556 1177 2628 καθ’

176 2654 332 2742 ἑκάστην,
352 2652 395 2734 ύς
411 2664 531 2745 εἰπεῖν,
552 2658 615 2747 τὴν
631 2658 758 2746 ἡμέραν
771 2659 1107 2745 ἀποσμικρυνόμενον
1121 2657 1180 2723 καλ

176 2756 222 2829 είς
238 2749 384 2820 τούπίσω
400 2752 608 2838 ἀναποδίζον.
633 2765 684 2827 22.
706 2755 813 2844 ἡρέμα
829 2750 893 2825 οὐν
905 2759 962 2826 καὶ
974 2752 1045 2825 κατ’
1062 2754 1179 2842 όλίγον

107 2867 158 2921 678
178 2847 289 2934 ὥσπερ
304 2854 341 2918 ἐν
355 2850 493 2945 ἀμυδρῷ
504 2863 550 2945 τῷ
561 2860 646 2942 φωτὶ
657 2856 731 2923 τότε
746 2863 878 2940 πρῶτον
895 2858 1082 2944 διαβλέπων
1092 2853 1179 2943 ἄρχῃ

175 2964 365 3037 κατανοεῖν,
390 2949 433 3030 ὡς
447 2957 484 3020 αί
495 2954 556 3040 μὲν
569 2968 692 3039 χρυσαῖ
702 2956 825 3021 ἐκεῖναι
840 2957 967 3033 ἐλπίδες
983 2952 1082 3023 οὐδὲν
1098 2951 1176 3020 ἀλλ’

174 3042 196 3131 ἢ
213 3053 321 3131 φῦσαί
328 3075 419 3129 τινας
429 3043 516 3136 ἦσαν
530 3055 717 3137 ἐπίχρυσοι,
734 3060 846 3139 βαρεῖς
857 3053 893 3121 δὲ
907 3056 962 3121 καλ
974 3050 1111 3138 ἀληθείς
1122 3055 1177 3119 καλ

175 3144 389 3234 ἀπαραίτητοι
409 3149 465 3216 καὶ
487 3164 634 3234 συνεχεῖς
653 3155 688 3218 οί
706 3151 814 3218 πόνοι.
850 3158 945 3230 Τίνες
965 3142 1074 3232 οὕτως
1097 3159 1180 3227 ἴσως

174 3368 243 3421 ταις
260 3347 450 3424 ξυνουσίαις
469 3347 557 3413 ἐστὶν
570 3343 646 3413 οὐδ’
659 3348 781 3415 ἐπινοῶ
795 3346 893 3415 ἀτινα
909 3354 1042 3435 ἔφησθα
1058 3346 1097 3414 τά
1113 3374 1168 3414 κω
