2550 3825
156 155 216 219 184
511 161 812 221 ΛΟΥΚΙΑΝΟΤ

154 314 258 383 αὐτόν
274 314 295 401 ἡ
311 314 441 404 ἀκωκή,
466 321 499 396 ές
515 315 552 385 τό
570 318 656 404 γόνυ
676 316 820 396 ὀκλάσας
838 322 962 405 δέχεται
979 328 1019 409 τῇ
1040 326 1159 409 σαρίσῃ

155 412 217 499 τὴν
239 415 393 481 ἐπέλασιν
412 416 468 481 καὶ
481 416 653 499 τιτρώσκει
673 412 735 482 τόν
758 417 862 481 ἵππον
881 413 948 483 ὑπό
965 412 1002 482 τὸ
1021 422 1161 502 στέρνον

157 508 223 577 ὑπὸ
244 517 360 596 θυμοῦ
380 513 435 578 καί
455 512 681 598 σφοδρότητος
699 517 913 597 διαπείραντα
933 513 1069 581 ἑαυτόν·
1091 520 1161 584 διε·

157 608 314 677 λαόνεται
326 607 362 675 δέ
372 605 453 676 καὶὸ
466 608 626 694 Ἀρσάκης
635 612 670 677 έκ
679 616 740 678 τοῦ
749 608 921 696 βουβῶνος
931 609 1075 696 διαμπάξ
1085 611 1161 698 άχρι
1194 692 1199 703 Α

158 704 223 773 ὑπὸ
241 704 303 791 τὴν
320 706 442 791 πυγήν.
474 704 555 796 ὁρᾷς
576 703 650 775 οἶόν
669 734 700 775 τι
721 710 867 793 ἐγένετο,
893 706 935 775 οό
949 716 1009 777 τοῦ
1027 706 1161 795 ἀνδρός,

158 802 241 871 ἀλλὰ
253 810 314 870 τοῦ
324 807 430 872 ἵππου
439 812 567 890 μᾶλλον
579 801 615 871 τό
627 811 736 890 ἔργον.
748 803 925 891 ἠγανάκτει
936 804 966 873 δ’
979 804 1067 892 ὅμως
1078 804 1162 893 ὁμό-

158 928 250 988 τιμος
265 896 314 968 ών
329 909 397 969 τών
414 901 526 970 ἀλλων
543 906 598 969 καί
611 901 706 989 ἠξίου
721 902 840 981 ίππεός
853 907 1009 971 κατιέναι.
1043 910 1071 972 5.
1092 904 1109 971 ὁ
1125 908 1164 971 δέ

157 1024 196 1085 γε
206 997 352 1084 Ὀροίτης
368 1003 423 1068 καὶ
436 1000 528 1068 πάνυ
544 998 670 1078 ἁπαλός
686 994 730 1086 ἦν
744 997 789 1067 τώ
804 1000 886 1069 πόδε
902 1004 956 1067 καὶ
974 999 1049 1069 οὐδ’
1066 1002 1162 1070 έστά-

139 1097 142 1102 ’
159 1123 215 1165 ναι
224 1104 339 1183 χαμαί,
353 1096 414 1183 οὐχ
426 1095 515 1177 ὅπως
524 1103 670 1184 βαδίζειν
681 1099 836 1165 ἐδύνατο·
859 1098 1024 1183 πάσχουσι
1035 1096 1065 1165 δ’
1079 1081 1161 1165 αὐτό

92 1217 140 1271 ⁴441
161 1193 303 1279 ἀτεχνῶς
318 1200 433 1280 Μῆδοι
447 1196 585 1278 πάντες,
602 1192 687 1263 ε’πάν
702 1194 852 1282 άποβώσι
866 1202 934 1262 τών
948 1200 1078 1281 ἵππων,
1094 1193 1163 1261 ώσ-

161 1317 224 1376 περ
240 1294 293 1360 έπδ
309 1300 376 1360 τών
391 1291 552 1361 ἀκανθῶν
566 1302 738 1381 βαίνοντες
752 1291 951 1380 ἀκροποδητὶ
962 1294 1056 1379 μόλις
1068 1296 1165 1379 βαδί-

162 1397 286 1473 ζουσιν.
309 1390 392 1459 ώστε
408 1395 477 1460 ἐπεὶ
492 1390 689 1478 καταβαλών
705 1389 824 1459 ἑαυτὸν
836 1398 939 1459 ἔκειτο
954 1395 1008 1458 καί
1024 1388 1165 1477 οὐδεμιᾷ

161 1496 290 1575 μηχανῇ
301 1486 499 1557 ἀνίστασθαι
508 1489 648 1576 ἤθελεν,
664 1486 681 1557 ὁ
693 1492 860 1578 βέλτιστος
869 1486 988 1574 Ἑρμῆς
998 1485 1166 1573 ἀράμενος

163 1583 267 1654 αὐτόν
281 1586 434 1673 ἐκόμισεν
448 1587 522 1673 ἀχρι
538 1585 621 1673 πρός
634 1586 670 1655 τό
682 1597 884 1673 πορθμείου,
902 1583 966 1671 ἐγώ
983 1587 1017 1653 δὲ
1030 1586 1163 1670 ἐγέλων,

246 1706 275 1766 6.
289 1706 355 1766 ΑΝ
359 1706 393 1765 Τ.
406 1696 507 1783 Κάγώ
520 1701 556 1766 δὲ
567 1695 667 1765 ὁπότε
677 1698 821 1785 κατῄειν,
829 1694 892 1765 οόδ
897 1695 905 1720 ’
915 1694 1051 1782 ἀνέμιξα
1061 1700 1143 1763 έααν
1152 1734 1169 1749 -

163 1811 299 1873 τοντοῐς
310 1794 438 1880 ἀλλοις,
454 1794 528 1864 ἀλλ’
546 1794 641 1882 ἀφεὶς
652 1795 850 1881 οἰμώζοντας
861 1793 983 1873 αὐτοὺς
996 1799 1168 1881 προσδρα-

163 1890 237 1979 μών
252 1894 305 1960 έπὶ
317 1890 354 1960 τό
370 1902 556 1977 πορθμεῖον
570 1898 819 1979 προκατέλαβον
832 1892 961 1978 χώραν,
978 1888 1022 1970 ὡς
1038 1886 1082 1958 ἀν
1093 1894 1166 1958 έπι·

163 1995 299 2076 τηδείως
309 1991 503 2076 πλεύσαιμι·
523 1995 577 2058 καὶ
591 1989 680 2076 παρά
692 1990 752 2059 τόν
763 1999 870 2058 πλοῦν
880 1996 914 2059 ολ
923 1991 984 2077 μέν
998 1989 1166 2076 ἐδάκρυόν

165 2116 200 2157 τε
218 2093 273 2159 καί
287 2094 465 2175 ἐναυτίων,
480 2089 544 2176 ἐγώ
560 2093 595 2158 δὲ
610 2091 698 2176 μάλα
715 2091 899 2177 ἐτερπόμην
914 2088 964 2158 ἐπ’
982 2087 1100 2168 αὐτοῖς.

250 2195 278 2258 7.
301 2194 420 2257 ΔΙΟΓ.
442 2187 496 2257 Σὺ
509 2193 587 2276 μέν,
602 2184 629 2258 ἀ
645 2192 779 2277 Κράτης
794 2187 1080 2273 καὶἈντίσβενές,
1095 2212 1168 2255 τοι.

166 2287 276 2354 οότων
291 2286 420 2372 έτόχετε
434 2293 503 2353 τών
517 2288 786 2374 ξυνοδοιπόρων,
801 2289 873 2372 έμολ
888 2285 924 2354 δὲ
939 2291 1081 2365 Βλεψίας
1096 2310 1132 2351 τε
1148 2283 1167 2350 ὁ

166 2382 370 2462 δανειστικὸς
390 2381 407 2453 ὁ
424 2387 461 2451 έκ
471 2392 576 2471 Πίσης
596 2389 651 2453 καὶ
667 2387 798 2471 Λάμπις
814 2382 833 2451 δ
851 2381 1015 2468 Ἀκαρνάν
1030 2379 1169 2467 ξεναγός

166 2477 216 2549 ών
230 2485 284 2548 καὶ
298 2490 408 2568 Δᾶμις
426 2480 444 2549 ὁ
463 2481 656 2561 πλοόσιοςδ
678 2485 714 2550 έκ
730 2478 905 2566 Κορίνθου
926 2480 1168 2568 συγκατῄεσαν,

99 2602 148 2655 κςκ
168 2577 185 2647 ὁ
201 2580 263 2666 μέν
273 2586 384 2664 Δάμις
397 2576 463 2647 ὑπὸ
475 2588 536 2647 τοῦ
548 2579 665 2659 παιδός
680 2584 716 2648 ἐκ
731 2579 917 2666 φαρμάκων
930 2577 1131 2660 ἀποδακών,
1148 2575 1167 2645 ὁ

167 2676 203 2746 δέ
223 2677 356 2763 Λάμπις
377 2676 422 2745 δι’
448 2685 552 2763 ἔρωτα
574 2687 731 2763 Μυρτίου
748 2685 804 2764 τῆς
825 2679 953 2764 ἑταίρας
974 2675 1170 2762 ἀποσφάξας

166 2776 303 2861 ἑαυτόν,
319 2773 337 2842 ὁ
353 2775 390 2843 δέ
402 2783 546 2855 Βλεψίας
558 2785 644 2866 λιμῷ
656 2775 673 2844 ὁ
687 2775 804 2854 ἀδλιος
818 2777 945 2861 ἐλέγετο
963 2772 1171 2858 ἀπεσκληκέ-

165 2900 221 2941 ναι
236 2876 291 2942 καλ
306 2873 427 2960 ἐδήλου
440 2877 480 2942 δέ
497 2901 536 2961 γε
551 2873 655 2961 ω’χρδς
676 2877 708 2954 ές
728 2871 920 2961 ὑπερβολὴν
934 2875 988 2941 καὶ
1003 2881 1120 2949 λεπτος
1135 2873 1169 2950 ές

166 2969 202 3039 τδ
217 2969 455 3059 ἀκριβέστατον
470 2975 681 3059 φαινόμενος.
712 2970 776 3060 ἐγώ
798 2975 834 3040 δέ
850 2979 966 3057 καίπερ
982 2969 1077 3048 είδώς
1090 2967 1170 3036 ἀνέ-

167 3094 302 3155 κρινον,
319 3065 359 3136 ὃν
372 3071 498 3155 τρόπον
514 3070 731 3140 ἀποθάνοιεν.
755 3069 822 3138 εἶτα
840 3078 884 3161 τῷ
900 3069 961 3155 μέν
974 3069 1101 3155 Δάμιδι
1116 3072 1162 3134 αί·

168 3164 491 3257 τιωμένφτδννίόν,
510 3167 582 3238 Οόκ
594 3169 693 3237 ἀδικα
706 3171 819 3255 μέντοι
829 3173 970 3251 ἔπαθες,
988 3172 1089 3251 έφην,
1106 3160 1169 3231 ἀπ’

168 3261 289 3351 αὐτοῦ,
312 3271 342 3334 εί
361 3267 506 3335 τάλαντα
527 3271 610 3352 ἔχων
631 3264 717 3353 ὁμοῦ
736 3273 822 3352 χίλια
837 3267 892 3333 καί
912 3272 1052 3350 τρυφῶν
1069 3258 1172 3340 αὐτὸς

167 3366 446 3452 ἐνενηκοντούτης
462 3361 510 3432 ών
530 3362 819 3434 ὀκτωκαιδεκαέτει
833 3370 996 3444 νεανίσκω
1016 3366 1171 3444 τέτταρας
