2550 3825
183 168 245 230 144
541 167 827 226 AOYKIANOT

181 353 258 395 κατε
272 335 387 414 γραῶν
400 333 454 396 καὶ
467 329 635 414 γερόντων
648 327 802 412 ἐρῶντες,
827 330 882 394 καὶ
895 327 1036 412 μάλιστα
1059 333 1089 393 εί
1107 325 1180 394 ἀτε-

67 452 70 458 ’
181 452 256 494 κνοι
271 424 353 511 εἶεν,
377 431 409 494 οί
422 428 458 494 δὲ
472 432 619 494 ἔντεκνοι
640 421 720 509 ὑμῖν
734 424 918 510 ἀνέραστοι.
944 431 1050 493 καίτοι
1066 427 1179 495 πολλοὶ

112 541 161 595 351
181 524 244 611 ήδη
258 532 326 591 τάν
348 528 524 611 ἐρωμένων
540 527 695 602 συνέντες
710 523 806 610 ὑμῶν
820 521 882 611 τήν
896 530 1106 611 πανουργίαν
1120 528 1180 591 τοὺ

181 628 316 706 ἔρωτος,
337 617 382 708 ήν
402 623 456 691 καὶ
478 621 601 708 τύχωσι
623 627 743 702 παῖδας
764 630 908 709 ἔχοντες,
931 637 1040 708 μισεῖν
1060 619 1180 700 αὐτούς

181 721 393 806 πλάττονται,
417 719 460 798 ὡς
477 725 532 790 καὶ
547 719 642 789 αὑτοὶ
662 720 801 804 ἐραστάς
815 727 950 807 ἔχωσιν·
978 719 1046 788 εἶτα
1061 724 1098 789 έν
1111 736 1179 799 ταῖς

181 819 357 904 διαθήκαις
366 816 632 906 ἀπεκλείσθησαν
644 821 706 906 μὲν
718 825 751 888 οί
764 819 867 888 πάλαι
879 820 1180 906 δορυφορήσαντες,

180 914 198 983 ὑ
219 919 254 984 δέ
274 932 349 1006 παῖς
369 921 423 986 καὶ
444 918 597 1006 ἡφύσις,
624 917 736 1001 ὥσπερ
759 921 826 986 ἐστὶ
848 923 995 1004 δίκαιον,
1022 925 1178 1004 κρατοῦσι

112 1087 145 1137 35
182 1016 333 1100 πάντων,
358 1021 392 1085 οί
406 1019 442 1086 δὲ
457 1017 660 1103 ὑποπρίουσι
677 1013 755 1094 τούς
770 1014 910 1096 ὀδόντας
925 1013 1176 1104 ἀποσμυγέντες.

112 1090 163 1206 35}
264 1121 293 1182 ι.
319 1123 445 1185 πτειν.
470 1115 593 1202 Ἀιηεῆ
609 1123 712 1182 ταῦτα
726 1115 806 1201 φής·
834 1117 916 1200 ιμοο
936 1123 1021 1202 γοῦν
1035 1117 1175 1201 οοικρι-
1271 1136 1272 1141 ·

111 1233 163 1286 354
180 1240 236 1292 τος
256 1215 345 1282 πόσα
364 1219 551 1302 κατέφαγεν
571 1214 622 1284 ἀεὶ
645 1215 866 1299 τεθνήξεσθαι
881 1218 992 1281 δοκῶν
1012 1219 1068 1284 καὶ
1082 1214 1180 1283 ὁπότε

181 1314 299 1399 ἐσίοιμι
314 1310 507 1383 ὑποστένων
528 1318 583 1382 καὶ
599 1313 721 1400 μύχιόν
735 1339 766 1379 τι
787 1310 940 1397 καθάπερ
956 1316 988 1393 ἐξ
1002 1312 1072 1402 ρόού
1085 1340 1179 1380 νεοτ-

179 1409 235 1489 τός
252 1409 368 1499 ἀτελής
382 1411 603 1499 ὑποκρώζων,
627 1409 705 1480 ὥστ’
722 1417 825 1496 ἔγωγε
839 1408 921 1478 ὅσον
936 1410 1053 1480 αὐτίκα
1068 1411 1180 1497 οίόμε·

180 1537 237 1588 νος
252 1512 422 1598 ἐπιβήσειν
442 1511 547 1580 αὑτὸν
567 1519 625 1598 τῆς
645 1516 748 1594 σοροῦ
768 1510 916 1595 ἔπεμπόν
935 1537 970 1578 τε
989 1513 1112 1596 πολλά,
1137 1509 1181 1589 ὦς

179 1607 222 1696 μή
235 1607 499 1697 ὑπερβάλλοιντό
510 1637 551 1697 με
562 1615 596 1679 οί
604 1609 798 1691 ἀντερασταὶ
812 1615 851 1696 τή
866 1615 1109 1698 μεγαλοδωρεᾷ,
1126 1613 1179 1677 καὶ

179 1705 219 1774 τά
228 1708 334 1776 πολλά
343 1705 409 1776 ὑπὸ
420 1713 609 1795 φροντίδων
619 1707 789 1792 ἀγρυπνος
799 1709 932 1793 ἐκείμην
941 1705 1097 1794 ἀριθμῶν
1107 1711 1180 1775 ἕκα-

180 1823 240 1871 στα
256 1809 310 1872 καὶ
327 1806 517 1874 διατάττων.
547 1813 651 1874 ταῦτα
672 1814 757 1891 γοῦν
770 1831 827 1889 μοι
849 1808 979 1872 καὶτοῦ
994 1803 1179 1873 ἀποθανεῖν

179 1914 266 1970 αίτια
286 1906 474 1990 γεγένηται,
493 1902 661 1990 ἀγρυπνία
675 1905 729 1972 καὶ
745 1907 935 1989 φροντίδες·
963 1901 980 1971 ὁ
1004 1903 1040 1971 δὲ
1059 1911 1179 1972 τοσοῦ-

178 2002 237 2068 τόν
251 2028 308 2086 μοι
323 2005 438 2087 δέλεαρ
453 2003 624 2071 καταπιών
639 2003 824 2089 ἐφειστήκει
840 2005 1047 2093 θαπτομένῳΙ
1061 2001 1180 2091 πρῴην
1271 2083 1272 2088 ¹

180 2103 349 2186 ἐπιγελῶν.
1271 2165 1272 2178 ,

263 2205 292 2267 5.
309 2208 469 2269 ΠΛΟΤΤ.
487 2194 601 2287 Εὖγε,
620 2195 836 2287 άΘούκριτε,
852 2202 945 2281 ζώοις
957 2204 1008 2269 ἐπὶ
1019 2204 1179 2288 μήκιστον

178 2306 332 2365 πλουτῶν
346 2298 414 2385 άμα
432 2301 486 2366 καὶ
502 2298 745 2366 τῶντοιούτων
766 2306 973 2385 καταγελῶν,
997 2300 1080 2386 μηδὲ
1094 2301 1180 2384 πρό·
1271 2361 1272 2364 ,

178 2394 276 2480 τερόν
292 2423 330 2481 γε
349 2393 392 2463 σύ
410 2396 595 2474 ἀποθάνοις
615 2392 637 2481 ή
655 2400 850 2483 προπέμψας
873 2397 999 2476 πάντας
1019 2395 1098 2475 τούς
1120 2397 1179 2465 κό-
1271 2409 1272 2478 j

178 2501 287 2571 λακας.
1271 2551 1272 2554 ,

265 2598 391 2659 ΤΕΡΨ.
419 2599 525 2659 Τοῦτο
541 2596 618 2677 μέν,
643 2586 863 2677 ἀΠλούτων,
888 2595 942 2659 καὶ
957 2594 1027 2678 ἐμοὶ
1042 2592 1179 2680 ἥδιστον

177 2686 255 2773 ήδη,
273 2694 303 2755 εί
318 2691 372 2755 καὶ
387 2690 576 2776 Χαροιάδης
593 2691 851 2774 προτεθνήξεται
866 2697 1062 2775 Θουκρίτου.
1271 2685 1272 2688 “

260 2793 422 2855 ΠΛΟΤΤ.
444 2789 583 2874 Θάρρει,
603 2782 629 2855 τό
645 2794 813 2871 Τερψίων·
836 2791 891 2856 καὶ
902 2794 1034 2856 Φείδων
1047 2786 1112 2875 γάρ
1125 2791 1179 2854 καὶ

178 2886 360 2962 Μέλανθος
382 2886 436 2952 καὶ
453 2884 537 2965 ὅλως
551 2884 695 2965 ἅπαντες
711 2886 969 2970 προελεύσονται
989 2884 1092 2954 αὑτοῦ
1112 2883 1179 2952 ὑπό

111 3000 157 3053 355
177 2995 245 3059 ταῖς
261 2978 374 3061 αὑταῖς
392 2992 575 3067 φροντίσιν.

264 3086 390 3148 TW.
412 3079 552 3149 Ἐπαινῶ
563 3089 674 3150 ταῦτα.
699 3082 791 3163 ζάοις
802 3086 854 3151 έπλ
863 3082 1041 3172 μήκιστον,
1054 3076 1180 3151 νόθου-

176 3202 276 3253 κοιτε.

583 3328 775 3337 —m
