2550 3825
169 164 210 225 36
514 167 820 228 ΛΟΤΚΙΑΝΟΤ

168 352 268 410 μενος
282 326 430 414 μεγάλην
445 325 585 411 ποιήσας
598 327 661 412 τήν
671 328 781 413 φλόγα
792 330 969 409 ἐπιδείξαιό
979 355 1054 397 τινα
1064 328 1167 417 χολὴν

168 422 362 508 ἀνδρώδους
376 426 430 492 καὶ
445 432 604 491 νεανικοῦ
616 426 716 510 Διός,
737 432 769 493 εί
779 423 824 512 μὴ
839 425 950 513 ἀληθῆ
964 429 1031 494 ἐστι
1045 425 1085 495 τά
1097 424 1165 494 ὑπό

165 527 308 606 Κρητῶν
329 526 404 607 περὶ
426 529 489 590 σοὺ
511 524 565 589 καὶ
585 531 643 609 τῆς
662 530 733 591 ἐκεῖ
749 533 856 612 ταφῆς
873 528 1165 612 μυθολογούμενα.

252 626 280 687 7.
292 627 417 688 ΖΕΥΣ.
444 627 500 699 Τίς
515 612 613 697 οὑτός
624 624 731 704 ἐστιν,
749 616 900 708 ῶἙρμη,
919 622 1118 707 όκεκρακῶς
1128 626 1165 691 ἐκ

167 725 224 803 τῆς
236 716 380 805 Ἀττικῆς
401 715 490 801 παρά
505 715 741 804 τόνὟμηττον
757 723 794 787 ἐν
807 728 847 809 τῇ
862 720 1011 811 ὑπωρείᾳ
1025 720 1166 806 πιναρὸς

99 819 149 875 118
166 815 243 895 όλος
269 818 323 883 καὶ
349 814 486 902 αὐχμῶν
509 818 564 884 καὶ
584 814 832 904 ὑποδίφθεροςς
860 820 997 889 σκάπτει
1017 821 1054 887 δὲ
1075 819 1165 905 οἶμαι

166 915 390 1001 ἐπικεκυφῶς·
408 916 509 993 λάλος
522 912 705 1001 ἀνθρωπος
721 920 777 983 καὶ
789 918 931 1001 θρασός.
952 910 975 1003 ἦ
986 942 1052 983 που
1064 917 1166 1002 φιλό-

166 1016 271 1103 σοφός
283 1020 386 1085 ἐστιν·
409 1014 450 1082 οὐ
457 1013 521 1101 γάρ
530 1012 906 1104 ἀνοὺτωςάσεβείςτοὺς
913 1015 1034 1109 λόγους
1044 1016 1166 1104 διεξῄει

165 1112 239 1182 καθ’
257 1111 361 1201 ἡμῶν.

255 1222 359 1282 ΕΡΜ.
407 1219 450 1280 Τί
474 1213 555 1299 φής,
586 1205 613 1281 ῶ
640 1214 762 1298 πάτερ;
790 1211 921 1299 ἀγνοεῖς
946 1218 1080 1298 Τίμωνα
1104 1210 1166 1280 τόν

161 1309 433 1400 Ἐχεκρατίδου
398 1338 459 1379 τον
471 1312 657 1392 Κολυττέας
672 1304 770 1390 οὗτός
779 1314 869 1378 ε’στιν
881 1338 898 1378 ο
885 1306 1094 1388 ‘noudum‘
1078 1318 1166 1396 ημᾶς

166 1508 363 1594 εκατόμβας,
392 1504 508 1595 παρ’
497 1497 524 1570 ῶ
552 1512 711 1590 λαμπρῶς
739 1507 904 1589 ἑορτάζειν
933 1506 1101 1591 είῶθαμεν
1121 1504 1164 1573 τὰ

165 1606 297 1673 Διάσια.

100 1714 150 1766 114
250 1710 375 1770 ΖΕΥΣ.
396 1708 519 1769 Φεῦ
480 1728 537 1786 της
549 1698 709 1787 ἀλλαγῆς·
723 1699 855 1779 ὁκαλός
865 1703 1007 1785 ἐκεῖνος,
1024 1698 1164 1768 ὁπλοό·

163 1823 250 1887 στος,
280 1804 356 1884 περὶ
384 1798 425 1868 όν
453 1806 487 1868 οί
503 1808 656 1868 τοσοῦτοι
678 1807 787 1887 φίλοις
819 1807 853 1867 τί
870 1799 992 1868 παθῶν
1011 1799 1164 1868 τοιοῦτός

164 1902 270 1979 ἐστινς
293 1896 480 1986 αὐχμηρός,
502 1897 620 1978 ἀθλιος
640 1901 696 1967 καὶ
710 1896 900 1978 σκαπανεὺς
914 1904 968 1967 καὶ
982 1896 1163 1986 μισθωτός,

165 1996 209 2076 ῶς
226 2004 351 2084 ἔοικεν,
375 1997 464 2065 οὕτω
475 2006 614 2085 βαρεῖαν
627 1999 828 2083 καταφέρων
843 1995 905 2084 τὴν
919 2002 1083 2066 δίκελλαν.

252 2100 282 2162 8.
325 2104 429 2164 EPM.
475 2094 607 2163 Οὑτωσὶ
633 2097 695 2181 μὲν
723 2101 842 2178 εἰπεῖν,
876 2095 1055 2181 χρηστότης
1084 2097 1163 2163 ἔπε’-

162 2208 280 2282 τριψεν
302 2191 406 2260 αὑτὸν
426 2196 480 2261 καὶ
496 2199 735 2279 φιλανθρωπία
749 2198 804 2260 καὶ
819 2191 837 2260 6
854 2191 938 2276 πρός
951 2192 1030 2272 τοὺς
1044 2197 1160 2280 δεομέ-

164 2319 245 2370 νους
265 2290 413 2371 ἅπαντας
434 2291 561 2376 οἶκτος,
591 2290 635 2369 ῶς
656 2294 692 2359 δὲ
713 2289 836 2378 ἀληθεῖ
852 2290 959 2383 λόγφ,
987 2291 1085 2360 ἀνοια
1105 2297 1162 2360 καὶ

164 2388 303 2476 εὐήθεια
328 2393 384 2458 καὶ
410 2389 542 2472 ἀκρισία
568 2391 643 2475 περὶ
668 2396 735 2456 τῶν
762 2397 889 2510 φίλων,
925 2389 962 2468 ὃς
985 2389 1027 2457 οὑ
1052 2396 1160 2458 συνίει

162 2489 278 2573 κόραξι
292 2491 347 2555 καὶ
361 2488 476 2566 λύκοις
490 2489 719 2575 χαριζόμενος,
734 2485 809 2556 ἀλλ’
825 2486 890 2556 ὑπό
909 2497 1028 2575 γυπῶν
1038 2489 1158 2557 τοσού-

162 2613 230 2655 των
251 2614 269 2654 ο
300 2591 512 2672 κακοδαίμων
533 2589 727 2710 κειρόμεγος
752 2586 789 2656 τὸ
818 2580 908 2675 ἧπαρ
935 2595 1054 2674 φίλους
1075 2587 1160 2708 εἶναι

163 2681 286 2760 αὑτούς
302 2686 389 2750 καὶ’
372 2692 549 2775 εταίρους
538 2683 637 2770 ῶετο,
659 2681 719 2753 ὑπ’
738 2684 870 2764 εὐνοίας
884 2694 941 2773 τῆς
954 2686 1038 2774 πρός
1055 2683 1162 2753 αὐτόν·

94 2797 144 2850 115
161 2788 336 2867 χαίροντας
349 2809 389 2870 τη
375 2789 504 2871 βοροὶ·
528 2754 562 2851 όί
576 2786 612 2851 δὲ
622 2782 663 2852 τά
676 2781 756 2851 όστᾶ
767 2783 1163 2872 γυμνῶσαντεςάκριβῶς

162 2881 217 2950 καὶ
238 2881 508 2967 περιτραγόντες,
531 2908 547 2949 ε
548 2887 617 2950 ἰδέ
629 2910 679 2962 τις
692 2886 746 2951 καὶ
761 2880 884 2970 μυελός
897 2886 994 2970 ἕνην,
1017 2885 1162 2970 ἐκμυζή-

162 3000 279 3056 σαντες
291 2981 345 3045 καὶ
355 2986 475 3046 τοῦτον
488 2973 527 3047 εὑ
538 2982 626 3066 μάλα
635 2984 806 3067 ἐπιμελῶς,
819 2980 944 3071 ᾤχοντο
955 2976 1043 3050 αὖον
1053 2980 1165 3050 αὑτόν

161 3077 217 3145 καὶ
237 3073 295 3153 τοὶς
315 3077 403 3162 ῥίζας
423 3075 694 3165 ὑποτετμημένον
715 3077 952 3165 ἀπολιπόντες,
975 3078 1053 3149 οὑδὲ
1068 3107 1164 3166 γνω-

162 3179 305 3260 ρίζοντες
325 3179 372 3242 ἔτι
396 3172 474 3244 οὐδὲ
493 3181 758 3264 προσβλέποντες
780 3175 818 3229 '-
841 3177 951 3246 πόθεν
970 3179 1054 3265 γάρς
1074 3174 1165 3266 -ιῖ

55 3325 65 3344 τ
161 3274 417 3356 ἐπικουροῦντες
441 3267 462 3358 ἢ
483 3272 686 3353 ἐπιδιδόντες
706 3277 744 3343 ἐν
766 3282 813 3363 τῷ
833 3277 934 3360 μέρει.
976 3274 1032 3344 διά
1053 3283 1167 3345 ταῦτα

160 3374 342 3456 δικελλίτης
354 3371 408 3438 καὶ
419 3374 611 3458 διφθερίας,
629 3370 673 3451 ῶς
684 3369 773 3461 ὁρᾷς,
791 3370 965 3441 ἀπολιπῶν
976 3371 1030 3441 ὑπ’
1041 3375 1166 3458 αίσχό-
