2550 3825
62 253 66 257 ,
168 177 230 242 τεο
521 183 824 243 Λουκίλλιος

166 365 220 406 ται
235 341 268 418 ἐς
281 337 340 418 τὰς
357 346 477 426 οἰκίας,
498 337 588 408 καὶ
570 368 591 427 η
612 341 708 427 τέχνη
728 345 845 428 φέρειν
858 345 914 411 καί
933 341 1110 430 ἀνέχεσθαι
1128 343 1169 410 τὰ
1273 338 1274 383 ³

66 485 78 507 ,-
166 436 358 522 γιγνόμενα.
391 439 465 523 περὶ
492 429 579 505 δὲ
552 465 600 504 ων
620 452 782 523 προεῖπον
801 446 869 506 τόν
894 443 1171 527 πεπαιδευμένων

68 580 71 589 -
166 530 293 612 ἄμυν’
274 549 472 618 αγανακτεῑν
486 537 541 602 καὶ
552 534 764 619 πειρᾶσθαι’
742 562 787 615 ως
799 542 849 605 ἐνι
860 537 1001 623 μάλιστα
1013 538 1171 626 μετάγειν

166 628 289 709 αύτούς
301 633 356 699 καὶ
367 655 450 715 προς
460 635 657 716 ἐλευθεριαν
668 631 895 720 ὑφαιρεῖσθαι.
917 642 946 703 5.
965 640 1052 703 δοκῶ
1063 639 1103 704 δέ
1109 661 1171 721 μοι

165 735 274 807 καλῶς
287 724 331 795 ἄν
346 738 497 817 ποιησαι,
513 737 543 798 εί
554 729 613 808 τὰς
628 737 748 817 αἰτίας,
765 730 826 819 ἀφ’
844 724 893 799 οὑν
908 733 961 801 ἐπὶ
980 732 1040 801 τόν
1053 740 1170 801 τοιοῦ-

165 851 225 892 τον
243 831 319 912 βίον
345 824 570 913 ἀφικνοῦνταί
586 855 691 915 τινες,
716 830 936 916 προεξετάσας
962 834 1102 916 δείξαιμι
1123 826 1167 897 οὑ

97 937 149 992 669
165 921 257 988 πάνυ
279 929 407 1009 βιαίους
429 923 502 992 οὐδ’
527 923 724 1012 ἀναγκαίας
757 926 845 996 οὑτω
863 925 928 1014 γὰρ
950 955 994 996 αυ
1014 925 1166 1016 αύτοῑςὴ

165 1015 326 1105 ἀπολογία
340 1038 574 1109 προαναιροῖτο
591 1021 683 1110 καὶὴ
701 1026 815 1143 πρρίτη
823 1022 996 1104 ὑπόθεσις
1012 1033 1069 1111 τῆς
1088 1027 1162 1092 ἐδε-

164 1121 365 1196 λοδουλείας
399 1125 433 1188 οί
449 1121 512 1206 μὲν
529 1119 568 1209 δη
586 1122 755 1191 πολλοὶ
719 1149 781 1208 την
802 1131 921 1192 πενίαν
939 1125 995 1192 καὶ
1016 1148 1078 1208 την
1097 1129 1164 1190 τῶι

165 1213 1166 1309 ἄναγκαίωυχρείανπροθέμενοιίκανὺυτοῦτοπροκάλυμμα

164 1324 291 1383 οἴονται
304 1325 552 1404 προβεβλῆσθαι
563 1325 620 1405 τῆς
630 1315 714 1403 πρός
723 1316 784 1385 τόν
797 1325 873 1406 βίον
884 1326 1005 1386 τοῦτον
1020 1315 1165 1402 αὐτομο-

164 1418 253 1495 λίας,
273 1417 328 1480 καὶ
342 1411 491 1502 ἀποχρῆν
505 1414 616 1494 αὑτοῖς
631 1421 821 1503 αομιζουσιν
837 1424 867 1485 εί
880 1420 1010 1503 λέγοιεν
1024 1415 1068 1494 ὡς
1085 1421 1162 1500 ξυγ-

163 1510 298 1596 γνιόμης
309 1510 403 1591 ύξιον
413 1521 547 1581 ποιοῦσι
556 1512 592 1580 τό
604 1514 834 1599 χαλεπώτατον
844 1522 912 1581 τῶν
924 1518 960 1582 ἐν
971 1522 1016 1605 τῷ
1030 1520 1092 1603 βίῳ
1103 1511 1163 1598 τὴν

69 1645 75 1652 -
164 1613 284 1674 πενίαν
298 1612 475 1695 διαφυγεῖν
496 1617 681 1696 ζητοῦντες·
714 1609 782 1679 εἶτα
803 1609 820 1678 ὑ
838 1616 977 1697 Θέογνις
991 1612 1165 1697 πρόχειρος

164 1708 218 1774 καὶ
235 1705 320 1774 πολύ
336 1707 385 1793 τό,

367 1812 430 1883 πᾶς
444 1805 507 1891 γὰρ
522 1805 607 1893 ἀνὴρ
624 1814 721 1895 πενίη
737 1809 938 1895 δεδμημένος

162 1901 217 1968 καὶ
232 1897 293 1967 ὅσα
310 1897 393 1968 όίλλα
410 1904 544 1987 δείματα
561 1901 646 1991 ὑπὲρ
667 1910 724 1990 της
745 1911 859 1983 πενίας
880 1907 913 1971 οί
931 1900 1164 1990 ἀγεννέστατοι

161 2002 230 2064 τῶν
244 2004 392 2082 ποιητῶν
406 2001 646 2086 ἐξενηνόχασιν.
669 1998 734 2086 ἐγω
751 1999 782 2069 δ’
797 2008 827 2070 εί
835 2001 896 2088 μὲν
910 2001 1025 2090 ἑώρων
1040 1997 1164 2077 αὐτούς

163 2094 277 2180 φυγήν
291 2120 365 2161 τινα
379 2091 422 2174 ὡς
437 2093 572 2183 ἀληθῶς
585 2107 643 2185 τῆς
653 2106 767 2176 πενίας
780 2097 1037 2184 εὑρισκομένους
1048 2099 1084 2164 ἐκ
1094 2102 1163 2164 τῶν

162 2192 324 2260 τοιούτων
339 2195 542 2280 ξυνουσιῶυ,
558 2194 620 2264 ούκ
635 2193 679 2265 ἂν
694 2196 778 2284 ὑπὲρ
793 2204 852 2283 τῆς
869 2195 955 2283 ι’ίγαν
970 2199 1162 2281 ἐλευθερίας

161 2293 447 2379 ἐμικρολογούμην
458 2292 542 2379 πρός
553 2293 691 2374 αύτούς·
714 2298 784 2363 ἐπεὶ
794 2295 830 2363 δέ
844 2293 938 2374 -ὡς
953 2292 971 2362 ὁ
984 2294 1084 2371 καλός
1094 2318 1162 2359 που

91 2407 143 2461 660
161 2392 270 2480 ῥήτωρ
286 2398 350 2479 ἔφη
365 2431 408 2443 -
422 2407 490 2470 τοῖς
509 2400 576 2459 τῶν
589 2394 783 2461 νοσούντων
798 2400 913 2472 σιτίοις
934 2392 1062 2461 ἐοικότα
1076 2400 1172 2476 λαμ-.

160 2492 320 2575 βόυουσι,
341 2496 390 2569 τίς
404 2496 452 2559 ἐτι
466 2490 593 2578 μηχανὴ
608 2490 653 2577 μὴ
672 2490 744 2577 ούχὶ
766 2494 821 2559 καὶ
835 2490 918 2577 πρός
938 2497 1036 2558 τοῦτο
1052 2497 1163 2567 κακῶς

42 2636 50 2655 .
158 2594 405 2675 βεβουλεῦσθαι
422 2592 533 2658 δοκεῖν
544 2587 666 2667 αύτούς
677 2587 728 2659 ἀεὶ
738 2591 904 2677 μενούσης
918 2587 1032 2676 ὁμοίας
1047 2586 1161 2666 αὐτοῖς

159 2694 216 2771 τῆς
231 2682 424 2764 ὑποθέσεως
442 2694 503 2753 τοῦ
517 2694 611 2774 βίους
632 2695 730 2757 πενία
746 2686 811 2775 γὰρ
830 2690 931 2756 εἰσαεὶ
947 2690 1002 2755 καὶ
1022 2685 1058 2754 τό
1074 2694 1160 2771 λαμ-

158 2785 276 2872 βοίνειν
291 2782 474 2871 ἀναγκαίου
490 2789 545 2853 καὶ
560 2785 731 2854 ιἰπόθετου
745 2784 845 2853 οὐδὲν
863 2784 941 2854 οὐδὲ
958 2782 1112 2873 περιττόν
1126 2788 1160 2862 ἐς

159 2883 330 2968 φυλακήν,
343 2880 426 2952 ἀλλὰ
438 2881 475 2951 τό
489 2890 605 2971 δοθέν,
617 2881 682 2953 κᾶν
694 2889 796 2973 δοθῇ,
811 2879 875 2952 κόν
887 2880 1020 2966 ἀθρόως
1030 2888 1159 2970 ληφθῇ,

52 3056 55 3063 ,
157 2988 226 3048 πᾶν
240 2978 383 3068 ακριβως
399 2985 506 3051 καὶ
467 3011 523 3070 της
535 2992 645 3071 χρείας
660 2988 779 3063 ἐνδεως
793 2990 1072 3051 καταναλίσκεται.
1096 3006 1160 3047 κα-

156 3086 222 3158 λῶς
236 3077 320 3146 δέ
290 3104 353 3179 ειχε
368 3078 412 3167 μὴ
431 3082 582 3160 τοιαύτας
596 3109 690 3161 τινας
705 3080 859 3170 όφορμᾶς
873 3085 1034 3165 ἐπινοεῖν,
1051 3077 1159 3164 αἳτὴν

157 3184 276 3246 πενίαν
287 3186 426 3263 τηροῦσι
441 3189 718 3307 παραβοηθρῦσαι
732 3182 839 3268 μόνον
853 3180 953 3270 αὑτῇ,
968 3174 1040 3248 ἀλλ’
1055 3184 1093 3247 αἲ
1104 3181 1159 3245 τέ-

155 3285 234 3346 λεον
252 3279 476 3401 ἐξαιρησουσι,
497 3278 584 3348 καὶ’
566 3283 650 3367 υπέρ
665 3308 704 3368 γε
724 3290 785 3350 τοῦ
800 3280 955 3349 τοιούτου
969 3280 1025 3348 καὶ
1045 3281 1078 3356 ἐς
1093 3284 1159 3364 βα·

155 3377 305 3463 θυκητεα
317 3380 442 3448 πόντον
453 3388 531 3456 ίσως
541 3382 669 3463 ῥιπτεῖν
680 3372 796 3466 ἔδει,
769 3406 795 3446 ω
807 3382 937 3463 Θέογνι,
950 3380 1004 3446 καὶ
1015 3382 1156 3461 πετρῶν,
