2550 3825
390 161 528 220 ΘΕΩΝ
548 162 808 225 ΔΙΑΛΟΓΟΙ.
1035 164 1097 229 lll

177 325 284 388 ΠΑΝ.
309 317 489 406 Οὐδαμῶς,
511 313 673 406 ὦπάτερ·
704 321 859 406 ἐρωτικός
872 324 938 406 χάρ
957 329 1022 406 είμι
1043 329 1099 394 καί

96 437 154 487 ουκ
169 415 213 484 άν
227 414 431 504 ἀγαπήσαιμι
448 418 562 486 συνὼν
576 427 646 507 μιᾷ.

176 524 280 584 ΕΡΜ,
308 524 385 595 Ταῖς
401 510 464 584 οὖν
480 518 544 597 αίξὶ
559 514 683 603 δηλαδὴ
699 520 879 603 ἐπιχειρεῖς.

175 623 283 684 ΠΑΝ.
305 614 360 683 Σύ
375 617 437 701 μὲν
452 616 627 701 σκώπτεις,
650 613 714 700 έχά
732 616 767 683 δὲ
782 623 821 704 τῇ
838 643 873 684 τε
886 614 977 704 Ἠχοῖ
989 621 1043 688 καὶ
1057 626 1097 710 τῇ

95 724 194 785 Πίτυῖ
211 717 345 802 σύνειμι
367 719 420 785 καὶ
440 714 583 795 άπάσαις
597 731 667 795 ταῖς
680 725 741 784 τοῦ
755 716 929 786 Διονύσου
946 717 1097 787 Μαινάσι

95 818 146 882 καὶ
161 815 252 882 πάνυ
266 815 492 902 σπουδάζομαι
506 813 589 900 πρός
604 812 727 882 αὐτῶν.

177 921 278 982 ΕΡΜ.
302 914 411 982 Οἶσθα
431 908 512 1000 οὖν,
535 905 710 999 άτέκνον,
734 912 754 980 ὅ
770 941 801 981 τι
816 920 934 1002 χαρίσῃ
949 913 986 982 τό
1005 922 1098 998 πρῶ-

98 1039 151 1081 τον
167 1018 317 1080 αίτούυτί
329 1039 401 1097 μοις

176 1119 284 1178 ΠΑΝ.
296 1108 495 1194 Πρόσταττε,
507 1101 534 1176 ύ
544 1109 646 1196 πάτερ
656 1133 663 1148 ·
674 1105 769 1196 ἡμεῖς
779 1109 841 1196 μὲν
849 1115 973 1196 ῖδωμεν
983 1119 1095 1179 ταῦτα.

175 1215 280 1277 ΕΡΜ.
305 1216 335 1276 Κ
336 1210 368 1276 αδ
385 1208 527 1295 πρόσιθί
537 1232 594 1293 μοι
608 1208 663 1274 καὶ
674 1215 900 1292 φιλοφρονοῦ·
923 1212 1046 1291 πατέρα
1060 1209 1096 1273 δὲ

1 1357 2 1380 ι
95 1306 156 1393 όρα
173 1305 216 1394 μή
233 1310 372 1395 καλέσῃς
386 1332 426 1392 με
441 1305 545 1374 άλλου
559 1303 749 1384 ἀκούοντος.

567 1550 617 1612 23.

235 1661 547 1715 ΑΠοααοΝοΣ
573 1665 657 1716 Κκι
681 1663 950 1718 ΔιοΝυΣου.
1112 1674 1164 1729 ιιι

179 1800 206 1863 l.
234 1802 304 1862 ΛΠ.
333 1801 375 1863 Τί
388 1791 431 1862 άν
448 1797 615 1882 λέγοιμεν;
639 1792 876 1883 ὁμομητρίους,
893 1790 919 1865 ά
934 1798 1093 1884 Διόνυσε,

93 1893 260 1982 άδελφούς
279 1893 497 1981 εἶναι”Ερατα
514 1897 569 1963 καὶ
583 1892 847 1984 Ἑρμαφρόδιτον
867 1901 921 1966 καὶ
939 1905 1094 1985 Πρίαπον

92 1994 351 2083 άνομοιοτάτους
370 1996 468 2077 ὄντας
482 2000 540 2077 τάς
555 1992 688 2083 μορφάς
709 1994 818 2063 καὶτὰ
837 1998 1094 2083 ἐπιτῃδεύματας

93 2094 110 2165 ὁ
128 2098 189 2183 μὲν
202 2095 267 2184 γάρ
284 2098 451 2185 πάγκαλος
467 2100 522 2166 καί
536 2094 669 2182 τοξότης
684 2096 739 2162 καὶ
754 2095 900 2181 δύναμιν
914 2094 956 2162 ού
970 2096 1094 2182 μικρόν

92 2200 370 2284 περιβεβλημένος
384 2196 542 2266 ἁπάντων
557 2196 685 2281 άρχωυ,
701 2192 719 2261 ὁ
735 2195 770 2262 δὲ
782 2198 891 2281 θῆλυς
906 2197 959 2263 καὶ
974 2192 1094 2281 ἡμίαν-

92 2299 170 2380 δρος
190 2298 245 2362 καὶ
267 2293 451 2383 α’μφίβολος
474 2294 535 2383 τὴν
554 2294 648 2377 ὅφιν1
683 2291 744 2361 ούκ
765 2288 810 2360 άυ
827 2298 1012 2379 διακρίναις
1031 2290 1091 2362 είτ’

91 2394 216 2480 έφῃβός
231 2396 320 2461 ἐστιν
341 2404 404 2463 είτε
421 2397 475 2463 καὶ
492 2397 675 2477 παρθένος·
699 2389 717 2460 ὁ
731 2394 834 2460 δὲκαὶ
850 2396 933 2475 πέρα
954 2400 1014 2458 τοῦ
1035 2388 1094 2459 τό·

90 2500 238 2575 πρεπούς
253 2491 410 2574 ἀνδρικὸς
425 2491 442 2561 ὁ
457 2500 616 2578 Πρίαπος.

174 2601 266 2661 ΔΙΟ.
280 2595 399 2678 Μηδὲν
410 2592 598 2682 θαυμάσῃς,
611 2584 827 2661 ω”Ἀπολλου
843 2590 884 2662 ού
895 2591 959 2682 γάρ
971 2592 1094 2681 Ἀφρο-

90 2696 162 2777 δίτχ
175 2696 261 2759 αίτία
277 2690 417 2777 τούτου,
438 2687 521 2759 άλλά
537 2696 570 2760 οί
588 2696 724 2777 πατέρες
741 2692 897 2779 διάφοροι
914 2696 1094 2781 χεχενῃμέ·

89 2817 161 2877 νοι,
185 2787 271 2857 ὅπου
285 2816 324 2875 χε
344 2792 399 2858 καλ
414 2787 611 2876 ὁμοπάτριοι
625 2792 783 2871 πολλάκις
797 2795 833 2860 έκ
850 2799 925 2879 μιάς
939 2793 1093 2880 γαστρός,
1110 2812 1160 2869 κῃ

88 2886 184 2975 ὁμέν
201 2886 324 2974 άρσῃυ,
341 2886 362 2974 ἡ
379 2887 413 2955 δὲ
429 2889 565 2975 θήλεια,
584 2887 694 2975 ὥσπερ
710 2888 818 2977 ὑμεῖς,
834 2898 994 2976 γίνονται.

176 2995 248 3054 ΛΠ.
271 2993 355 3055 Ναί·
379 2983 451 3054 ἀλλ’
466 2984 558 3073 ἡμεῖς
578 2985 692 3073 όμοιοί
703 2992 802 3076 ἐσμεν
823 2992 877 3057 καί
897 2988 999 3058 ταύτά
1020 2994 1093 3058 έπι-

88 3084 289 3174 τῃδεύομευ·
312 3086 443 3165 τοξόται
457 3083 521 3172 γάρ
537 3084 648 3172 άμφοι.

172 3192 265 3253 Alo.
288 3187 397 3270 Μέχρι
411 3186 472 3270 μὲν
483 3185 582 3264 τόξου
595 3183 635 3253 τά
649 3182 743 3270 αύτά,
757 3177 783 3254 a}
791 3185 966 3274 Ἄπολλον,
983 3191 1092 3256 ἐκεῖνα

87 3282 124 3352 δὲ
140 3282 202 3370 ούχ
216 3282 331 3369 ὅμοια,
348 3282 429 3372 ότιὴ
445 3283 665 3373 μέν”Λρτεμις
680 3286 869 3364 ξενοκτονεῖ
879 3286 916 3352 έν
925 3285 1091 3373 Σκύθαις,

86 3380 131 3449 σύ
148 3384 184 3451 δὲ
200 3383 348 3473 μαντεύῃ
363 3386 416 3451 καὶ
434 3388 468 3473 ἰᾷ
483 3380 562 3463 τούς
578 3384 775 3469 κάμνοντας.
