2550 3825
156 180 217 243 166
514 186 812 246 ΛΟΤΚΙΑΝΟΤ

155 343 195 408 σε’
212 342 311 427 ἐσμεν
334 334 415 409 ὦδε·
446 341 527 428 μετὰ
547 342 667 428 μικρὸν
683 342 718 410 δὲ
733 345 788 411 καὶ
807 341 986 424 Ὀδυσσεύς
1006 339 1156 428 ἀφίξεται

156 438 296 517 πάντως.
320 443 414 525 φέρει
428 440 464 507 ἀὲ
480 447 699 526 παραμυθίαν
713 443 767 509 καί
782 439 803 527 ἡ
818 449 977 511 κοινωνία
994 447 1053 507 τοῦ
1069 440 1157 525 πρά-

155 559 277 622 γματος
296 539 351 604 καὶ
370 535 406 605 τὸ
432 536 476 623 μὴ
498 538 605 624 μόνον
626 536 730 605 αύτὸν
745 545 960 610 πεπονθέναι.
995 538 1076 628 ὁρᾷς
1096 533 1156 604 τόν

126 662 130 672 ’
158 636 312 719 Ηρακλέα
324 633 449 703 καὶτὸν
460 639 659 722 Μελέαγρον
670 640 723 705 καὶ
734 637 856 719 ἀλλους
867 636 1082 727 θαυμαστοὺς
1094 636 1156 704 ἀν-

156 738 251 818 ἀρας,
275 740 310 801 οἳ
320 730 383 800 οὐκ
400 729 444 801 ἀν
461 732 551 820 οἶμαι
567 738 715 814 δέξαιντο
731 733 904 825 ἀνελθεῖν,
927 748 1019 815 εἴτις
1034 732 1156 811 αύτούς

156 828 359 917 ἀναπέμψειε
376 832 602 918 θητεύσοντας
616 832 773 919 ἀκλήροις
787 838 841 904 καὶ
862 834 968 923 ἀβίοις
983 832 1155 919 ἀνδράσιν.

238 936 269 997 4.
290 938 361 997 ΑΧ.
379 928 544 1016 Ἑταιρικὴ
561 928 656 1016 μὲνὴ
671 938 878 1017 παραίνεσις,
897 933 952 1018 ἐμὲ
967 932 1003 999 ἀὲ
1014 928 1076 997 οὐκ
1089 925 1153 996 οἶδ’

156 1025 246 1105 ὅπως
266 1024 286 1112 ἡ
308 1026 419 1112 μνήμη
440 1034 508 1094 τῶν
528 1025 618 1114 παρά
639 1026 699 1096 τόν
716 1036 792 1115 βίον
812 1026 907 1120 ἀνιᾷ,
933 1027 1023 1114 οἶμαι
1043 1026 1080 1094 δὲ
1100 1028 1155 1094 καὶ

155 1122 252 1211 ὑμῶν
266 1126 420 1192 ἕκαστον
443 1129 473 1192 εί
485 1126 521 1193 δὲ
537 1122 583 1211 μὴ
597 1124 800 1212 ὁμολοχείτε,
823 1127 926 1215 ταύτῃ
939 1132 1068 1213 χείρους
1084 1122 1156 1191 ἐστὲ

156 1218 239 1288 καθ’
254 1218 395 1306 ἡσυχίαν
410 1218 489 1288 αύτὸ
505 1222 694 1307 πάσχοντες.

239 1325 309 1385 AN
309 1327 343 1385 Τ.
364 1317 447 1403 Ούκ,
459 1314 533 1386 ἀλλ’
545 1317 711 1405 ἀμείνους,
725 1312 752 1385 ά
764 1316 924 1405 Ἀχιλλεῦ·
939 1318 975 1387 τὸ
988 1318 1053 1406 γάρ
1064 1315 1153 1385 ἀνω-

156 1419 253 1504 φελὲς
272 1426 333 1485 τοῦ
353 1421 464 1504 λέγειν
485 1416 631 1503 ὁρῶμεν·
657 1427 787 1485 σιωπᾶν
809 1417 948 1504 γάρκαὶ
969 1422 1083 1505 φέρειν
1099 1442 1154 1484 και

156 1514 333 1600 ἀνέχεσθαι
344 1518 496 1583 δέδοκται
503 1514 598 1601 ἡμῖν,
614 1516 658 1602 μὴ
672 1518 726 1584 καὶ
736 1521 861 1602 γέλωτα
874 1513 1030 1600 ὄφλωμεν
1042 1512 1153 1593 ὥσπερ

154 1617 210 1681 καί
225 1610 268 1679 σύ
282 1620 416 1681 τοιαῦτα
434 1612 615 1698 εύχύμενοι.

629 1863 678 1926 16.

88 1977 138 2032 ιον
295 1976 587 2029 ammom*
611 1979 693 2030 ΚΑΙ
716 1976 1016 2030 ΗΡΑΚΑΕονΣ.

239 2114 269 2176 1.
290 2116 410 2178 Amr.
441 2104 511 2197 Ούχ
530 2108 693 2195 Ἡρακλῆς
713 2100 811 2186 οὗτός
827 2111 931 2188 έστιν;
954 2105 996 2174 ού
1015 2107 1075 2193 μὲν
1090 2099 1153 2174 οὖν

156 2206 269 2293 ἀλλος,
281 2205 326 2294 μά
337 2206 397 2276 τὸν
404 2206 574 2292 Ἡρακλέα.
594 2205 631 2275 τὰ
643 2208 756 2293 τόξον,
766 2202 803 2273 τό
816 2201 1011 2293 ῥόπαλον,ἡ
1024 2211 1152 2290 λεοντῆ,

156 2305 192 2375 τό
205 2309 361 2394 μέγεθος,
376 2308 453 2388 ὅλος
461 2307 623 2394 Ἡρακλῆς
635 2310 734 2374 ἐστιν.
757 2303 824 2372 εἶτα
835 2309 976 2390 τέθνηκε
986 2300 1071 2382 Διὸς
1081 2300 1154 2381 υίός

157 2405 221 2484 &m
242 2411 315 2475 εἰπέ
321 2432 394 2491 μοι,
407 2400 628 2491 ἀκαλλίνικε,
639 2401 756 2490 νεκρὸς
768 2402 797 2471 εί
802 2434 810 2482 ;
832 2402 896 2490 ἐμοὶ
906 2404 971 2489 γάρ
983 2422 1035 2470 σοι
1047 2408 1150 2470 έθυοι

157 2504 241 2589 ὑπὲρ
255 2512 316 2590 χὴς
329 2502 374 2582 ὡς
387 2513 467 2593 θεῷ.

239 2609 307 2670 ΗΡ.
336 2604 402 2669 Καὶ
417 2600 528 2686 ὀρθῶς
543 2608 656 2680 ἔθυες·
686 2600 785 2681 αὐτὸς
800 2603 861 2688 μέν
881 2601 944 2688 γάρ
963 2601 980 2670 ὁ
994 2604 1155 2687 Ἡρακλῆς

156 2705 253 2791 ἐντῷ
271 2698 404 2787 οὐρανῷ
419 2714 487 2778 τοίς
501 2711 594 2780 θεοῖς
609 2699 743 2768 σύνεστι
759 2703 836 2786 ,καὶ
851 2707 914 2786 ἔχει
925 2706 1154 2785 καλλίσφυρον

155 2796 305 2886 Ἧβην,“
318 2797 382 2884 ἐγώ
397 2795 428 2864 δ’
447 2798 586 2867 εἴδωλόν
601 2805 666 2885 είμι
680 2797 794 2866 αὐτοῦ.

239 2902 359 2965 ΔΙΟΓ.
381 2902 458 2974 Πῶς
475 2900 596 2981 λέγεις;
618 2902 757 2966 εἴδωλον
774 2906 836 2966 τοῦ
852 2905 955 2979 θεούς
977 2899 1032 2964 καί
1049 2900 1155 2963 δυνα-

156 2996 216 3063 τὸν
236 2996 269 3075 ἐξ
289 2991 437 3079 ἡμισείας
459 2999 520 3080 μέν
544 3023 618 3064 τινα
639 2995 723 3064 θεὸν
744 2995 844 3083 εἶναι,
871 2997 1032 3065 τεθνάναι
1052 2996 1088 3062 δὲ
1108 2999 1156 3082 τῷ

154 3090 281 3180 ἡμίσεις
817 3157 818 3160 ,

238 3199 307 3260 ΗΡ.
329 3199 413 3260 Ναί·
436 3189 477 3259 ού
490 3189 555 3277 γάρ
571 3195 694 3271 ἐκεῖνος
707 3197 886 3280 τέθνηκεν,
901 3190 974 3261 ἀλλ’
992 3197 1056 3279 ἐγω
1069 3189 1090 3280 ἡ
1108 3197 1155 3259 εί-

155 3287 226 3358 κών
242 3287 356 3360 αὐτοῦ.

87 3403 140 3460 403
240 3395 269 3457 2.
292 3395 411 3458 ΔΙΟΓ.
434 3389 628 3457 Μανθάνω·
658 3386 846 3470 ἀντανδρον
860 3408 898 3455 σε
917 3395 962 3472 τῷ
979 3386 1155 3455 Πλούτωνι
