2550 3825
147 187 210 250 364
498 193 801 251 AOTKIANOY

148 350 260 433 δήκαὶ
279 353 404 435 δηλοῦν
427 356 562 435 ἔμελλεν
582 348 662 437 ἡμῖν
681 348 742 418 τόν
763 356 921 437 ἔφεδρον,
946 359 980 420 τί
1000 347 1151 436 ποιήσεις

147 453 280 530 πρῶτον
300 444 410 532 εὑρών
429 445 466 516 τό
489 457 531 528 Ζ;
562 456 608 538 τῷ
630 449 799 536 διαγνώσῃ
823 454 967 536 ἔφεδρον
988 446 1066 518 ὄντα
1086 446 1150 512 τὸν

148 551 263 631 ἔχοντα
278 543 377 632 αάτό,
392 542 436 632 ήν
450 545 494 633 μή
508 549 561 614 ἐπὶ
573 547 700 624 πάντας
710 546 821 615 ἐλθόν
836 547 935 636 εὕρης
946 543 1047 614 οὐδὲν
1056 542 1150 632 αὐτῷ

147 649 371 728 σνμφωνοῦν;
399 641 441 709 οά
461 640 526 729 γάρ
547 643 628 729 εἶχες
650 643 759 728 ὥσπερ
780 652 846 712 νῦν
865 652 904 732 τή
926 645 1014 724 τάξει
1036 639 1150 708 αὐτῶν

146 747 392 827 τεκμαίρεσθαι.

230 847 333 926 ΕΡΜ.
357 840 617 925 Δυσαπόκριτον
632 849 729 909 τοῦτο
746 845 876 931 ἐρωτᾷς.

78 959 129 1015 786
232 941 282 1004 44.
306 943 405 1004 AYK.
423 933 508 1004 Ἰδού
525 939 565 1023 δή
577 941 632 1006 καὶ
644 941 760 1026 ἑτέρως
770 939 807 1008 τό
820 937 899 1007 αὐτό
913 936 1148 1021 ἐπισκόπησον.

147 1041 179 1101 τί
196 1035 277 1119 γάρ,
300 1039 329 1100 εί
348 1035 430 1120 μηδὲ
449 1035 625 1121 γράμματα
642 1039 829 1125 γράφοιμεν
844 1040 895 1105 ἐπὶ
914 1044 982 1103 τῶν
1002 1034 1148 1120 κλήρων,

148 1130 231 1200 ἀλλά
247 1158 322 1199 τινα
336 1147 453 1220 σημεῖα
470 1135 524 1201 καὶ
537 1143 759 1222 χαρακτῆρας,
781 1132 834 1204 σία
847 1132 954 1204 πολλά
969 1133 1149 1218 Αἰγύπτιοι
1249 1136 1250 1217 Q

147 1228 337 1317 γράφουσιν
358 1229 432 1299 ἀντὶ
451 1238 518 1298 τῶν
537 1232 757 1319 γραμμάτων,
784 1232 1037 1320 κυνοκεφάλους
1055 1224 1149 1304 τινὰς
1249 1228 1250 1307 ?

148 1327 244 1407 ὄντας
256 1331 309 1396 καί
324 1329 610 1415 λεοντοκεφάλους
621 1327 839 1419 άνθρόπονςς
852 1329 882 1417 ἢ
896 1333 1005 1398 ἐκεῖνα
1016 1327 1078 1413 μὲν
1091 1324 1151 1392 ἐά-
1249 1406 1250 1411 ¹

148 1447 275 1512 σωμεν,
292 1429 423 1513 ἐπείπερ
439 1425 602 1495 ἀλλόκοτά
620 1431 697 1501 ἐστι.
721 1432 802 1516 φέρε
817 1434 852 1496 δὲ
867 1426 906 1495 τά
922 1428 1078 1514 μονοειδῆ
1093 1422 1151 1488 καὶ
1249 1440 1250 1443 ’

147 1522 234 1592 ἁπλᾶ
247 1524 483 1611 ἐπιγράψωμεν
495 1523 538 1603 ὡς
551 1521 623 1593 οἷόν
636 1552 673 1594 τε
683 1527 872 1605 εἰκάσαντες
883 1523 1086 1609 ἀνθρώπους
1095 1519 1153 1588 ἐπὶ

147 1627 244 1690 δυοίν
264 1622 418 1708 κλήροιν,
441 1622 502 1690 δόο
520 1625 644 1702 ἵππους
659 1627 711 1692 ἐπὶ
732 1629 836 1693 δυοῖν.
851 1627 906 1692 καὶ
926 1620 1152 1705 ἀλεκτρυόνας

148 1720 209 1787 δύο
224 1721 278 1786 καὶ
290 1721 395 1798 κύνας
411 1719 489 1804 δύο,
505 1727 551 1809 τῷ
568 1723 603 1788 δὲ
617 1723 722 1812 ἐνάτφ
737 1726 822 1790 λέων
837 1727 919 1790 ἔστω
932 1717 1149 1803 τούπίσημον.

147 1814 191 1904 ήν
207 1824 323 1883 τοίνυν
333 1823 378 1906 τῷ
392 1818 605 1906 λεοντοφόρςο
620 1819 727 1908 τοότφ
737 1821 847 1909 κλήρφ
860 1821 895 1885 ἐν
907 1815 989 1905 ἀρχή
1001 1814 1148 1902 ἐντύχῃς,

147 1915 257 1981 πόθεν
271 1916 353 1993 ἕξεις
368 1919 472 1981 εἰπεῖν
485 1911 536 1981 ὅτι
551 1907 649 1995 οὗτός
660 1919 750 1985 ἐστιν
765 1916 782 1985 ὁ
797 1916 857 1985 τόν
872 1920 1014 2002 ἔφεδρον
1029 1917 1154 1996 ποιων,

147 2006 191 2097 ήν
212 2008 256 2097 μή
278 2012 541 2105 παραδεωρήσης
564 2012 711 2093 ἅπαντας
731 2014 834 2084 ἐπιόν
854 2024 889 2084 εί
904 2041 954 2092 τις
973 2014 1027 2080 καὶ
1050 2008 1152 2086 ἀλλος

147 2112 263 2177 λέοντα
278 2115 358 2196 ἔχεις

231 2217 334 2277 ΕΡΜ.
355 2207 427 2277 Οὐκ
442 2215 504 2295 έχω
515 2207 535 2276 ό
545 2237 576 2277 τι
586 2231 639 2277 σοι
652 2210 896 2299 ἀποκρίνωμαι,
914 2202 1084 2277 όΛυκίνε.

231 2314 282 2378 45.
305 2317 404 2378 AYK.
432 2309 593 2387 Εἰκότως·
623 2306 779 2396 οὐδὲγάρ
801 2308 1020 2391 εὐπρόσωπον
1038 2302 1148 2372 οὐδέν.

149 2406 232 2475 ὥστε
246 2403 290 2493 ήν
301 2404 501 2494 ἐθέλωμενή
517 2405 576 2475 τόν
588 2414 704 2494 ἔχοντα
718 2404 779 2494 τήν
793 2408 887 2490 ίεράν
899 2407 1024 2491 φιάλην
1038 2400 1152 2487 εὑρεῖν

146 2501 168 2591 ή
182 2504 242 2574 τόν
256 2510 400 2592 ἔφεδρον
413 2501 435 2591 ή
449 2503 508 2573 τόν
522 2504 640 2589 άριστα
656 2504 865 2592 ἡγησόμενον
878 2504 957 2591 ἡμίν
971 2506 1003 2582 ἐς
1014 2500 1074 2587 τήν
1085 2500 1151 2567 πό-

147 2612 201 2671 λιν
212 2606 343 2690 ἐκείνην
352 2601 414 2690 τήν
425 2603 616 2689 Κόρινθον,
634 2607 687 2671 ἐπὶ
698 2604 824 2683 πάντας
834 2601 1021 2688 ἀναγκαίως
1030 2598 1155 2685 ἀφιξό-

147 2712 236 2787 μεθα
251 2704 305 2769 καὶ
325 2701 518 2788 ἐξετάσομεν
533 2700 642 2788 ἀκρως
658 2700 857 2787 πειρώμενοι
874 2704 928 2768 καὶ
945 2698 1150 2777 ἀποδύοντες
1249 2695 1250 2702 ¹

148 2802 202 2867 καὶ
217 2806 531 2885 παραθεωροῦντες·
554 2802 648 2886 μόλις
659 2798 723 2886 γάρ
735 2796 779 2867 ἀν
791 2798 879 2868 οὕτω
891 2798 1033 2885 τάληθὲς
1047 2798 1151 2882 ἐκμά-

79 2908 128 2966 787
148 2909 279 2984 θοιμεν.
308 2900 362 2965 καὶ
385 2908 418 2966 εί
434 2902 474 2983 γε’
485 2926 534 2977 τις
549 2901 658 2984 μέλλει
680 2898 870 2986 σύμβουλός
889 2922 946 2983 μοι
962 2894 1156 2977 ἀξιόπιστος,

147 3003 283 3065 ἔσεσθαι
298 3002 495 3082 φιλοσοφίας
517 3000 607 3083 πέρι,
628 2996 746 3083 ἥντινα
767 2999 1027 3083 φιλοσοφητέον,
1051 2987 1152 3072 οὗτος

146 3090 190 3162 ἀν
206 3104 256 3182 είη
273 3094 375 3181 μόνος
390 3092 407 3162 ὁ
423 3092 462 3161 τά
477 3092 543 3163 ὑπό
557 3103 673 3163 πασῶν
688 3093 800 3163 αὐτῶν
813 3098 975 3181 λεγόμενα
992 3093 1099 3178 είδιός,
1114 3097 1153 3160 οί

147 3192 179 3260 δ’
196 3191 290 3262 ἀλλοι
302 3191 441 3277 ἀτελεῖς,
457 3196 511 3261 καὶ
526 3192 589 3261 οὐκ
600 3189 644 3260 ἀν
655 3195 866 3280 πιστεύσαιμι
877 3194 1005 3277 αὐτοῖς,
1021 3190 1088 3260 ἔστ’
1105 3186 1150 3258 ἀν

147 3294 201 3359 καὶ
215 3300 291 3377 μιᾶς
314 3291 482 3377 ἀπείρατοι
504 3287 578 3359 ἀσι·
608 3293 690 3377 τάχα
707 3290 770 3378 γάρ
793 3288 837 3359 ἀν
856 3289 876 3377 ή
900 3289 1016 3378 ἀρίστη
1039 3294 1150 3375 ἐκείνη

147 3399 207 3471 είη.
237 3388 277 3455 οὐ
292 3387 358 3475 γάρ
371 3388 411 3476 δή
430 3400 462 3458 εί
472 3417 521 3467 τις
537 3391 831 3474 παραστησάμενος
846 3388 949 3457 καλόν
963 3390 1151 3471 ἄνθρωπον
