2550 3825
373 142 617 200 NEKPIKOI
635 144 893 206 ΔΙΑΛΟΓΟΙ.
1071 138 1131 203 187

220 304 328 367 ΤΕΙΡ.
352 297 404 367 Ού
419 313 530 381 στεῖρα
545 304 607 383 μὲν
622 299 728 389 ήμην,
746 314 807 369 ουκ
823 308 936 370 ἔτεκον
954 300 986 369 δ’
1006 302 1100 380 ὃλως.

214 403 327 464 ΜΕΝ.
344 395 474 465 Ἱκανόν
485 407 599 464 τοῦτο·
616 406 647 466 εί
653 397 717 485 γάρ
729 403 783 467 καὶ
793 400 922 487 μήτραν
932 400 1021 487 εἶχες,
1035 404 1132 487 ἐβου-

133 493 239 579 λύμην
254 498 383 562 εἰδέναι.

219 598 327 658 ΤΕΙΡ
350 590 450 678 Εἶχον
467 594 602 679 δηλαδή.

214 696 325 756 ΜΕΝ.
348 690 469 778 Χρόνῳ
483 692 523 756 δέ
534 711 588 756 σοι
603 686 624 775 ή
642 688 748 776 μήτρα
763 688 854 777 ήφαν
855 699 935 813 ίσθη
950 692 1048 761 καὶ
1015 721 1051 761 το
1070 694 1132 779 μό-

133 812 206 869 ριον
220 784 256 853 τό
271 800 464 871 γυναικεῖον
477 784 653 909 ἀπεφράγη
670 790 772 856 καλλ
738 814 755 855 ο
757 793 899 874 [μαστοὶ
912 788 1132 877 ἀπεσπάσθη-

132 906 196 950 σαν
217 881 326 951 καὶ
293 910 329 951 το
348 882 545 969 άνδρεῐου’
525 889 634 970 ανέφυ
655 889 709 955 καὶ
728 885 873 973 πώγωνα
894 884 1130 975 ἐξήνεγκας,
1110 914 1130 973 η

132 980 249 1049 αὐτίκα
262 984 298 1048 ἐκ
312 983 472 1066 γυναικὸς
485 980 571 1068 άνήρ
585 981 770 1070 άνεφάνης;

218 1089 327 1148 ΤΕΙΡ.
351 1080 445 1167 Ουχ
432 1108 500 1166 οριο
510 1089 542 1148 τι
552 1101 605 1149 σοι
614 1081 818 1169 βούλεται
783 1109 820 1151 το
837 1083 1003 1170 ἐρώτημα·
1026 1087 1131 1161 δοκεῖς

133 1176 163 1244 δ’
184 1172 248 1244 ούν
262 1204 319 1263 μοι
335 1176 503 1262 άπιστεῖν,
519 1186 549 1247 εἰ
561 1177 660 1248 τοῦθ’
678 1177 783 1258 οὕτως
798 1182 936 1266 ἐγένετο.

215 1284 326 1345 ΜΕΝ.
350 1276 402 1345 Οὐ
415 1275 477 1364 χρή
493 1277 557 1364 γὰρ
572 1276 737 1361 άπιστεῖν,
755 1272 782 1346 ολ
802 1286 968 1364 Τειρεσία,
984 1291 1052 1356 τοῖς
1061 1304 1131 1345 τοι·

131 1376 260 1460 ούτοις,
284 1372 368 1444 άλλύ
384 1377 539 1461 καθάπερ
553 1375 628 1444 τινὰ
648 1385 755 1464 βλᾶκα
776 1376 820 1463 μή
837 1377 1040 1463 ἐξετάζοντα,
1067 1386 1131 1445 εἴτε
1149 1390 1196 1449 44²

132 1473 259 1540 δυνατά
275 1475 364 1540 ἐστιν
379 1483 442 1541 εἴτε
458 1478 512 1543 καὶ
527 1476 589 1560 μή,
607 1481 870 1561 παραδέχεσθαι;

216 1579 246 1639 3.
270 1579 378 1639 ΤΕΙΡ.
402 1570 456 1639 Σύ
470 1564 533 1639 οὖν
547 1571 625 1640 οὐδὲ
641 1571 680 1640 τά
697 1572 779 1642 άλλα
794 1574 958 1653 πιστεύεις
972 1573 1060 1641 οὕτω
1074 1598 1131 1658 γε·

131 1673 267 1755 νέσθαι,
280 1669 407 1739 ὁκόταν
417 1668 562 1759 άκούσης
573 1669 624 1739 ὅτι
634 1672 737 1757 ὅρνεα
749 1676 784 1739 ἐκ
795 1680 965 1757 γυναικῶν
977 1670 1131 1758 ἐγένοντό

131 1795 218 1850 τινες
237 1766 259 1855 ή
274 1774 395 1854 δένδρα
410 1766 433 1855 ἢ
451 1776 570 1855 θηρία,
595 1768 658 1856 τήν
676 1768 817 1855 Ἀηδόνα
833 1766 855 1857 ή
871 1768 933 1856 τήν
946 1771 1094 1856 Δάφνην
1109 1764 1131 1855 ἢ

131 1868 194 1956 τήν
209 1878 269 1937 τοῦ
284 1869 457 1948 Λυκάονος
471 1871 659 1956 θυγατέρας

216 1974 326 2034 ΜΕΝ.
344 1966 407 2035 Ἢν
421 1993 488 2034 που
501 1966 669 2047 κάκείναις
684 1969 825 2055 ἐντύχω,
849 1979 978 2055 εἴσομαι
995 1967 1014 2036 ὅ
1029 1996 1060 2036 τι
1076 1969 1130 2037 καὶ

131 2066 275 2151 λέγουσι.
299 2063 341 2133 σύ
354 2068 406 2150 δέ,
418 2059 445 2132 ὦ
456 2071 617 2153 βέλτιστε,
631 2066 731 2135 ὁπότε
743 2066 829 2154 γυνή
841 2061 948 2153 ήσθα,
962 2071 1017 2136 καὶ
1029 2074 1130 2153 ἐμαν-

131 2166 233 2234 τεύου
249 2165 322 2233 τότε
342 2163 452 2251 ὥσπερ
472 2171 527 2234 καλ
542 2165 701 2251 ὕστερον,
722 2161 826 2251 ήάμα
841 2163 925 2251 ἀνὴρ
945 2169 1000 2233 καὶ
1014 2169 1130 2251 μάντις

132 2271 255 2350 ἔμαθες
269 2262 370 2343 ελναις

219 2364 328 2431 ΤΕΙΡ.
344 2360 459 2450 Ὁρᾷςς
481 2360 612 2448 ἀγνοεῖς
623 2361 662 2431 τὰ
674 2363 748 2444 περὶ
765 2363 846 2445 ἐμοῦ
858 2357 1003 2445 ἅπαντα,
1021 2357 1064 2439 ὡς
1075 2363 1130 2429 καὶ

132 2462 267 2530 διέλυσά
279 2488 352 2529 τινα
363 2466 435 2546 ἔριν
446 2469 513 2528 τῶν
526 2468 636 2546 θεῶν,
655 2457 739 2544 καλή
750 2455 905 2544 μένἭρα
920 2456 1071 2544 ἐπήρωσέ
1078 2483 1129 2543 με,

132 2558 150 2627 ὁ
167 2561 202 2627 δὲ
216 2556 301 2637 Ζεύς
314 2557 575 2645 παρεμυθήσατο
590 2567 630 2647 τῇ
647 2563 789 2646 μαντική
803 2555 864 2642 τήν
878 2555 1067 2642 συμφοράν.

216 2664 326 2725 ΜΕΝ.
339 2657 408 2723 Ἔτι
424 2662 496 2744 ἔχη,
512 2649 539 2723 ὦ
554 2663 720 2741 Τειρεσία,
737 2662 804 2722 τῶν
815 2655 1031 2742 ψευσμάτωυς
1047 2651 1128 2722 ἀλλὰ

130 2752 215 2824 κατὰ
233 2751 313 2833 τούς
331 2754 466 2840 μάντεις
486 2763 584 2823 τοῦτο
605 2770 725 2834 ποιεῖς·
758 2759 837 2832 ἔθος
850 2751 915 2840 γάρ
931 2751 1010 2839 ύμῖν
1027 2755 1130 2838 μηδὲν

24 2919 27 2923 ,
131 2852 223 2940 ὑγιὲς
238 2855 356 2939 λέγειν.

527 2969 727 2981 ——ffl

606 3039 655 3099 29.

257 3149 479 3202 ΑΙΑΝΤΟΣ
503 3151 584 3201 ΚΑΙ
607 3145 1001 3201 ΑΓΑΜΕΜΝΟΝΟΣ.
1147 3145 1198 3198 448

216 3257 244 3314 1.
267 3253 407 3315 ΑΓΑΜ.
431 3251 474 3314 Εἰ
489 3243 532 3312 σύ
546 3253 677 3330 μανείς,
695 3247 720 3312 ὦ
735 3244 837 3328 Αἶαν,
852 3242 976 3310 σαυτὸν
989 3240 1131 3327 ἐφόνευ-

130 3363 208 3427 σας,
224 3347 401 3430 ἐμέλλησας
414 3347 449 3410 δὲ
461 3344 516 3411 καὶ
528 3340 614 3428 ἡμᾶς
624 3341 789 3420 ἅπαντας.
804 3347 839 3408 τί
846 3347 933 3416 αλτιᾷ
943 3337 1002 3406 τόυ
1013 3338 1131 3407 Ὀδυσ-
