2550 3825
507 176 708 232 ΑΛΙΕΤΣ.
1059 173 1123 238 259

118 356 231 418 στερος
245 341 311 401 νῦν
325 335 417 419 λέγε,
438 333 523 412 ὅλως
544 336 581 401 δέ
601 331 686 418 ὑπὲρ
708 343 908 422 φιλοσοφίας
921 335 1021 422 αότής
1038 334 1121 422 άγα-

116 434 230 502 νάκτει
239 435 516 520 περιυβρισμένης
525 433 580 500 καὶ
588 439 697 511 κακῶς
707 431 1121 519 άκουοάσηςέντοῑςΠαρ-

118 533 281 619 ρησιάδου
295 534 421 619 λόγοις,
437 534 491 600 καὶ
503 529 561 609 τάς
571 534 780 615 προαιρέσεις
791 530 903 618 ἀφείς,
916 535 953 599 έν
963 527 1015 610 αἷς
1025 535 1120 600 διαλ-

115 632 293 718 λάττομεν,
317 629 337 697 ό
359 629 476 699 κοινόν
495 629 640 708 άααντες
659 636 791 716 ἔχομεν,
815 637 913 697 τοῦτο
928 629 1117 716 ὑπερμάχει.

116 727 197 819 ὁρᾷς
214 732 264 812 δέ,
280 727 387 815 μόνον
400 732 438 798 σὲ
450 727 727 816 προεστησάμεθα
741 731 796 796 καὶ
810 730 848 796 έν
862 732 913 797 σοὶ
926 728 966 796 τά
983 729 1120 797 πάντων

115 826 210 914 ἡμῶν
229 835 295 894 νῦν
314 829 562 913 κινδυνεύεται,
586 822 607 913 ή
624 825 807 912 σεμνότατα
828 828 921 908 δόξαι
940 824 963 915 ἦ
983 837 1120 897 τοιαῦτα

116 933 337 1012 πιστευθῆναι
353 922 407 994 οἷα
420 918 519 1004 οὗτος
534 924 693 1010 άτιέφηνε.

198 1030 249 1092 24.
262 1031 381 1093 ΔΙΟΓ.
395 1032 569 1110 Θαρρεῑτε,
586 1022 687 1092 οὐδὲν
697 1026 900 1112 ἐλλείψομεν,
913 1025 996 1113 ὑπὲρ
1010 1025 1118 1096 ἁπάν-
1135 1047 1187 1102 594

114 1151 182 1192 των
197 1127 269 1212 ἐρῶ.
293 1119 357 1190 κάν
370 1122 391 1209 ἡ
409 1130 596 1210 Φιλοσοφία
609 1123 646 1191 δέ
660 1120 744 1210 πρός
758 1123 837 1205 τοός
847 1127 969 1213 λόγους
983 1131 1119 1196 εἰιικλα-

116 1234 235 1291 σθεῖσα
255 1264 291 1274 -
310 1221 411 1308 φύσει
426 1220 492 1309 γάρ
505 1221 627 1308 ἥμερος
641 1223 696 1290 καὶ
707 1223 813 1308 πρᾶός
828 1226 918 1292 ἐστιν
932 1267 967 1275 -
981 1222 1117 1310 άφείναι

116 1322 370 1410 διαβουλεύηται
384 1319 504 1407 αὐτόν,
523 1319 598 1390 ἀλλ’
610 1318 653 1388 οό
662 1317 749 1406 τάμᾶ
761 1322 924 1409 ἐνδεήσει·
947 1329 1041 1405 δείξω
1052 1321 1116 1409 γάρ

116 1419 204 1510 αὐτῷ
220 1422 270 1489 ότι
284 1419 328 1506 μή
343 1421 451 1506 μάτην
468 1426 730 1507 ξυλοφοροῦμεν.

199 1526 287 1587 ΦΙΛ.
320 1526 426 1586 Τοῦτο
443 1520 504 1604 μέν
521 1523 694 1605 μηδαμῶς,
716 1517 800 1586 άλλόι
816 1528 861 1609 τῷ
879 1523 967 1611 λόγῳ
989 1531 1117 1608 μᾶλλον

117 1660 157 1672 -
171 1617 308 1702 άριστον
323 1618 387 1705 γάρ
402 1657 445 1671 -
458 1617 543 1706 ήτερ
560 1625 608 1709 τῷ
622 1618 719 1708 ξύλω.
743 1617 787 1705 μή
799 1624 896 1705 μέλλε
908 1618 939 1686 δ’
958 1614 1030 1689 οὖν.
1051 1619 1115 1708 ήδη

115 1717 179 1803 γάρ
195 1720 365 1804 ἐκκέχυται
378 1714 415 1784 τό
432 1716 524 1802 ὕδωρ
538 1720 593 1786 καλ
607 1715 690 1803 πρός
704 1717 741 1785 σὲ
751 1717 788 1787 τό
807 1718 1020 1807 δικαστήριον
1031 1717 1116 1787 άτιο-

114 1817 235 1903 βλέπει.

200 1923 329 1985 AOYK.
364 1920 408 1984 Οί
431 1919 540 1984 λοιποὶ
563 1919 835 2003 καθιζέσθωσαν,
865 1909 892 1984 (ό
917 1924 1115 2005 Φιλοσοφία,

114 2017 169 2081 καὶ
183 2019 485 2099 ψηφοφορείτωσαν
500 2012 579 2098 μεθ’
600 2012 714 2102 ὑμῶν,
737 2019 901 2102 Διογένης
918 2020 955 2084 δὲ
972 2043 1116 2103 κατηγο-

116 2118 210 2198 ρείτω
225 2112 335 2197 μόνος.

200 2217 288 2278 ΦΙΛ.
312 2206 364 2277 Οό
378 2209 488 2286 δέδιας
502 2200 566 2274 οὖν
581 2210 627 2295 μή
643 2229 706 2278 σου
721 2218 1030 2295 καταψηφίσωνταις

197 2313 328 2375 ΛΟΤΚ.
342 2304 520 2390 Οόδαμοῐς·
537 2313 664 2375 πλείοσι
676 2318 761 2394 γοῦν
770 2315 930 2395 κρατήσαι
941 2312 1114 2395 βούλομαι.

198 2415 286 2477 ΦΙΛ.
309 2405 454 2476 Γενυαίά
468 2425 531 2473 σου
546 2413 664 2474 ταῦτα·
686 2414 846 2475 καθίσατε
863 2403 895 2474 δ’
911 2400 985 2474 οὖν.
1008 2406 1051 2475 σό
1069 2408 1113 2496 δ’,

115 2502 140 2574 οδ
157 2508 332 2593 Διόγενες,
348 2506 430 2589 λέγε.

196 2612 247 2673 25.
271 2609 390 2673 ΔΙΟΓ.
416 2596 491 2671 Οίοι
504 2604 566 2690 μέν
580 2600 672 2691 ἡμεῖς
689 2603 808 2687 άνδρες
823 2604 1009 2691 ἐγενόμεθα
1023 2603 1114 2690 παρὰ

112 2702 172 2771 τόν
186 2708 278 2791 βίον,
298 2694 324 2769 ά
340 2707 543 2788 Φιλοσοφία,
558 2701 650 2769 πάνυ
664 2700 809 2790 ἀκριβῶς
825 2700 925 2770 οἶσθα
941 2705 996 2772 καὶ
1013 2701 1114 2771 οὐδὲν

113 2806 165 2871 δεί
179 2800 305 2887 λόγων·
328 2802 385 2867 ίυα
402 2798 467 2885 γάρ
484 2799 520 2868 τό
537 2798 609 2867 κατ’
626 2800 683 2886 ἐμὲ
698 2799 872 2887 σιωπήσω,
893 2798 976 2871 άλλά
991 2810 1114 2871 Πυθα-

112 2899 217 2986 γόραν
234 2905 355 2966 τοῦτον
371 2901 427 2966 καὶ
439 2900 604 2967 Πλάτωνα
622 2900 678 2968 καλ
697 2897 922 2985 Ἀριστοτέλην
943 2902 999 2969 καὶ
1019 2900 1113 2986 Χρό-

112 3017 236 3065 σιτπον
252 2997 307 3064 καὶ
329 2993 406 3073 τοδς
427 2995 548 3077 ἄλλους
567 3005 615 3075 τίς
634 2994 697 3065 οὐκ
719 2996 809 3065 οἶδεν
826 2995 889 3065 ὅσα
907 3000 941 3075 ές
959 2994 1020 3065 τόν
1036 3005 1113 3086 βίον

111 3092 195 3166 καλᾶ
210 3098 459 3178 ἐσεκομίσαυτο;
479 3091 548 3163 άδέ
561 3096 735 3174 τοιούτους
744 3092 842 3172 ὄντας
851 3092 936 3181 ἡμᾶς
947 3093 965 3162 ὁ
976 3115 1112 3184 τρισκα-
1130 3117 1182 3173 595

111 3193 250 3279 τάρατος
271 3183 369 3271 οὗτος
381 3193 618 3279 Παρρησιάδης
634 3192 790 3281 ὕβρικεν,
811 3191 876 3279 ήδη
892 3194 972 3275 ἐρῶ·
1003 3194 1112 3280 ῥήτωρ

111 3289 174 3377 γάρ
186 3318 250 3377 τις,
270 3288 314 3368 δός
325 3308 446 3376 φησιν,
465 3288 529 3377 όν,
545 3288 720 3359 άτολιπιόν
733 3289 773 3360 τοὶ
785 3288 979 3376 δικαστήρια
989 3287 1113 3371 καὶτὰς

111 3388 148 3455 έν
163 3390 300 3466 ἐκείνοις
317 3384 559 3474 εὐδοκιμήσεις,
582 3385 711 3457 ὁπόσον
731 3384 753 3475 ἦ
769 3385 993 3539 δεινότηῖιέςβγ1
1006 3386 1113 3475 άκμής
