2550 3825
457 167 732 227 ΑΠοΛοΓιΑ.
1033 164 1096 248 319

91 323 212 412 Ἐλπίς,
234 325 451 413 εὐπρόσωπος
471 328 525 393 καὶ
545 322 700 410 αὕτηναί
720 335 852 396 ποικίλα
875 327 1094 414 ἀμπεχομένη,

93 425 235 508 ἐσαγέτω
249 425 380 511 σφόδρα
395 427 664 510 ἐκπεπληγμένον
680 432 720 513 τῇ
735 427 861 514 εἰσόδῳ.
891 423 1095 492 τούντεῦθεν

93 522 128 587 δὲ
143 518 163 605 ἡ
180 523 241 606 μὲν
260 522 364 600 Ἐλπὶς
378 519 428 589 ἀεὶ
445 527 677 607 προηγείσθω,
694 524 925 608 διαδεξάμεναι
943 521 975 590 δ’
992 519 1095 589 αάτδν

93 614 189 684 ἀλλαι
203 633 376 703 γυναῖκες,
394 616 514 703 Ἀπάτη
536 619 591 685 καὶ
604 625 768 704 Δουλεία,
793 619 1035 704 παραδότωσαν
1050 626 1094 708 τῷ

93 718 209 809 Πόνῳ,
233 715 251 786 ὁ
269 719 305 786 δέ
320 717 426 788 πολλά
442 717 501 786 τδν
521 717 644 786 ἀθλιον
658 719 912 804 καταγυμνάσας
932 726 1095 786 τελευτῶν

92 817 303 901 ἐγχειρισάτω
323 815 427 884 αὐτὸν
448 823 493 908 τῶ
513 817 607 904 Γήρᾳ
625 816 691 903 ἤδη
714 815 947 885 ὑπονοσοῦντα
967 819 1022 885 καί
1042 842 1095 883 τε-

93 917 280 999 τραμμένον
294 913 356 1000 την
369 915 488 1001 χρόαν·
522 911 646 1000 ὑστάτη
663 917 699 982 δὲ
713 913 733 1000 ἡ
747 913 859 1000 Ὕβρις
873 917 1095 1001 ἐπιλαβομένη

93 1012 221 1094 συρέτω
232 1009 315 1097 πρὸς
329 1011 390 1098 τὴν
404 1009 622 1098 Ἀπόγνωσιν·
645 1010 664 1098 ἡ
680 1015 715 1079 δὲ
726 1011 832 1090 Ἐλπίς
843 1009 880 1078 τό
892 1009 957 1079 ἀπὸ
972 1012 1094 1079 τούτου

93 1105 225 1193 ἀφανὴς
245 1107 460 1197 ἀποπτέσθω,
487 1113 542 1178 καὶ
563 1113 677 1196 μηκέτι
693 1107 774 1178 καθ’
791 1107 850 1189 οὓς
870 1115 1003 1195 εἰσῆλθε
1016 1107 1094 1188 τούς

92 1213 236 1292 χρυσοῦς
257 1216 431 1291 θυρῶνας,
457 1214 493 1276 έκ
517 1235 606 1286 τινος
627 1209 664 1275 δὲ
684 1206 901 1293 ἀποστρόφου
922 1210 977 1275 καὶ
997 1215 1094 1292 λελη-

92 1309 193 1380 θυίας
213 1305 330 1384 ἐξόδου
346 1309 537 1386 ἐξωθείσθω
558 1303 687 1390 γυμνός
702 1304 899 1390 προγάστωρ
917 1301 1021 1389 ὠχρὸς
1037 1306 1094 1388 γέ-

94 1428 179 1486 ρων,
204 1410 244 1491 τῇ
258 1405 352 1492 ἑτέρᾳ
366 1404 428 1490 μὲν
442 1401 503 1489 τὴν
520 1407 602 1471 αἰδῶ
617 1406 765 1486 σκέπων,
782 1409 821 1491 τῇ
835 1406 925 1491 δεξιᾷ
940 1402 976 1470 δέ
994 1399 1093 1479 αὐτὸς

95 1496 213 1566 ἑαυτὸν
225 1499 350 1587 ἀγχων·
373 1499 550 1569 ἀπαντάτω
562 1497 594 1567 δ’
609 1501 728 1580 ἐξιόντι
745 1498 765 1587 ἡ
777 1503 952 1569 Μετάνοια
967 1499 1093 1584 δακρῦ-

94 1616 177 1662 ουσα
187 1599 220 1675 ἐς
230 1595 330 1666 οὐδὲν
340 1598 461 1685 όφελος
471 1602 525 1667 καί
534 1597 593 1666 τόν
605 1597 727 1667 ἀθλιον
737 1599 1000 1667 ἐπαπολλύουσα.
1013 1606 1093 1664 τοῦ-

92 1719 129 1760 το
144 1693 205 1778 μὲν
221 1701 303 1764 ἔστω
323 1695 360 1765 τά
382 1701 473 1776 τέλος
487 1705 544 1784 τῆς
557 1705 697 1783 γραφῆς.
729 1696 772 1764 σά
789 1695 820 1764 δ’
842 1690 920 1783 οάν,
937 1689 964 1763 ὦ
979 1695 1091 1782 ἀριστε

97 1790 283 1879 Τιμόκλεις,
299 1791 473 1882 αάτὸςῆδη
488 1795 631 1884 ἀκριβῶς
642 1798 832 1863 ἐπισκοπῶν
844 1798 963 1863 ἕκαστα
974 1792 1093 1878 ἐννόη-

92 1905 168 1973 σον,
186 1899 219 1957 εἰ
230 1912 282 1957 σοι
297 1899 404 1973 καλῶς
420 1899 483 1981 ἔχει
499 1892 731 1982 προσελθόντα
747 1900 792 1973 εἰς
807 1890 868 1979 τὴν
882 1892 994 1961 εἰκόνα
1008 1889 1090 1958 κατά
1111 1906 1160 1961 704

92 1986 213 2063 ταύτας
227 1983 284 2065 τάς
293 1990 403 2075 θύρας
416 1990 488 2059 κατ’
503 1996 633 2076 ἐκείνην
649 1988 710 2077 τὴν
725 1998 866 2078 ἐμπαλιν
877 1996 1018 2075 αἰσχρῶς
1031 1986 1092 2055 οὕ-

92 2105 155 2158 τως
171 2084 327 2151 ἐκπεσεῖν.
356 2084 376 2151 6
397 2112 427 2153 τι
444 2085 475 2153 δ’
492 2084 536 2154 ἀν
556 2088 716 2175 πράττης,
740 2090 887 2174 μέμνησο
905 2095 965 2156 τοῦ
982 2094 1093 2172 σοφοῦ

92 2182 262 2266 λέγοντος,
275 2180 332 2261 Ὡς
346 2182 426 2261 θεὸς
440 2182 601 2270 ἀναίτιος,
619 2193 705 2254 αἰτία
719 2188 755 2253 δέ
772 2189 938 2271 ἑλομένου.

489 2354 531 2364 -ι-

404 2516 778 2586 ΑΠΟΛΟΓΙΑ.

176 2678 204 2738 1.
236 2672 346 2741 Πάλαι
373 2684 486 2743 σκοπῶ
505 2674 588 2759 πρὸς
609 2674 771 2761 ἐμαυτόν,
801 2701 825 2741 ω
850 2684 929 2742 καλε
954 2682 1091 2761 Σαβῖνε,

91 2764 189 2836 ἀτινά
204 2791 256 2839 σοι
274 2770 361 2851 εἰκὸς
375 2776 528 2843 ἐπελθεῖν
543 2781 646 2843 εἰπεῖν
660 2772 842 2861 ἀναγνόντι
854 2772 951 2861 ἡμῶν
964 2770 1001 2841 τό
1016 2775 1092 2857 περὶ

90 2874 159 2934 τῶν
175 2871 227 2937 ἐπὶ
243 2879 354 2960 μισθῷ
372 2872 546 2940 συνόντων
560 2879 705 2959 βιβλίον·
728 2871 779 2941 ὅτι
790 2872 852 2957 μὲν
863 2870 927 2957 γάρ
938 2871 1002 2940 οὐκ
1012 2870 1091 2957 ἀγε-

90 2969 182 3033 λαστὶ
195 2970 332 3056 διεξῄεις
345 2968 425 3038 οιάτό
441 2975 495 3039 καί
510 2973 601 3039 πάνυ
613 2998 670 3055 μοι
685 2970 862 3056 πρόδηλον.
886 2967 956 3038 ἀδὲ
967 2966 1088 3055 μεταξὺ
1108 2976 1159 3032 705

89 3065 143 3130 καί
161 3066 212 3131 ἐπὶ
228 3074 331 3133 πᾶσιν
346 3066 411 3136 ὑπὸ
428 3076 491 3137 σοῦ
506 3074 650 3155 ἐλέγετο,
671 3075 775 3137 ταῦτα
789 3076 854 3135 νῦν
871 3068 1090 3154 ἐφαρμόττειν

91 3167 172 3246 ζητῶ
187 3179 253 3242 τοῖς
268 3161 540 3254 ἀνεγνωσμένοις.
568 3175 598 3236 εἰ
610 3175 726 3236 τοίνυν
742 3167 786 3254 μη
803 3165 904 3245 κακός
919 3163 982 3252 ἐγῶ
1004 3191 1090 3251 μαν-
1176 3218 1182 3229 .

87 3259 200 3348 τικήν,
218 3267 307 3333 δοκῶ
322 3292 378 3352 μοι
394 3264 530 3335 ἀκούειν
547 3287 609 3335 σου
628 3272 797 3354 λέγοντος·
826 3262 907 3333 Εἶτά
927 3291 976 3343 τις
990 3260 1089 3342 αάτάς

89 3366 190 3429 ταῦτα
206 3361 382 3450 γεγραφῶς
401 3368 456 3434 καὶ
476 3373 677 3455 κατηγορίαν
690 3364 779 3435 οὕτω
801 3364 915 3452 δεινὴν
929 3360 1011 3433 κατά
1029 3372 1089 3432 τοῦ
