2550 3825
155 169 218 231 308
528 171 831 231 AOYKIANOY

156 333 279 415 λέγων,
295 331 392 416 ἐβόας
407 328 450 398 ἀν
464 330 544 409 τούς
558 333 684 416 νόμους
699 331 754 396 καὶ
769 326 862 394 δεινά
877 333 998 404 ἐποίεις
1011 352 1065 393 και
1076 326 1161 408 ἠγα-

156 427 287 506 νάκτεις
300 436 370 515 καί,
390 423 417 496 τό
431 438 474 516 γῆ
488 431 542 497 καὶ
556 435 648 509 θεοί,
664 425 791 512 μεγάλη
804 433 845 514 τῇ
861 433 959 513 φωνῇ
972 421 1164 506 ἐκεκράγεις

156 524 214 608 άυ,
233 526 375 594 σεαυτόν
391 532 426 596 δέ
443 527 564 614 ὀλίγων
578 529 676 593 ἕνεκα
694 524 824 610 ὀβολῶν
839 527 876 591 ἐν
892 523 1000 611 τοότφ
1015 528 1072 605 τῆς
1085 516 1165 604 ἣδι-

88 637 139 691 680
157 633 243 707 πίας,
256 621 311 691 ὅτε
322 628 376 694 καὶ
388 634 418 693 εί
430 628 530 713 φύσει
543 631 663 703 δοῦλος
672 617 781 710 ἦσθα,
792 619 908 707 καιρός
917 613 962 706 ἦν
972 616 1055 704 πρὸς
1066 619 1164 684 ἕλευ·

156 729 276 804 θερίαν
291 720 354 809 ἤδη
376 723 476 809 ὁρῶν,
500 721 585 812 αὐτῇ
606 721 707 808 ἀρετῇ
725 723 781 788 καὶ
801 728 903 808 σοφίᾳ
919 718 1033 805 φέρων
1050 712 1164 798 ἀπημ-

158 821 319 905 πόληκας,
337 820 415 890 οὐδὲ
428 821 508 902 τούς
521 820 666 900 πολλοὺς
681 824 829 897 ἐκείνους
846 820 969 904 λόγους
984 819 1161 894 αίδεσθείς,

157 917 216 996 οὓς
230 916 247 985 ὁ
259 918 360 997 καλός
368 916 542 1005 Πλάτωνῆ
558 915 575 987 ὁ
586 919 782 1002 Χρύσιππος
792 913 814 1003 ἢ
824 915 1048 1001 Ἀριστοτέλης
1058 913 1162 990 διεξε-

158 1019 324 1104 ληλύθασι
345 1018 382 1086 τό
410 1020 471 1104 μέν
498 1019 693 1099 ἐλευθέριον
715 1019 943 1098 ἐπαινοῦντες,
974 1009 1010 1078 τό
1039 1015 1164 1078 δουλο-

158 1117 279 1201 πρεπὲς
299 1120 335 1184 δέ
354 1117 603 1205 διαβάλλοντεςς
628 1118 683 1183 καὶ
704 1111 766 1182 οάκ
787 1112 928 1202 αίσχόνη
943 1112 1077 1191 κόλαξιν
1099 1107 1164 1176 ἀν-

157 1214 307 1297 θρώποις
321 1219 375 1283 καί
395 1213 563 1301 ἀγοραίοις
579 1217 633 1282 καὶ
653 1212 855 1300 βωμολόχοις
872 1209 1164 1294 ἀντεξεταζόμενος

159 1313 212 1378 καὶ
230 1313 267 1378 ἐν
284 1313 430 1404 τοσούτω
445 1316 568 1399 πλήθει
576 1310 743 1402 Ῥωμαϊκῷ
760 1312 863 1396 μόνος
878 1313 1013 1389 ξενίζων
1027 1316 1073 1397 τῶ
1090 1311 1164 1388 τρί-

159 1415 243 1495 βωνι
253 1411 308 1477 καὶ
319 1418 471 1495 πονηρῶς
480 1407 543 1496 τὴν
553 1408 721 1495 Ῥωμαίων
731 1407 851 1494 φωνην
861 1412 1080 1495 βαρβαρίζων,
1094 1402 1163 1470 είτα

161 1510 305 1573 δειπνῶν
323 1512 439 1575 δεῖπνα
460 1509 643 1596 θορυβώδη
663 1509 718 1576 καὶ
740 1505 992 1591 πολυάνθρωπα
1014 1500 1163 1588 συγκλά-

160 1608 230 1670 δων
242 1611 345 1671 τινῶν
365 1609 420 1673 καί
436 1614 504 1674 τῶν
525 1613 687 1674 πλείστων
701 1613 898 1692 μοχθηρῶνς
920 1607 975 1673 καὶ
992 1607 1030 1672 ἐν
1050 1600 1164 1677 αὐτοῖς

160 1705 304 1780 ἐπαινεῖς
326 1711 490 1787 φορτικῶς
515 1708 569 1772 καὶ
592 1711 699 1782 πίνεις
713 1707 797 1787 πέρα
818 1711 878 1770 τοῦ
903 1709 1042 1790 μετρίως
1068 1707 1161 1786 έχον-

159 1823 230 1883 τος,
246 1802 353 1866 ἕωθέν
367 1827 402 1867 τε
416 1799 481 1867 ὑπό
497 1805 628 1869 κώδωνι
640 1800 817 1882 ἐξαναστάς
828 1799 1089 1885 ἀποσεισάμενος
1101 1804 1164 1864 τοῦ

161 1893 272 1962 ὕπνου
285 1893 321 1963 τό
334 1895 470 1983 ἥδιστον
481 1909 699 1984 συμπεριθεῖς
709 1897 780 1968 ἀνω
791 1903 845 1969 καὶ
856 1900 946 1967 κάτω
957 1903 1004 1966 ἐτι
1014 1894 1074 1965 τόν
1085 1905 1162 1981 χθι-

161 1992 217 2076 ζόν
232 2001 315 2080 ἔχων
329 1995 437 2082 πηλόν
454 2001 504 2066 ἐπὶ
526 2012 597 2066 τοῖν
613 2006 754 2066 σκελοῖν.
788 1996 894 2076 οὕτως
911 1996 1031 2078 ἀπορία
1046 1998 1107 2080 μέν
1125 2014 1164 2058 σε

159 2097 297 2179 θέρμων
312 2099 406 2181 ἐσχεν
425 2094 447 2183 ἢ
464 2105 531 2165 τῶν
552 2095 677 2182 ἀγρίων
691 2097 862 2183 λαχάνων,
885 2100 1042 2164 ἐπέλιπον
1056 2097 1092 2161 δέ
1108 2096 1162 2162 καί

160 2196 197 2259 αί
210 2201 329 2277 κρῆναι
345 2195 480 2279 ῥέουσαι
495 2202 555 2262 τοῦ
570 2202 700 2279 ψυχροῦ
715 2193 852 2280 ὕδατος,
876 2192 919 2272 ῶς
938 2196 991 2261 ἐπὶ
1004 2191 1108 2261 ταῦτά
1125 2214 1165 2258 σε

93 2301 140 2355 681
163 2287 219 2357 ὑπ’
241 2288 423 2377 ἀμηχανίας
442 2298 570 2372 ἐλθεῖνς
592 2289 675 2359 ἀλλά
693 2296 796 2378 δῆλον
813 2289 856 2371 ὡς
871 2289 932 2377 οὐχ
947 2291 1068 2369 ὕδατος
1085 2287 1165 2356 οὐδὲ

160 2392 315 2473 θέρμων,
331 2388 415 2458 ἀλλὰ
430 2392 609 2478 πεμμάτων
624 2394 677 2457 καλ
692 2388 779 2469 ὅρον
791 2392 846 2458 καλ
863 2399 959 2457 οῖνου
973 2388 1165 2475 ἀνθοσμίου

161 2489 337 2572 ἐπιθυμῶν
348 2488 468 2574 ἑάλως,
485 2490 638 2571 καθάπερ
651 2487 669 2555 ὁ
680 2489 804 2573 λάβραξ
816 2486 921 2556 αὐτόν
931 2487 1020 2574 μάλα
1029 2492 1165 2564 δικαίως

161 2584 221 2653 τόν
236 2582 438 2672 ὀρεγόμενον
457 2588 586 2655 τούτων
604 2585 724 2672 λαιμόν
744 2591 922 2672 διαπαρείς.
953 2583 1042 2672 παρά
1057 2585 1165 2662 πόδας

161 2692 341 2768 τοιγαροῦν
356 2692 414 2771 τῆς
431 2692 571 2771 λιχνείας
587 2685 708 2770 ταύτης
721 2682 908 2770 τάπίχειρα,
932 2686 986 2752 καὶ
1004 2682 1114 2768 ῶσπερ
1131 2689 1166 2749 οί

161 2789 299 2867 πίθηκοι
316 2784 425 2861 δεθεὶς
445 2792 545 2873 κλοιῷ
566 2783 626 2852 τόν
640 2784 803 2868 τράχηλον
823 2781 936 2861 ἀλλοις
958 2784 1020 2868 μὲν
1036 2786 1163 2868 γέλωτα

161 2883 326 2966 παρέχεις,
347 2889 474 2970 σεαυτῷ
495 2883 531 2949 δὲ
554 2887 662 2960 δοκεῖς
681 2890 830 2966 τρυφάν,
858 2881 909 2949 ότι
933 2888 1002 2949 ἐστι
1022 2902 1075 2948 σοι
1094 2887 1164 2947 τῶν

161 2977 304 3061 ἰσχάδων
322 2974 482 3062 ἀφθόνως
499 2981 683 3065 ἐντραγεῖν·
704 2978 726 3066 ἡ
744 2982 780 3048 δέ
791 2983 967 3065 ἐλευθερία
981 2983 1036 3048 παλ
1049 3005 1086 3046 το
1105 2977 1164 3045 εό-

160 3075 254 3162 γενές
273 3073 386 3153 αὐτοῖς
401 3081 557 3160 φυλέταις
578 3081 632 3145 καί
647 3080 810 3166 φράτορσι
828 3082 960 3164 φροῦδα
981 3078 1089 3145 πάντα
1108 3079 1163 3144 καί

161 3172 239 3241 οὐδὲ
254 3174 367 3260 μνήμη
384 3200 432 3253 τις
449 3173 569 3242 αὐτῶν.
602 3181 652 3243 25.
674 3179 729 3244 καί
748 3176 935 3262 ἀγαπητόν,
958 3183 989 3245 εί
1003 3178 1110 3261 μόνον
1124 3200 1163 3242 το

160 3269 297 3359 αἰσχρόν
308 3281 438 3359 προσῆν
448 3280 493 3361 τῷ
505 3276 680 3359 πράγματι,
693 3277 816 3341 δοῦλον
824 3271 898 3341 ἀντ’
911 3276 1093 3361 ἐλευθέρου
1103 3276 1161 3339 δο-

161 3384 247 3453 κεῖν,
270 3377 305 3440 οί
319 3372 354 3439 δὲ
374 3374 474 3439 πόνοι
488 3371 532 3457 μὴ
553 3369 635 3439 κατά
656 3368 735 3448 τοὺς
755 3373 846 3437 πάνυ
866 3372 1006 3449 τούτους
1027 3376 1153 3448 οίκέτας
