2550 3825
440 176 697 239 ΝΙΓΡΙΝΟΣ.
1025 172 1067 237 19

78 330 155 418 παρδ
170 348 239 415 τοῖς
252 336 416 415 τοιούτοις
432 334 606 423 διατριβὴν
620 338 676 403 καί
690 335 844 423 καθαρδυ
854 330 940 425 ἦθος
953 337 1065 424 φνλά-
1085 350 1119 405 ⁵4

77 436 122 513 ξαι
140 436 329 521 δυναμένην
350 440 520 527 σπουδαίῳ
542 460 577 503 τε
597 433 696 519 άνδρί
719 438 774 503 καί
792 436 943 503 πλούτου
962 460 1064 502 κατα-

76 546 207 615 φρονεῖν
221 535 472 622 πεπαιδευμένῳ
485 538 541 602 καὶ
564 541 609 624 τῷ
629 532 714 618 πρὸς
733 531 774 602 τά
791 532 892 619 φύσει
905 529 989 601 καλὰ
1005 539 1064 618 ζῆν

74 635 321 721 προαιρουμένῳ
335 628 396 699 τδν
410 636 478 699 ἐκεί
495 639 571 719 βίον
591 633 734 720 μάλιστα
753 630 974 718 ἡρμοσμένον.
1013 636 1063 698 15.

73 728 155 809 ὅστις
168 730 204 797 δὲ
218 730 367 799 πλούτου
382 732 442 820 ἐρᾷ
456 733 511 799 καί
524 738 636 820 χρυσῷ
652 732 828 817 κεκήληται
836 732 891 797 καὶ
904 730 1064 820 πορφύρᾳ

73 831 122 897 καὶ
135 834 311 917 δυναστείᾳ
324 842 438 921 μετρεί
446 826 484 897 τδ
497 827 668 915 εὔδαιμον,
682 827 840 913 ἄγευστος
849 829 911 914 μὲν
925 832 1064 897 ἐλευθε-

72 935 148 1013 ρίας,
162 926 336 1014 ἀπείρατος
352 932 388 995 δὲ
404 934 598 1014 παρρησίας,
613 924 755 1005 ἀθέατος
769 930 804 994 δὲ
818 924 988 1014 άληθείας,
1005 953 1064 995 κο-

71 1033 181 1114 λακείᾳ
198 1023 239 1095 τά
254 1028 362 1095 πάντα
376 1030 431 1095 καί
445 1032 580 1116 δουλείᾳ
596 1028 797 1112 σύντροφος,
817 1022 840 1112 ἢ
855 1026 944 1105 ὅστις
956 1024 1064 1114 ἡδονῇ

18 1130 24 1147 ’
70 1132 177 1193 πᾶσαν
191 1122 253 1212 τηυ
267 1123 378 1212 ψυχὴν
393 1128 569 1209 ἐπιτρέψας
582 1125 686 1213 ταύτη
702 1124 791 1213 μόνη
810 1126 986 1207 λατρεύειν
1000 1129 1062 1192 διέ

69 1250 183 1310 γνωκε,
200 1231 295 1309 φίλος
308 1226 370 1310 μὲν
384 1228 569 1313 περιέργων
582 1229 761 1309 τραπεζῶν,
779 1229 874 1307 φίλος
893 1224 930 1290 δδ
949 1222 1064 1291 πότου

69 1326 118 1390 καλ
133 1320 349 1410 άφροδισίων,
365 1323 537 1403 ἀνάπλεως
550 1330 701 1409 γοητείας
711 1324 766 1390 καί
776 1319 903 1407 άπάτης
912 1324 967 1390 καί
978 1334 1063 1403 δευ-

69 1424 228 1506 δολογίας,
249 1416 271 1508 ἢ
293 1420 383 1501 ὅστις
401 1420 537 1490 άκούων
558 1426 710 1507 τέρπεται
731 1420 931 1506 κρουμάτων
951 1423 1064 1488 τεκαὶ

69 1518 304 1604 τερετισμάτων
320 1524 375 1589 καί
386 1520 618 1607 διεφθορότων
632 1518 800 1608 ᾀσμάτων,
818 1533 886 1597 τοίς
896 1516 938 1606 δὴ
947 1519 1061 1588 τοιού-
1081 1524 1114 1577 5⁵

67 1642 129 1695 τοις
147 1620 286 1702 πρέπειν
305 1618 368 1705 την
389 1622 538 1688 ἐνταῦθα
559 1618 749 1705 διατριβήν·
791 1623 840 1685 16.
860 1620 976 1703 μεσταί
995 1615 1061 1704 γάρ

69 1712 181 1791 αὐτοῖς
195 1720 264 1781 τῶν
280 1714 448 1799 φιλτάτων
471 1723 573 1784 πᾶσαι
588 1716 650 1801 μὲν
663 1713 788 1801 άγυιαί,
811 1724 914 1784 παῖσαι
928 1718 965 1784 δὲ
980 1714 1063 1802 ἆγο-

65 1819 131 1895 ραί·
157 1812 295 1896 πάρεστι
316 1813 353 1880 δὲ
373 1814 493 1891 πάσαις
514 1816 635 1892 πύλαις
656 1812 718 1899 τὴν
737 1811 864 1901 ἡδονὴν
886 1819 1061 1901 καταδέχε-

64 1924 154 1998 σθαι,
169 1919 269 1980 τοῦτο
284 1912 346 1999 μὲν
363 1909 402 1980 δι’
421 1910 619 2000 ὀφθαλμῶν,
635 1921 734 1982 τοῦτο
750 1919 786 1983 δὲ
797 1912 836 1983 δι’
852 1914 947 1984 ὤτων
960 1918 1061 1984 τεκαὶ

62 2015 177 2096 ρἰνιδυ,
193 2017 293 2078 τοῦτο
307 2013 344 2078 δὲ
357 2013 412 2079 καλ
430 2009 485 2078 διδ
501 2019 623 2099 λαιμοῦ
637 2014 693 2080 καλ
705 2011 928 2099 ἀφροδισίων·
948 2013 1005 2101 ὑφ’
1021 2008 1062 2102 ἧς

61 2108 99 2197 δὴ
120 2110 267 2197 δεούσης
288 2106 399 2200 άενάφ
421 2114 530 2178 τεκαὶ
552 2119 685 2201 θολερῷ
709 2113 848 2198 ῥεύματι
874 2120 978 2180 πᾶσαι
998 2113 1061 2198 μὲν

16 2213 17 2220 ’
61 2207 308 2295 ἀνευρύνονται
323 2204 411 2275 ὁδοί·
442 2213 687 2295 συνεισέρχεται
702 2208 768 2298 γάρ
788 2219 914 2298 μοιχεία
929 2215 984 2280 καὶ
1000 2239 1058 2297 φι-

60 2315 226 2395 λαργυρία
240 2311 295 2376 καλ
310 2309 461 2393 ἐπιορκία
481 2311 535 2375 καὶ
555 2307 593 2376 ιδ
606 2318 738 2378 τοιοῦτο
761 2318 871 2396 φῦλον
889 2319 958 2378 τῶν
976 2309 1060 2396 ἡδο-

60 2417 142 2476 νδυ·
169 2406 396 2492 παρασύρεται
411 2405 447 2473 δὲ
461 2414 518 2491 τῆς
531 2415 637 2495 ψυχῆς
654 2407 923 2495 ὑποκλυζομένης
936 2408 1060 2475 πάντο-

59 2517 120 2574 θεν
136 2503 243 2583 αίδιδς
260 2507 315 2572 καί
328 2500 428 2588 ἀρετὴ
450 2505 505 2572 καὶ
521 2507 734 2592 δικαιοσύνη·
762 2513 830 2572 τοῖν
852 2507 889 2573 δὲ
902 2512 1024 2593 ἔρημος
1040 2504 1058 2574 ὁ

59 2612 166 2688 χοῖρος
177 2602 360 2689 γενόμενος
374 2605 472 2688 δίψης
486 2599 537 2670 άεί
552 2605 782 2691 πιμπλάμενος
802 2603 904 2675 ιἰνθεί
921 2615 1057 2686 πολλαλς

58 2729 86 2770 τε
107 2703 169 2771 καί
189 2699 319 2786 άγρίαις
335 2703 536 2787 ἐπιθυμίαις.
559 2702 719 2789 τοιαύτην
738 2701 901 2790 άπέφαιυε
917 2702 980 2792 την
993 2707 1057 2773 πό·
1078 2721 1112 2776 οδ
1204 2727 1207 2733 “

57 2809 105 2868 λιν
124 2803 188 2869 καλ
200 2800 373 2866 τοσούτων
389 2799 591 2869 διδάσκαλον
607 2799 757 2888 άμαθοδν.
803 2807 850 2873 17.
875 2802 968 2890 ἔγωγ’
984 2797 1058 2888 ούυ,

57 2903 125 2985 ἔφη,
140 2897 203 2967 ὅτε
217 2897 255 2965 τδ
270 2907 403 2984 πρῶτον
418 2900 574 2988 ἐπανῄειν
589 2897 654 2968 άπδ
672 2908 730 2988 τῆς
738 2898 902 2988 Ἑλλάδος,
918 2911 1060 2989 πλησίου

56 3021 115 3065 που
139 2995 329 3084 γενόμενος
351 2999 525 3083 ἐπιστήσας
548 2996 693 3084 ἐμαντδυ
712 3001 816 3085 λόγον
835 2999 985 3090 άπῄτουυ
1001 3009 1060 3089 τῆς

56 3099 153 3180 δεῦρο
174 3091 331 3180 ἀφίξεως,
347 3097 457 3164 ἐκεῖνα
472 3095 512 3183 δὴ
528 3094 568 3165 τά
585 3103 645 3164 τοῦ
657 3095 804 3184 Ὁμήρου
818 3103 939 3186 λέγων·

153 3189 243 3264 τίπτ’
262 3185 344 3278 αὖτ’,
364 3185 391 3261 ά
408 3195 560 3280 δύστηνε,
576 3192 684 3263 λιπιδν
699 3195 785 3281 φάος
797 3195 931 3283 ἠελίοιο,

56 3290 265 3378 ιὴνἙλλάδα
275 3290 404 3377 καλιὴν
416 3290 570 3378 εὐτυχίαν
581 3295 712 3380 ἐκείνην
723 3296 777 3362 καλ
787 3293 848 3382 τὴν
861 3298 1059 3382 ἐλευθερίαν

378 3388 514 3478 ἤλυθες,
532 3391 622 3477 ὅφρα
638 3396 710 3480 δδης
877 3481 922 3541 2*
