2550 3825
152 153 211 215 198
497 160 800 219 ΛΟΤΚΙΑΝΟΥ

148 340 183 381 τε
198 313 290 392 ὄντες
307 314 401 383 αὐτοὶ
415 319 469 385 καὶ
489 325 625 402 θνητῶν
645 317 785 405 ἀγαθῶν
803 320 1028 405 τετυχηκότες·
1061 324 1095 387 οί
1108 322 1144 387 δὲ

148 410 396 499 ἀποδυσάμενοι
409 412 449 481 τά
463 414 596 501 λαμπρά
614 420 723 484 ἐκεῖνα
738 418 863 504 πάντα,
878 418 1043 496 πλούτους
1058 423 1144 503 λέγω

148 515 202 577 καὶ
215 514 296 597 γένη
307 515 360 579 καὶ
371 517 579 599 δυναστείας,
594 519 715 600 γυμνοὶ
726 515 815 583 κάτω
826 516 1018 594 νενευκότες
1028 542 1144 601 παρει-

147 609 309 694 στήκεσαν
322 608 431 696 ῶσπερ
441 609 515 678 τινά
527 611 660 697 ὄνειρον
671 612 980 700 ἀναπεμπαζόμενοι
991 612 1051 701 τὴν
1062 614 1142 701 παρ’

145 704 225 791 ἡμῖν
240 704 469 793 εὐδαιμονίαν·
493 708 576 777 ῶστε
590 717 694 797 ἔγωγε
707 720 808 779 ταῦτα
823 710 913 799 ὁρῶν
926 711 1144 798 ὑπερέχαιρον

147 803 202 869 καὶ
217 811 250 869 εί
264 829 338 869 τινα
357 812 554 891 γνωρίσαιμι
568 805 695 893 αὐτῶν,
720 808 869 893 προσιῶν
885 804 928 876 ἀν
947 808 1054 896 ἡσυχῆ
1074 834 1141 887 πως

147 896 397 987 ὑπεμίμνησκον
418 900 486 982 οἶος
499 897 543 991 ἦν
561 905 650 991 παρά
665 902 725 972 τόν
745 912 820 991 βίον
834 910 888 974 καὶ
903 905 1020 994 ἡλίκον
1035 905 1143 992 ἐφύσα

146 998 236 1084 τότε,
253 995 351 1082 ἡνίκα
370 1006 487 1069 πολλοὶ
500 1003 561 1088 μὲν
577 1005 687 1072 ἕωθεν
701 1008 754 1073 ἐπὶ
768 1013 836 1073 τῶν
850 1005 1016 1073 πυλώνων
1027 1028 1142 1090 παρει-

147 1095 308 1179 στήκεσαν
319 1094 380 1182 τὴν
390 1099 538 1185 πρόοδον
547 1102 652 1168 αὐτοῦ
663 1108 896 1188 περιμένοντες
907 1101 1100 1187 ῶθοόμενοί
1108 1126 1142 1167 τε

80 1209 129 1264 m
145 1199 200 1263 καὶ
215 1194 465 1284 ἀποκλειόμενοι
475 1198 559 1287 πρός
571 1209 639 1269 τῶν
654 1210 807 1271 οἰκετῶν·
829 1203 894 1273 ὁδὲ
905 1203 1001 1291 μόγις
1011 1200 1054 1271 ἀν
1064 1226 1143 1271 ποτε

145 1292 317 1372 ἀνατείλας
332 1295 443 1375 αὐτοῖς
459 1306 656 1384 πορφυροῦς
671 1328 720 1380 τις
733 1298 755 1387 ἦ
767 1309 964 1389 περίχρυσος
978 1298 1000 1390 ἦ
1012 1307 1143 1370 διαποί-

146 1402 237 1471 κιλος
253 1391 451 1480 εὐδαίμονας
471 1395 551 1488 ᾤετο
572 1400 627 1465 καὶ
643 1406 824 1483 μακαρίους
845 1398 1046 1487 ἀποφαίνειν
1064 1396 1144 1475 τούς

145 1492 403 1581 προσειπόντας,
413 1490 502 1581 ἦντὸ
514 1503 637 1582 στῆθος
647 1494 669 1583 ἦ
680 1496 741 1585 τὴν
753 1497 864 1578 δεξιάν
875 1505 1059 1585 προτείνων
1070 1502 1143 1581 δοίη

145 1601 347 1676 καταφιλεῖν.
372 1595 492 1661 ἐκείνοι
506 1594 568 1679 μὲν
583 1589 647 1662 οὖν
660 1593 802 1682 ἠνιῶντο
819 1595 1006 1675 ἀκούοντες.
1032 1604 1080 1665 13.
1096 1601 1143 1685 τῷ
1217 1642 1221 1648 -

146 1690 182 1757 δέ
196 1697 312 1758 Μίνωϊ
323 1698 381 1776 μία
396 1718 445 1770 τις
460 1695 515 1761 καὶ
530 1693 613 1777 πρός
629 1694 727 1778 χάριν
741 1695 919 1781 ἐδικάσθη·
939 1694 999 1763 τόν
1013 1695 1076 1781 γάρ
1091 1720 1142 1761 τοι

144 1790 350 1880 Σικελιῶτηυ
369 1792 555 1858 Διονόσιον
575 1792 682 1860 πολλά
703 1818 739 1859 τε
758 1796 813 1861 καὶ
832 1791 925 1861 δεινά
947 1795 1002 1861 καὶ
1024 1792 1143 1861 ἀνόσια

144 1885 212 1956 ἀπό
229 1915 264 1954 τε
277 1896 408 1967 Δίωνος
423 1896 692 1978 κατηγορηθέντα
706 1894 760 1961 καὶ
777 1889 841 1960 ὑπό
863 1901 920 1980 τῆς
935 1900 1029 1972 σκιάς
1043 1919 1142 1961 κατα-

145 1991 400 2073 μαρτυρηθέντα
420 1989 600 2076 παρελθῶν
622 1988 828 2076 Ἀρίστιππος
851 1989 869 2060 ὁ
891 2001 1081 2078 Κυρηναῖος
1099 2028 1142 2039 -

145 2083 264 2171 ἀγουσι
284 2082 315 2152 δ’
334 2083 438 2155 αὐτόν
458 2091 495 2154 ἐν
516 2096 593 2177 τιμῇ
617 2094 671 2158 καὶ
687 2090 827 2157 δόναται
847 2095 1002 2178 μέγιστον
1022 2093 1059 2158 ἐν
1075 2105 1143 2168 τοῖς

144 2184 234 2251 κάτω
248 2224 292 2236 -
301 2193 424 2272 μικροῦ
440 2192 511 2254 δεῖν
523 2194 563 2276 τῇ
574 2195 719 2278 Χιμαίρᾳ
735 2193 962 2274 προσδεθέντα
977 2193 1143 2272 παρέλυσε

144 2290 201 2369 τῆς
217 2288 392 2370 καταδίκης
406 2289 511 2371 λέγων
527 2295 660 2364 πολλοῖς
674 2284 779 2354 αὐτόν
792 2294 860 2354 τῶν
869 2291 1143 2372 πεπαιδευμένων

143 2381 228 2469 πρός
238 2382 402 2470 ἀργόριου
416 2388 575 2470 γενέσθαι
589 2386 707 2464 δεξιόν.
732 2391 780 2452 14.
794 2382 996 2463 ἀποστάντες
1007 2386 1042 2453 δὲ
1053 2383 1141 2470 ὅμως

143 2491 204 2552 τοῦ
219 2490 432 2571 δικαστηρίου
442 2483 524 2572 πρός
534 2484 571 2554 τό
587 2485 805 2571 κολαστήριον
819 2481 1062 2569 ἀφικνούμεθα.
1086 2489 1142 2550 ἐν-

77 2599 128 2655 4⁷5
143 2593 192 2651 θα
213 2584 270 2670 δή,
296 2576 323 2650 ῶ
342 2591 433 2668 φίλε,
461 2583 567 2652 πολλά
588 2586 643 2652 καὶ
660 2579 785 2650 ἐλεεινὰ
799 2575 843 2668 ἦν
858 2584 912 2649 καὶ
928 2579 1069 2650 ἀκοῦσαι
1087 2585 1143 2649 καὶ

145 2685 243 2748 ίδείυ·
264 2685 432 2766 μαστίγων
443 2707 478 2748 τε
492 2679 556 2766 γάρ
572 2680 657 2768 ὁμοῦ
671 2681 782 2765 ψόφος
791 2677 931 2766 ἠκούετο
946 2682 1001 2748 καὶ
1015 2677 1140 2765 οίμωγη

144 2783 212 2844 τῶν
226 2779 277 2843 ἐπὶ
287 2783 349 2843 τοῦ
358 2774 466 2860 πυρός
479 2776 679 2864 ὀπτωμένων
693 2780 747 2845 καὶ
759 2781 911 2865 στρέβλαι
922 2781 977 2846 καὶ
988 2777 1142 2863 κόφωνες

145 2876 199 2941 καὶ
222 2879 346 2959 τροχοί,
371 2878 425 2942 καὶ
448 2873 469 2962 ἡ
489 2883 633 2962 Χίμαιρα
655 2875 834 2960 ἐσπάραττε
859 2880 913 2944 καὶ
934 2873 951 2943 ὁ
974 2878 1139 2962 Κέρβερος

145 2969 364 3057 ἐδάρδαπτεν,
382 2974 573 3054 ἐκολάζοντό
586 3001 621 3041 τε
634 2973 702 3061 ἅμα
719 2975 857 3060 πάντες,
880 2982 1041 3062 βασιλεῖς,
1061 2976 1143 3038 δοῦ-

144 3078 211 3152 λοι,
223 3069 404 3156 σατράπαι,
421 3072 572 3157 πένητες,
583 3071 755 3157 πλούσιοι,
769 3078 907 3158 πτωχοί,
924 3074 978 3138 καὶ
989 3072 1143 3157 μετέμελε

144 3171 224 3232 πᾶσι
239 3173 306 3233 τῶν
319 3172 576 3254 τετολμημένων.
600 3173 709 3247 ἐνίους
724 3170 759 3236 δὲ
770 3167 882 3236 αὐτῶν
892 3169 947 3238 καὶ
960 3171 1143 3253 ἐγνωρίσα-

144 3289 206 3350 μεν
222 3265 365 3352 ίδόντες,
380 3263 497 3335 ὁπόσοι
510 3260 596 3353 ἦσαν
610 3274 679 3335 τῶν
692 3273 830 3353 ἔναγχος
845 3264 1141 3350 τετελευτηκότων·

143 3366 177 3427 οί
191 3365 228 3430 δὲ
241 3362 501 3432 ένειιαλάπτουτο
520 3367 574 3432 καὶ
590 3361 853 3450 ἀπεστρέφοντο,
875 3368 905 3430 εί
918 3363 953 3430 δὲ
968 3364 1024 3429 καὶ
1038 3378 1141 3444 προσ-
