<?xml version="1.0" encoding="UTF-8"?>
<!DOCTYPE html PUBLIC "-//W3C//DTD XHTML 1.0 Transitional//EN"
    "http://www.w3.org/TR/xhtml1/DTD/xhtml1-transitional.dtd">
<html xmlns="http://www.w3.org/1999/xhtml" xml:lang="en" lang="en">
 <head>
  <title>
</title>
<meta http-equiv="Content-Type" content="text/html;charset=utf-8" />
  <meta name='ocr-system' content='tesseract 3.04.00' />
  <meta name='ocr-capabilities' content='ocr_page ocr_carea ocr_par ocr_line ocrx_word'/>
</head>
<body>
  <div class='ocr_page' id='page_1' title='image "./lucianisamosate03jacogoog/lucianisamosate03jacogoog_0064.png"; bbox 0 0 2550 3825; ppageno 0'>
   <div class='ocr_carea' id='block_1_1' title="bbox 492 192 1103 256">
    <p class='ocr_par' dir='ltr' id='par_1_1' title="bbox 492 192 1103 256">
     <span class='ocr_line' id='line_1_1' title="bbox 492 192 1103 256; baseline 0.011 -7"><span class='ocrx_word' id='word_1_1' title='bbox 492 193 670 252; x_wconf 75' lang='grc' dir='ltr'><strong><em>ΤΙΜΩΝ.</em></strong></span> <span class='ocrx_word' id='word_1_2' title='bbox 1046 192 1103 256; x_wconf 87' lang='grc'><strong><em>45.</em></strong></span> 
     </span>
    </p>
   </div>
   <div class='ocr_carea' id='block_1_2' title="bbox 6 346 1153 3484">
    <p class='ocr_par' dir='ltr' id='par_1_2' title="bbox 87 346 1089 1128">
     <span class='ocr_line' id='line_1_2' title="bbox 168 346 1089 442; baseline 0.008 -25"><span class='ocrx_word' id='word_1_3' title='bbox 168 357 331 420; x_wconf 77' lang='grc' dir='ltr'><em>ΠΛΟΤΤ.</em></span> <span class='ocrx_word' id='word_1_4' title='bbox 364 349 416 419; x_wconf 92' lang='grc' dir='ltr'><strong><em>Οὐ</em></strong></span> <span class='ocrx_word' id='word_1_5' title='bbox 430 359 567 437; x_wconf 87' lang='grc' dir='ltr'><strong><em>τυφλοί,</em></strong></span> <span class='ocrx_word' id='word_1_6' title='bbox 585 346 612 419; x_wconf 85' lang='grc' dir='ltr'><strong><em>ώ</em></strong></span> <span class='ocrx_word' id='word_1_7' title='bbox 626 350 756 439; x_wconf 84' lang='grc' dir='ltr'><strong><em>ἀριστε,</em></strong></span> <span class='ocrx_word' id='word_1_8' title='bbox 773 352 846 423; x_wconf 87' lang='grc' dir='ltr'><strong><em>ἀλλ’</em></strong></span> <span class='ocrx_word' id='word_1_9' title='bbox 862 353 884 442; x_wconf 81' lang='grc' dir='ltr'><em>ἡ</em></span> <span class='ocrx_word' id='word_1_10' title='bbox 899 354 1019 442; x_wconf 87' lang='grc' dir='ltr'><strong><em>άγνοια</em></strong></span> <span class='ocrx_word' id='word_1_11' title='bbox 1033 358 1089 425; x_wconf 79' lang='grc' dir='ltr'><strong><em>καὶ</em></strong></span> 
     </span>
     <span class='ocr_line' id='line_1_3' title="bbox 89 444 1087 538; baseline 0.011 -26"><span class='ocrx_word' id='word_1_12' title='bbox 89 444 108 533; x_wconf 83' lang='grc' dir='ltr'><em>ἡ</em></span> <span class='ocrx_word' id='word_1_13' title='bbox 125 444 249 534; x_wconf 90' lang='grc' dir='ltr'><strong><em>ἀπάτη,</em></strong></span> <span class='ocrx_word' id='word_1_14' title='bbox 267 453 365 536; x_wconf 81' lang='grc' dir='ltr'><strong><em>αἵπερ</em></strong></span> <span class='ocrx_word' id='word_1_15' title='bbox 380 456 445 517; x_wconf 89' lang='grc' dir='ltr'><strong><em>νῦν</em></strong></span> <span class='ocrx_word' id='word_1_16' title='bbox 460 452 633 535; x_wconf 75' lang='grc' dir='ltr'><strong><em>κατέχουσι</em></strong></span> <span class='ocrx_word' id='word_1_17' title='bbox 644 448 684 517; x_wconf 83' lang='grc' dir='ltr'><strong><em>τά</em></strong></span> <span class='ocrx_word' id='word_1_18' title='bbox 695 451 821 538; x_wconf 90' lang='grc' dir='ltr'><strong><em>πάντα,</em></strong></span> <span class='ocrx_word' id='word_1_19' title='bbox 840 456 1087 536; x_wconf 80' lang='grc' dir='ltr'><strong><em>ἐπισκιάζουσιν</em></strong></span> 
     </span>
     <span class='ocr_line' id='line_1_4' title="bbox 88 542 1087 638; baseline 0.007 -26"><span class='ocrx_word' id='word_1_20' title='bbox 88 542 222 625; x_wconf 88' lang='grc' dir='ltr'><strong><em>αὐτούς·</em></strong></span> <span class='ocrx_word' id='word_1_21' title='bbox 245 554 292 616; x_wconf 85' lang='grc' dir='ltr'><strong><em>ἐτι</em></strong></span> <span class='ocrx_word' id='word_1_22' title='bbox 314 549 349 616; x_wconf 77' lang='grc' dir='ltr'><strong><em>δὲ</em></strong></span> <span class='ocrx_word' id='word_1_23' title='bbox 370 551 425 616; x_wconf 83' lang='grc' dir='ltr'><strong><em>καὶ</em></strong></span> <span class='ocrx_word' id='word_1_24' title='bbox 445 546 560 631; x_wconf 85' lang='grc' dir='ltr'><strong><em>αὐτός,</em></strong></span> <span class='ocrx_word' id='word_1_25' title='bbox 582 545 627 625; x_wconf 86' lang='grc' dir='ltr'><strong><em>ώς</em></strong></span> <span class='ocrx_word' id='word_1_26' title='bbox 650 548 694 635; x_wconf 82' lang='grc' dir='ltr'><strong><em>μη</em></strong></span> <span class='ocrx_word' id='word_1_27' title='bbox 709 551 921 618; x_wconf 88' lang='grc' dir='ltr'><strong><em>παντάπασιν</em></strong></span> <span class='ocrx_word' id='word_1_28' title='bbox 935 550 1087 638; x_wconf 87' lang='grc' dir='ltr'><strong><em>ἀμορφος</em></strong></span> 
     </span>
     <span class='ocr_line' id='line_1_5' title="bbox 90 646 1087 738; baseline 0.005 -26"><span class='ocrx_word' id='word_1_29' title='bbox 90 654 168 731; x_wconf 85' lang='grc' dir='ltr'><strong><em>είην,</em></strong></span> <span class='ocrx_word' id='word_1_30' title='bbox 184 646 397 729; x_wconf 77' lang='grc' dir='ltr'><strong><em>προσωπεῖόν</em></strong></span> <span class='ocrx_word' id='word_1_31' title='bbox 407 674 438 714; x_wconf 94' lang='grc' dir='ltr'><strong><em>τι</em></strong></span> <span class='ocrx_word' id='word_1_32' title='bbox 449 646 696 733; x_wconf 76' lang='grc' dir='ltr'><strong><em>ἐρασμιώτατον</em></strong></span> <span class='ocrx_word' id='word_1_33' title='bbox 706 652 935 738; x_wconf 74' lang='grc' dir='ltr'><strong><em>περιθέμενος,</em></strong></span> <span class='ocrx_word' id='word_1_34' title='bbox 949 652 1087 736; x_wconf 88' lang='grc' dir='ltr'><strong><em>διάχρυ-</em></strong></span> 
     </span>
     <span class='ocr_line' id='line_1_6' title="bbox 88 744 1086 833; baseline 0.006 -26"><span class='ocrx_word' id='word_1_35' title='bbox 88 761 147 808; x_wconf 89' lang='grc' dir='ltr'><strong><em>σον</em></strong></span> <span class='ocrx_word' id='word_1_36' title='bbox 173 746 228 810; x_wconf 80' lang='grc' dir='ltr'><strong><em>καὶ</em></strong></span> <span class='ocrx_word' id='word_1_37' title='bbox 254 744 513 830; x_wconf 76' lang='grc' dir='ltr'><strong><em>λιθοκόλλητον,</em></strong></span> <span class='ocrx_word' id='word_1_38' title='bbox 539 745 594 812; x_wconf 77' lang='grc' dir='ltr'><strong><em>καὶ</em></strong></span> <span class='ocrx_word' id='word_1_39' title='bbox 616 751 748 813; x_wconf 80' lang='grc' dir='ltr'><strong><em>ποικίλα</em></strong></span> <span class='ocrx_word' id='word_1_40' title='bbox 770 744 870 826; x_wconf 85' lang='grc' dir='ltr'><strong><em>ἐνδύς</em></strong></span> <span class='ocrx_word' id='word_1_41' title='bbox 896 749 1086 833; x_wconf 77' lang='grc' dir='ltr'><strong><em>ἐντυγχάνω</em></strong></span> 
     </span>
     <span class='ocr_line' id='line_1_7' title="bbox 89 837 1086 930; baseline 0.006 -23"><span class='ocrx_word' id='word_1_42' title='bbox 89 837 213 920; x_wconf 84' lang='grc' dir='ltr'><strong><em>αὐτοῖς·</em></strong></span> <span class='ocrx_word' id='word_1_43' title='bbox 237 846 271 909; x_wconf 90' lang='grc' dir='ltr'><strong><em>οί</em></strong></span> <span class='ocrx_word' id='word_1_44' title='bbox 291 845 327 909; x_wconf 79' lang='grc' dir='ltr'><strong><em>δὲ</em></strong></span> <span class='ocrx_word' id='word_1_45' title='bbox 348 840 612 927; x_wconf 80' lang='grc' dir='ltr'><strong><em>αὐτοπρόσωπον</em></strong></span> <span class='ocrx_word' id='word_1_46' title='bbox 633 843 781 929; x_wconf 78' lang='grc' dir='ltr'><strong><em>οἰόμενοι</em></strong></span> <span class='ocrx_word' id='word_1_47' title='bbox 802 843 887 930; x_wconf 84' lang='grc' dir='ltr'><strong><em>ὁρᾶν</em></strong></span> <span class='ocrx_word' id='word_1_48' title='bbox 907 845 944 913; x_wconf 89' lang='grc' dir='ltr'>τό</span> <span class='ocrx_word' id='word_1_49' title='bbox 965 846 1086 925; x_wconf 88' lang='grc' dir='ltr'><strong><em>κάλλος</em></strong></span> 
     </span>
     <span class='ocr_line' id='line_1_8' title="bbox 87 938 1088 1030; baseline 0.008 -26"><span class='ocrx_word' id='word_1_50' title='bbox 87 939 185 1021; x_wconf 79' lang='grc' dir='ltr'><strong><em>έρώσι</em></strong></span> <span class='ocrx_word' id='word_1_51' title='bbox 207 943 261 1007; x_wconf 82' lang='grc' dir='ltr'><strong><em>καὶ</em></strong></span> <span class='ocrx_word' id='word_1_52' title='bbox 282 939 487 1008; x_wconf 80' lang='grc' dir='ltr'><strong><em>ἀπόλλυνται</em></strong></span> <span class='ocrx_word' id='word_1_53' title='bbox 507 938 553 1025; x_wconf 78' lang='grc' dir='ltr'><strong><em>μὴ</em></strong></span> <span class='ocrx_word' id='word_1_54' title='bbox 571 941 837 1027; x_wconf 85' lang='grc' dir='ltr'><strong><em>ἐντυγχάνοντες.</em></strong></span> <span class='ocrx_word' id='word_1_55' title='bbox 876 941 920 1022; x_wconf 82' lang='grc' dir='ltr'><strong><em>ὡς</em></strong></span> <span class='ocrx_word' id='word_1_56' title='bbox 942 954 976 1012; x_wconf 81' lang='grc' dir='ltr'><strong><em>εί</em></strong></span> <span class='ocrx_word' id='word_1_57' title='bbox 986 949 1027 1030; x_wconf 89' lang='grc' dir='ltr'><strong><em>γέ</em></strong></span> <span class='ocrx_word' id='word_1_58' title='bbox 1038 970 1088 1022; x_wconf 89' lang='grc' dir='ltr'><strong><em>τις</em></strong></span> 
     </span>
     <span class='ocr_line' id='line_1_9' title="bbox 87 1033 1087 1128; baseline 0.011 -27"><span class='ocrx_word' id='word_1_59' title='bbox 87 1033 199 1114; x_wconf 80' lang='grc' dir='ltr'><strong><em>αὐτοῖς</em></strong></span> <span class='ocrx_word' id='word_1_60' title='bbox 215 1034 296 1104; x_wconf 84' lang='grc' dir='ltr'><strong><em>ὅλον</em></strong></span> <span class='ocrx_word' id='word_1_61' title='bbox 314 1036 559 1124; x_wconf 76' lang='grc' dir='ltr'><strong><em>ἀπογυμνώσας</em></strong></span> <span class='ocrx_word' id='word_1_62' title='bbox 577 1042 721 1119; x_wconf 81' lang='grc' dir='ltr'><strong><em>ἐπέδειξέ</em></strong></span> <span class='ocrx_word' id='word_1_63' title='bbox 736 1068 793 1127; x_wconf 88' lang='grc' dir='ltr'><strong><em>με,</em></strong></span> <span class='ocrx_word' id='word_1_64' title='bbox 813 1047 917 1128; x_wconf 79' lang='grc' dir='ltr'><strong><em>δῆλον</em></strong></span> <span class='ocrx_word' id='word_1_65' title='bbox 932 1040 976 1122; x_wconf 81' lang='grc' dir='ltr'><strong><em>ὡς</em></strong></span> <span class='ocrx_word' id='word_1_66' title='bbox 989 1070 1087 1111; x_wconf 90' lang='grc' dir='ltr'><strong><em>κατε-</em></strong></span> 
     </span>
    </p>

    <p class='ocr_par' dir='ltr' id='par_1_3' title="bbox 6 1131 1150 1323">
     <span class='ocr_line' id='line_1_10' title="bbox 6 1131 1150 1227; baseline 0.01 -27"><span class='ocrx_word' id='word_1_67' title='bbox 6 1132 17 1151; x_wconf 72' lang='grc'><strong>”</strong></span> <span class='ocrx_word' id='word_1_68' title='bbox 86 1140 253 1219; x_wconf 87' lang='grc' dir='ltr'><strong><em>γίνωσκον</em></strong></span> <span class='ocrx_word' id='word_1_69' title='bbox 274 1131 318 1203; x_wconf 86' lang='grc' dir='ltr'><strong><em>άν</em></strong></span> <span class='ocrx_word' id='word_1_70' title='bbox 339 1134 451 1203; x_wconf 79' lang='grc' dir='ltr'><strong><em>αὐτῶν</em></strong></span> <span class='ocrx_word' id='word_1_71' title='bbox 474 1134 746 1223; x_wconf 74' lang='grc' dir='ltr'><strong><em>ἀμβλυώττοντες</em></strong></span> <span class='ocrx_word' id='word_1_72' title='bbox 766 1138 807 1207; x_wconf 84' lang='grc' dir='ltr'><strong><em>τά</em></strong></span> <span class='ocrx_word' id='word_1_73' title='bbox 829 1150 1007 1227; x_wconf 90' lang='grc' dir='ltr'><strong><em>τηλικαῦτα</em></strong></span> <span class='ocrx_word' id='word_1_74' title='bbox 1029 1146 1084 1209; x_wconf 84' lang='grc' dir='ltr'><strong><em>καὶ</em></strong></span> <span class='ocrx_word' id='word_1_75' title='bbox 1105 1159 1150 1212; x_wconf 66' lang='grc'><strong><em>141</em></strong></span> 
     </span>
     <span class='ocr_line' id='line_1_11' title="bbox 87 1232 917 1323; baseline 0.008 -24"><span class='ocrx_word' id='word_1_76' title='bbox 87 1234 228 1314; x_wconf 76' lang='grc' dir='ltr'><strong><em>ἐροῦντες</em></strong></span> <span class='ocrx_word' id='word_1_77' title='bbox 242 1232 437 1318; x_wconf 78' lang='grc' dir='ltr'><strong><em>ἀνεράστων</em></strong></span> <span class='ocrx_word' id='word_1_78' title='bbox 451 1237 505 1303; x_wconf 82' lang='grc' dir='ltr'><strong><em>καί</em></strong></span> <span class='ocrx_word' id='word_1_79' title='bbox 521 1234 688 1322; x_wconf 83' lang='grc' dir='ltr'><strong><em>ἀμόρφων</em></strong></span> <span class='ocrx_word' id='word_1_80' title='bbox 704 1239 917 1323; x_wconf 77' lang='grc' dir='ltr'><strong><em>πραγμάτων.</em></strong></span> 
     </span>
    </p>

    <p class='ocr_par' dir='ltr' id='par_1_4' title="bbox 83 1325 1086 1908">
     <span class='ocr_line' id='line_1_12' title="bbox 169 1325 1086 1427; baseline 0.005 -28"><span class='ocrx_word' id='word_1_81' title='bbox 169 1339 220 1401; x_wconf 77' lang='lat'><strong><em>28.</em></strong></span> <span class='ocrx_word' id='word_1_82' title='bbox 242 1339 346 1400; x_wconf 88' lang='lat' dir='ltr'><em>EPM.</em></span> <span class='ocrx_word' id='word_1_83' title='bbox 375 1339 417 1399; x_wconf 85' lang='grc' dir='ltr'><strong><em>Τί</em></strong></span> <span class='ocrx_word' id='word_1_84' title='bbox 431 1325 495 1399; x_wconf 87' lang='grc' dir='ltr'><strong><em>οὐν</em></strong></span> <span class='ocrx_word' id='word_1_85' title='bbox 512 1331 563 1399; x_wconf 87' lang='grc' dir='ltr'><strong><em>ότι</em></strong></span> <span class='ocrx_word' id='word_1_86' title='bbox 577 1337 632 1401; x_wconf 80' lang='grc' dir='ltr'><strong><em>καὶ</em></strong></span> <span class='ocrx_word' id='word_1_87' title='bbox 648 1337 685 1402; x_wconf 86' lang='grc' dir='ltr'><strong><em>ἐν</em></strong></span> <span class='ocrx_word' id='word_1_88' title='bbox 696 1333 786 1425; x_wconf 73' lang='grc' dir='ltr'><strong><em>αὐτῷ</em></strong></span> <span class='ocrx_word' id='word_1_89' title='bbox 797 1334 862 1422; x_wconf 81' lang='grc' dir='ltr'><strong><em>ἤδη</em></strong></span> <span class='ocrx_word' id='word_1_90' title='bbox 872 1344 918 1427; x_wconf 77' lang='grc' dir='ltr'><strong><em>τῷ</em></strong></span> <span class='ocrx_word' id='word_1_91' title='bbox 929 1345 1086 1405; x_wconf 79' lang='grc' dir='ltr'><strong><em>πλουτεῖν</em></strong></span> 
     </span>
     <span class='ocr_line' id='line_1_13' title="bbox 84 1430 1086 1520; baseline 0.007 -23"><span class='ocrx_word' id='word_1_92' title='bbox 84 1431 261 1516; x_wconf 88' lang='grc' dir='ltr'><strong><em>γενόμενοι</em></strong></span> <span class='ocrx_word' id='word_1_93' title='bbox 276 1432 331 1498; x_wconf 80' lang='grc' dir='ltr'><strong><em>καὶ</em></strong></span> <span class='ocrx_word' id='word_1_94' title='bbox 345 1430 382 1498; x_wconf 85' lang='grc' dir='ltr'><strong><em>τό</em></strong></span> <span class='ocrx_word' id='word_1_95' title='bbox 397 1446 608 1517; x_wconf 88' lang='grc' dir='ltr'><strong><em>προσωπείου</em></strong></span> <span class='ocrx_word' id='word_1_96' title='bbox 619 1430 714 1500; x_wconf 82' lang='grc' dir='ltr'><strong><em>αὐτοὶ</em></strong></span> <span class='ocrx_word' id='word_1_97' title='bbox 725 1438 940 1520; x_wconf 78' lang='grc' dir='ltr'><strong><em>περιθέμενοι</em></strong></span> <span class='ocrx_word' id='word_1_98' title='bbox 952 1441 998 1503; x_wconf 86' lang='grc' dir='ltr'><strong><em>ἐτι</em></strong></span> <span class='ocrx_word' id='word_1_99' title='bbox 1010 1438 1086 1516; x_wconf 82' lang='grc' dir='ltr'><strong><em>ἐξα-</em></strong></span> 
     </span>
     <span class='ocr_line' id='line_1_14' title="bbox 84 1526 1085 1620; baseline 0.004 -25"><span class='ocrx_word' id='word_1_100' title='bbox 84 1535 270 1614; x_wconf 78' lang='grc' dir='ltr'><strong><em>πατῶνται,</em></strong></span> <span class='ocrx_word' id='word_1_101' title='bbox 286 1531 341 1596; x_wconf 80' lang='grc' dir='ltr'><strong><em>καὶ</em></strong></span> <span class='ocrx_word' id='word_1_102' title='bbox 356 1526 400 1614; x_wconf 81' lang='grc' dir='ltr'><strong><em>ἥν</em></strong></span> <span class='ocrx_word' id='word_1_103' title='bbox 416 1554 465 1606; x_wconf 88' lang='grc' dir='ltr'><strong><em>τις</em></strong></span> <span class='ocrx_word' id='word_1_104' title='bbox 482 1526 663 1615; x_wconf 81' lang='grc' dir='ltr'><strong><em>ἀφαιρῆται</em></strong></span> <span class='ocrx_word' id='word_1_105' title='bbox 675 1528 814 1618; x_wconf 89' lang='grc' dir='ltr'><strong><em>αὐτούς,</em></strong></span> <span class='ocrx_word' id='word_1_106' title='bbox 831 1539 958 1601; x_wconf 84' lang='grc' dir='ltr'><strong><em>θάττον</em></strong></span> <span class='ocrx_word' id='word_1_107' title='bbox 968 1529 1012 1600; x_wconf 86' lang='grc' dir='ltr'><strong><em>ἀν</em></strong></span> <span class='ocrx_word' id='word_1_108' title='bbox 1022 1532 1085 1620; x_wconf 80' lang='grc' dir='ltr'><strong><em>την</em></strong></span> 
     </span>
     <span class='ocr_line' id='line_1_15' title="bbox 84 1622 1086 1716; baseline 0.006 -24"><span class='ocrx_word' id='word_1_109' title='bbox 84 1622 235 1712; x_wconf 79' lang='grc' dir='ltr'><strong><em>κεφαλὴν</em></strong></span> <span class='ocrx_word' id='word_1_110' title='bbox 250 1622 271 1711; x_wconf 81' lang='grc' dir='ltr'><em>ἢ</em></span> <span class='ocrx_word' id='word_1_111' title='bbox 285 1623 321 1693; x_wconf 87' lang='grc' dir='ltr'><strong><em>τό</em></strong></span> <span class='ocrx_word' id='word_1_112' title='bbox 337 1640 547 1710; x_wconf 80' lang='grc' dir='ltr'><strong><em>προσωπεῖον</em></strong></span> <span class='ocrx_word' id='word_1_113' title='bbox 563 1628 739 1710; x_wconf 79' lang='grc' dir='ltr'><strong><em>πρόοιντο;</em></strong></span> <span class='ocrx_word' id='word_1_114' title='bbox 755 1626 797 1695; x_wconf 92' lang='grc' dir='ltr'><strong><em>οὐ</em></strong></span> <span class='ocrx_word' id='word_1_115' title='bbox 813 1627 878 1715; x_wconf 86' lang='grc' dir='ltr'><strong><em>γάρ</em></strong></span> <span class='ocrx_word' id='word_1_116' title='bbox 888 1628 928 1716; x_wconf 83' lang='grc' dir='ltr'><strong><em>δὴ</em></strong></span> <span class='ocrx_word' id='word_1_117' title='bbox 940 1634 996 1698; x_wconf 88' lang='grc' dir='ltr'><strong><em>καὶ</em></strong></span> <span class='ocrx_word' id='word_1_118' title='bbox 1012 1631 1086 1698; x_wconf 90' lang='grc' dir='ltr'><strong><em>τότε</em></strong></span> 
     </span>
     <span class='ocr_line' id='line_1_16' title="bbox 83 1720 1085 1816; baseline 0.005 -25"><span class='ocrx_word' id='word_1_119' title='bbox 83 1722 219 1810; x_wconf 85' lang='grc' dir='ltr'><strong><em>ἀγνοεῖν</em></strong></span> <span class='ocrx_word' id='word_1_120' title='bbox 240 1720 328 1803; x_wconf 85' lang='grc' dir='ltr'><strong><em>είκός</em></strong></span> <span class='ocrx_word' id='word_1_121' title='bbox 346 1721 485 1808; x_wconf 89' lang='grc' dir='ltr'><strong><em>αὐτούς,</em></strong></span> <span class='ocrx_word' id='word_1_122' title='bbox 508 1722 552 1801; x_wconf 84' lang='grc' dir='ltr'><strong><em>ὡς</em></strong></span> <span class='ocrx_word' id='word_1_123' title='bbox 566 1722 785 1811; x_wconf 73' lang='grc' dir='ltr'><strong><em>έπίχριστοςὴ</em></strong></span> <span class='ocrx_word' id='word_1_124' title='bbox 803 1724 968 1813; x_wconf 86' lang='grc' dir='ltr'><strong><em>εὐμορφία</em></strong></span> <span class='ocrx_word' id='word_1_125' title='bbox 985 1730 1085 1816; x_wconf 87' lang='grc' dir='ltr'><strong><em>ἐστίν,</em></strong></span> 
     </span>
     <span class='ocr_line' id='line_1_17' title="bbox 83 1819 580 1908; baseline -0.002 -18"><span class='ocrx_word' id='word_1_126' title='bbox 83 1827 228 1890; x_wconf 83' lang='grc' dir='ltr'><strong><em>ἔνδοθεν</em></strong></span> <span class='ocrx_word' id='word_1_127' title='bbox 242 1819 283 1888; x_wconf 84' lang='grc' dir='ltr'><strong><em>τά</em></strong></span> <span class='ocrx_word' id='word_1_128' title='bbox 297 1822 407 1888; x_wconf 91' lang='grc' dir='ltr'><strong><em>πάντα</em></strong></span> <span class='ocrx_word' id='word_1_129' title='bbox 423 1819 580 1908; x_wconf 80' lang='grc' dir='ltr'><strong><em>ὁρῶντας.</em></strong></span> 
     </span>
    </p>

    <p class='ocr_par' dir='ltr' id='par_1_5' title="bbox 82 1914 1085 2104">
     <span class='ocr_line' id='line_1_18' title="bbox 168 1914 1085 2012; baseline 0.007 -25"><span class='ocrx_word' id='word_1_130' title='bbox 168 1927 329 1988; x_wconf 72' lang='grc' dir='ltr'><em>ΠΛΟΥΤ.</em></span> <span class='ocrx_word' id='word_1_131' title='bbox 355 1917 428 1988; x_wconf 91' lang='grc' dir='ltr'><strong><em>Οὐκ</em></strong></span> <span class='ocrx_word' id='word_1_132' title='bbox 445 1919 556 2006; x_wconf 87' lang='grc' dir='ltr'><strong><em>ὀλίγα,</em></strong></span> <span class='ocrx_word' id='word_1_133' title='bbox 581 1914 608 1988; x_wconf 86' lang='grc' dir='ltr'><strong><em>ώ</em></strong></span> <span class='ocrx_word' id='word_1_134' title='bbox 617 1919 736 2007; x_wconf 82' lang='grc' dir='ltr'><strong><em>Ἑρμῆ,</em></strong></span> <span class='ocrx_word' id='word_1_135' title='bbox 752 1925 807 1990; x_wconf 85' lang='grc' dir='ltr'><strong><em>καὶ</em></strong></span> <span class='ocrx_word' id='word_1_136' title='bbox 821 1920 903 2008; x_wconf 84' lang='grc' dir='ltr'><strong><em>πρὸς</em></strong></span> <span class='ocrx_word' id='word_1_137' title='bbox 917 1925 1018 1993; x_wconf 91' lang='grc' dir='ltr'><strong><em>τοῦτό</em></strong></span> <span class='ocrx_word' id='word_1_138' title='bbox 1028 1952 1085 2012; x_wconf 89' lang='grc' dir='ltr'><strong><em>μοι</em></strong></span> 
     </span>
     <span class='ocr_line' id='line_1_19' title="bbox 82 2024 352 2104; baseline -0.004 -18"><span class='ocrx_word' id='word_1_139' title='bbox 82 2024 352 2104; x_wconf 79' lang='grc' dir='ltr'><strong><em>συναγωνίζεται.</em></strong></span> 
     </span>
    </p>

    <p class='ocr_par' dir='ltr' id='par_1_6' title="bbox 168 2115 456 2198">
     <span class='ocr_line' id='line_1_20' title="bbox 168 2115 456 2198; baseline -0.007 -12"><span class='ocrx_word' id='word_1_140' title='bbox 168 2125 273 2186; x_wconf 87' lang='grc' dir='ltr'><strong>ΕΡΜ.</strong></span> <span class='ocrx_word' id='word_1_141' title='bbox 301 2115 348 2184; x_wconf 78' lang='grc' dir='ltr'><strong><em>Τᾶ</em></strong></span> <span class='ocrx_word' id='word_1_142' title='bbox 360 2131 456 2198; x_wconf 68' lang='grc' dir='ltr'><strong><em>ποίας</em></strong></span> 
     </span>
    </p>

    <p class='ocr_par' dir='ltr' id='par_1_7' title="bbox 79 2216 1153 3094">
     <span class='ocr_line' id='line_1_21' title="bbox 168 2216 1086 2304; baseline 0.002 -18"><span class='ocrx_word' id='word_1_143' title='bbox 168 2225 332 2287; x_wconf 73' lang='grc' dir='ltr'><em>ΠΛΟῬΤ.</em></span> <span class='ocrx_word' id='word_1_144' title='bbox 362 2216 517 2285; x_wconf 84' lang='grc' dir='ltr'><strong><em>Ἐπειδάν</em></strong></span> <span class='ocrx_word' id='word_1_145' title='bbox 532 2245 581 2296; x_wconf 86' lang='grc' dir='ltr'><strong><em>τις</em></strong></span> <span class='ocrx_word' id='word_1_146' title='bbox 598 2216 745 2304; x_wconf 87' lang='grc' dir='ltr'><strong><em>ἐντυχών</em></strong></span> <span class='ocrx_word' id='word_1_147' title='bbox 759 2216 796 2286; x_wconf 84' lang='grc' dir='ltr'><strong><em>τό</em></strong></span> <span class='ocrx_word' id='word_1_148' title='bbox 812 2227 946 2302; x_wconf 85' lang='grc' dir='ltr'><strong><em>πρώτον</em></strong></span> <span class='ocrx_word' id='word_1_149' title='bbox 959 2218 1086 2288; x_wconf 86' lang='grc' dir='ltr'><strong><em>ἀναπε-</em></strong></span> 
     </span>
     <span class='ocr_line' id='line_1_22' title="bbox 80 2313 1082 2403; baseline -0.003 -15"><span class='ocrx_word' id='word_1_150' title='bbox 80 2319 185 2396; x_wconf 88' lang='grc' dir='ltr'><strong><em>τάσας</em></strong></span> <span class='ocrx_word' id='word_1_151' title='bbox 202 2315 264 2403; x_wconf 83' lang='grc' dir='ltr'><strong><em>τὴν</em></strong></span> <span class='ocrx_word' id='word_1_152' title='bbox 280 2315 395 2401; x_wconf 85' lang='grc' dir='ltr'><strong><em>θύραν</em></strong></span> <span class='ocrx_word' id='word_1_153' title='bbox 411 2319 593 2402; x_wconf 76' lang='grc' dir='ltr'><strong><em>εἰσδέχηταί</em></strong></span> <span class='ocrx_word' id='word_1_154' title='bbox 605 2343 665 2403; x_wconf 87' lang='grc' dir='ltr'><strong><em>με,</em></strong></span> <span class='ocrx_word' id='word_1_155' title='bbox 687 2317 1001 2402; x_wconf 83' lang='grc' dir='ltr'><strong><em>συμπαρεισέρχεται</em></strong></span> <span class='ocrx_word' id='word_1_156' title='bbox 1016 2313 1082 2403; x_wconf 87' lang='grc' dir='ltr'><strong><em>μετ’</em></strong></span> 
     </span>
     <span class='ocr_line' id='line_1_23' title="bbox 81 2411 1085 2502; baseline -0.001 -18"><span class='ocrx_word' id='word_1_157' title='bbox 81 2420 166 2502; x_wconf 82' lang='grc' dir='ltr'><strong><em>ἐμοῦ</em></strong></span> <span class='ocrx_word' id='word_1_158' title='bbox 182 2412 300 2484; x_wconf 85' lang='grc' dir='ltr'><strong><em>λαθών</em></strong></span> <span class='ocrx_word' id='word_1_159' title='bbox 317 2411 334 2481; x_wconf 87' lang='grc' dir='ltr'>ὁ</span> <span class='ocrx_word' id='word_1_160' title='bbox 350 2421 455 2501; x_wconf 87' lang='grc' dir='ltr'><strong><em>τῦφος</em></strong></span> <span class='ocrx_word' id='word_1_161' title='bbox 470 2418 526 2482; x_wconf 86' lang='grc' dir='ltr'><strong><em>καὶ</em></strong></span> <span class='ocrx_word' id='word_1_162' title='bbox 541 2412 562 2501; x_wconf 81' lang='grc' dir='ltr'><em>ἡ</em></span> <span class='ocrx_word' id='word_1_163' title='bbox 577 2414 675 2482; x_wconf 85' lang='grc' dir='ltr'><strong><em>άνοια</em></strong></span> <span class='ocrx_word' id='word_1_164' title='bbox 691 2418 746 2482; x_wconf 83' lang='grc' dir='ltr'><strong><em>καὶ</em></strong></span> <span class='ocrx_word' id='word_1_165' title='bbox 761 2413 1019 2501; x_wconf 80' lang='grc' dir='ltr'><strong><em>ημεγαλοψυχία</em></strong></span> <span class='ocrx_word' id='word_1_166' title='bbox 1029 2419 1085 2484; x_wconf 79' lang='grc' dir='ltr'><strong><em>καὶ</em></strong></span> 
     </span>
     <span class='ocr_line' id='line_1_24' title="bbox 81 2512 1083 2603; baseline -0.002 -19"><span class='ocrx_word' id='word_1_167' title='bbox 81 2521 228 2603; x_wconf 88' lang='grc' dir='ltr'><strong><em>μαλακία</em></strong></span> <span class='ocrx_word' id='word_1_168' title='bbox 243 2517 298 2582; x_wconf 79' lang='grc' dir='ltr'><strong><em>καὶ</em></strong></span> <span class='ocrx_word' id='word_1_169' title='bbox 312 2512 409 2600; x_wconf 86' lang='grc' dir='ltr'><strong><em>ύβρις</em></strong></span> <span class='ocrx_word' id='word_1_170' title='bbox 423 2518 478 2582; x_wconf 81' lang='grc' dir='ltr'><strong><em>καὶ</em></strong></span> <span class='ocrx_word' id='word_1_171' title='bbox 493 2512 604 2601; x_wconf 85' lang='grc' dir='ltr'><strong><em>ἀπάτη</em></strong></span> <span class='ocrx_word' id='word_1_172' title='bbox 619 2517 675 2582; x_wconf 81' lang='grc' dir='ltr'><strong><em>καὶ</em></strong></span> <span class='ocrx_word' id='word_1_173' title='bbox 689 2512 757 2582; x_wconf 83' lang='grc' dir='ltr'><strong><em>ἀλλ’</em></strong></span> <span class='ocrx_word' id='word_1_174' title='bbox 773 2513 854 2581; x_wconf 86' lang='grc' dir='ltr'><strong><em>άττα</em></strong></span> <span class='ocrx_word' id='word_1_175' title='bbox 870 2520 989 2600; x_wconf 90' lang='grc' dir='ltr'><strong><em>μυρία·</em></strong></span> <span class='ocrx_word' id='word_1_176' title='bbox 1017 2512 1083 2582; x_wconf 80' lang='grc' dir='ltr'><strong><em>ὑπὸ</em></strong></span> 
     </span>
     <span class='ocr_line' id='line_1_25' title="bbox 81 2609 1086 2702; baseline -0.004 -18"><span class='ocrx_word' id='word_1_177' title='bbox 81 2615 122 2702; x_wconf 86' lang='grc' dir='ltr'><strong><em>δὴ</em></strong></span> <span class='ocrx_word' id='word_1_178' title='bbox 140 2613 273 2682; x_wconf 88' lang='grc' dir='ltr'><strong><em>τούτων</em></strong></span> <span class='ocrx_word' id='word_1_179' title='bbox 294 2610 454 2680; x_wconf 87' lang='grc' dir='ltr'><strong><em>ἁπάντων</em></strong></span> <span class='ocrx_word' id='word_1_180' title='bbox 475 2615 701 2699; x_wconf 80' lang='grc' dir='ltr'><strong><em>καταληφθεὶς</em></strong></span> <span class='ocrx_word' id='word_1_181' title='bbox 721 2611 783 2698; x_wconf 74' lang='grc' dir='ltr'><strong><em>τὴν</em></strong></span> <span class='ocrx_word' id='word_1_182' title='bbox 796 2609 908 2697; x_wconf 76' lang='grc' dir='ltr'><strong><em>ψυχὴν</em></strong></span> <span class='ocrx_word' id='word_1_183' title='bbox 920 2612 1086 2698; x_wconf 79' lang='grc' dir='ltr'><strong><em>θαυμάζει</em></strong></span> 
     </span>
     <span class='ocr_line' id='line_1_26' title="bbox 79 2708 1153 2798; baseline -0.004 -15"><span class='ocrx_word' id='word_1_184' title='bbox 79 2741 114 2783; x_wconf 90' lang='grc' dir='ltr'><strong><em>τε</em></strong></span> <span class='ocrx_word' id='word_1_185' title='bbox 129 2713 171 2782; x_wconf 85' lang='grc' dir='ltr'><strong><em>τά</em></strong></span> <span class='ocrx_word' id='word_1_186' title='bbox 190 2710 233 2780; x_wconf 93' lang='grc' dir='ltr'><strong><em>οὐ</em></strong></span> <span class='ocrx_word' id='word_1_187' title='bbox 248 2709 425 2798; x_wconf 83' lang='grc' dir='ltr'><strong><em>θαυμαστά</em></strong></span> <span class='ocrx_word' id='word_1_188' title='bbox 439 2714 494 2779; x_wconf 79' lang='grc' dir='ltr'><strong><em>καὶ</em></strong></span> <span class='ocrx_word' id='word_1_189' title='bbox 510 2709 658 2797; x_wconf 80' lang='grc' dir='ltr'><strong><em>ὀρέγεται</em></strong></span> <span class='ocrx_word' id='word_1_190' title='bbox 675 2719 742 2778; x_wconf 85' lang='grc' dir='ltr'><strong><em>τών</em></strong></span> <span class='ocrx_word' id='word_1_191' title='bbox 756 2717 913 2796; x_wconf 81' lang='grc' dir='ltr'><strong><em>φευκτῶν</em></strong></span> <span class='ocrx_word' id='word_1_192' title='bbox 927 2708 1010 2796; x_wconf 73' lang='grc' dir='ltr'><strong><em>κάμὲ</em></strong></span> <span class='ocrx_word' id='word_1_193' title='bbox 1021 2710 1082 2779; x_wconf 87' lang='grc' dir='ltr'><strong><em>τόν</em></strong></span> <span class='ocrx_word' id='word_1_194' title='bbox 1103 2724 1153 2779; x_wconf 77' lang='lat' dir='ltr'><em>m</em></span> 
     </span>
     <span class='ocr_line' id='line_1_27' title="bbox 80 2808 1084 2895; baseline 0.001 -18"><span class='ocrx_word' id='word_1_195' title='bbox 80 2813 221 2879; x_wconf 86' lang='grc' dir='ltr'><strong><em>πάντων</em></strong></span> <span class='ocrx_word' id='word_1_196' title='bbox 242 2813 379 2877; x_wconf 87' lang='grc' dir='ltr'><strong><em>ἐκείνων</em></strong></span> <span class='ocrx_word' id='word_1_197' title='bbox 395 2813 520 2893; x_wconf 86' lang='grc' dir='ltr'><strong><em>πατέρα</em></strong></span> <span class='ocrx_word' id='word_1_198' title='bbox 534 2817 603 2877; x_wconf 91' lang='grc' dir='ltr'><strong><em>τών</em></strong></span> <span class='ocrx_word' id='word_1_199' title='bbox 619 2808 885 2895; x_wconf 81' lang='grc' dir='ltr'><strong><em>εἰσεληλυθότων</em></strong></span> <span class='ocrx_word' id='word_1_200' title='bbox 900 2817 1014 2876; x_wconf 78' lang='grc' dir='ltr'><strong><em>κακῶν</em></strong></span> <span class='ocrx_word' id='word_1_201' title='bbox 1029 2814 1084 2878; x_wconf 71' lang='grc' dir='ltr'><strong><em>τέ·</em></strong></span> 
     </span>
     <span class='ocr_line' id='line_1_28' title="bbox 80 2905 1084 2996; baseline -0.003 -19"><span class='ocrx_word' id='word_1_202' title='bbox 80 2920 172 2996; x_wconf 83' lang='grc' dir='ltr'><strong><em>θηπε</em></strong></span> <span class='ocrx_word' id='word_1_203' title='bbox 190 2907 492 2994; x_wconf 76' lang='grc' dir='ltr'><strong><em>δορυφορούμενον</em></strong></span> <span class='ocrx_word' id='word_1_204' title='bbox 506 2905 561 2974; x_wconf 83' lang='grc' dir='ltr'><strong><em>ὑπ’</em></strong></span> <span class='ocrx_word' id='word_1_205' title='bbox 580 2905 709 2992; x_wconf 77' lang='grc' dir='ltr'><strong><em>αὐτῶν,</em></strong></span> <span class='ocrx_word' id='word_1_206' title='bbox 724 2909 778 2974; x_wconf 77' lang='grc' dir='ltr'><strong><em>καὶ</em></strong></span> <span class='ocrx_word' id='word_1_207' title='bbox 795 2907 904 2973; x_wconf 91' lang='grc' dir='ltr'><strong><em>πάντα</em></strong></span> <span class='ocrx_word' id='word_1_208' title='bbox 919 2906 1084 2994; x_wconf 89' lang='grc' dir='ltr'><strong><em>πρότερον</em></strong></span> 
     </span>
     <span class='ocr_line' id='line_1_29' title="bbox 82 3004 835 3094; baseline 0 -18"><span class='ocrx_word' id='word_1_209' title='bbox 82 3011 192 3078; x_wconf 86' lang='grc' dir='ltr'><strong><em>πάθοι</em></strong></span> <span class='ocrx_word' id='word_1_210' title='bbox 207 3005 252 3076; x_wconf 86' lang='grc' dir='ltr'><strong><em>άν</em></strong></span> <span class='ocrx_word' id='word_1_211' title='bbox 267 3004 289 3094; x_wconf 82' lang='grc' dir='ltr'><strong><em>ἦ</em></strong></span> <span class='ocrx_word' id='word_1_212' title='bbox 307 3008 363 3094; x_wconf 77' lang='grc' dir='ltr'><strong><em>ἐμὲ</em></strong></span> <span class='ocrx_word' id='word_1_213' title='bbox 379 3011 543 3092; x_wconf 88' lang='grc' dir='ltr'><strong><em>προέσθαι</em></strong></span> <span class='ocrx_word' id='word_1_214' title='bbox 557 3007 769 3094; x_wconf 80' lang='grc' dir='ltr'><strong><em>ὑπομείνειεν</em></strong></span> <span class='ocrx_word' id='word_1_215' title='bbox 782 3005 835 3076; x_wconf 86' lang='grc' dir='ltr'><strong><em>ἀν.</em></strong></span> 
     </span>
    </p>

    <p class='ocr_par' dir='ltr' id='par_1_8' title="bbox 79 3098 1085 3484">
     <span class='ocr_line' id='line_1_30' title="bbox 166 3098 1084 3192; baseline -0.003 -17"><span class='ocrx_word' id='word_1_216' title='bbox 166 3114 218 3175; x_wconf 71' lang='lat'><strong><em>29.</em></strong></span> <span class='ocrx_word' id='word_1_217' title='bbox 241 3113 347 3175; x_wconf 83' lang='lat' dir='ltr'><strong><em>EPM.</em></strong></span> <span class='ocrx_word' id='word_1_218' title='bbox 365 3103 422 3185; x_wconf 82' lang='grc' dir='ltr'><strong><em>Ὡς</em></strong></span> <span class='ocrx_word' id='word_1_219' title='bbox 441 3107 477 3174; x_wconf 73' lang='grc' dir='ltr'><strong><em>δὲ</em></strong></span> <span class='ocrx_word' id='word_1_220' title='bbox 494 3115 581 3185; x_wconf 76' lang='grc' dir='ltr'><strong><em>λεῖος</em></strong></span> <span class='ocrx_word' id='word_1_221' title='bbox 591 3106 621 3174; x_wconf 81' lang='grc' dir='ltr'><strong><em>εί</em></strong></span> <span class='ocrx_word' id='word_1_222' title='bbox 630 3109 685 3174; x_wconf 79' lang='grc' dir='ltr'><strong><em>καί</em></strong></span> <span class='ocrx_word' id='word_1_223' title='bbox 696 3103 887 3192; x_wconf 81' lang='grc' dir='ltr'><strong><em>ὀλισθηρός,</em></strong></span> <span class='ocrx_word' id='word_1_224' title='bbox 905 3098 932 3173; x_wconf 86' lang='grc' dir='ltr'><strong><em>ώ</em></strong></span> <span class='ocrx_word' id='word_1_225' title='bbox 942 3112 1084 3190; x_wconf 86' lang='grc' dir='ltr'><strong><em>Πλοῦτε,</em></strong></span> 
     </span>
     <span class='ocr_line' id='line_1_31' title="bbox 80 3202 1085 3293; baseline -0.001 -19"><span class='ocrx_word' id='word_1_226' title='bbox 80 3208 137 3274; x_wconf 83' lang='grc' dir='ltr'><strong><em>καὶ</em></strong></span> <span class='ocrx_word' id='word_1_227' title='bbox 157 3205 361 3289; x_wconf 73' lang='grc' dir='ltr'><strong><em>δυσκάτοχος</em></strong></span> <span class='ocrx_word' id='word_1_228' title='bbox 381 3207 436 3272; x_wconf 83' lang='grc' dir='ltr'><strong><em>καὶ</em></strong></span> <span class='ocrx_word' id='word_1_229' title='bbox 452 3207 704 3291; x_wconf 90' lang='grc' dir='ltr'><strong><em>διαφευκτικός,</em></strong></span> <span class='ocrx_word' id='word_1_230' title='bbox 726 3202 887 3289; x_wconf 81' lang='grc' dir='ltr'><strong><em>οὐδεμίαν</em></strong></span> <span class='ocrx_word' id='word_1_231' title='bbox 901 3202 1085 3293; x_wconf 76' lang='grc' dir='ltr'><strong><em>ἀντιλαβὴν</em></strong></span> 
     </span>
     <span class='ocr_line' id='line_1_32' title="bbox 79 3297 1085 3389; baseline 0 -21"><span class='ocrx_word' id='word_1_232' title='bbox 79 3301 308 3389; x_wconf 85' lang='grc' dir='ltr'><strong><em>παρεχόμενος</em></strong></span> <span class='ocrx_word' id='word_1_233' title='bbox 323 3308 479 3388; x_wconf 89' lang='grc' dir='ltr'><strong><em>βεβαίαν,</em></strong></span> <span class='ocrx_word' id='word_1_234' title='bbox 502 3300 569 3370; x_wconf 87' lang='grc' dir='ltr'><strong><em>ἀλλ’</em></strong></span> <span class='ocrx_word' id='word_1_235' title='bbox 587 3301 698 3388; x_wconf 85' lang='grc' dir='ltr'><strong><em>ώσπερ</em></strong></span> <span class='ocrx_word' id='word_1_236' title='bbox 713 3307 749 3370; x_wconf 86' lang='grc' dir='ltr'><strong><em>αί</em></strong></span> <span class='ocrx_word' id='word_1_237' title='bbox 762 3305 901 3387; x_wconf 87' lang='grc' dir='ltr'><strong><em>ἐγχέλεις</em></strong></span> <span class='ocrx_word' id='word_1_238' title='bbox 916 3297 983 3387; x_wconf 82' lang='grc' dir='ltr'><strong><em>ἢοί</em></strong></span> <span class='ocrx_word' id='word_1_239' title='bbox 990 3301 1085 3387; x_wconf 79' lang='grc' dir='ltr'><strong><em>ὄφεις</em></strong></span> 
     </span>
     <span class='ocr_line' id='line_1_33' title="bbox 80 3395 1084 3484; baseline -0.003 -18"><span class='ocrx_word' id='word_1_240' title='bbox 80 3395 137 3466; x_wconf 82' lang='grc' dir='ltr'><strong><em>διά</em></strong></span> <span class='ocrx_word' id='word_1_241' title='bbox 159 3405 228 3466; x_wconf 80' lang='grc' dir='ltr'><strong><em>τῶν</em></strong></span> <span class='ocrx_word' id='word_1_242' title='bbox 246 3398 420 3466; x_wconf 82' lang='grc' dir='ltr'><strong><em>δακτύλων</em></strong></span> <span class='ocrx_word' id='word_1_243' title='bbox 435 3399 647 3484; x_wconf 88' lang='grc' dir='ltr'><strong><em>δραπετεύεις</em></strong></span> <span class='ocrx_word' id='word_1_244' title='bbox 660 3396 723 3467; x_wconf 91' lang='grc' dir='ltr'><strong><em>οὐκ</em></strong></span> <span class='ocrx_word' id='word_1_245' title='bbox 739 3395 798 3465; x_wconf 79' lang='grc' dir='ltr'><strong><em>οἶδ’</em></strong></span> <span class='ocrx_word' id='word_1_246' title='bbox 814 3395 919 3474; x_wconf 81' lang='grc' dir='ltr'><strong><em>ὅπως·</em></strong></span> <span class='ocrx_word' id='word_1_247' title='bbox 940 3395 961 3482; x_wconf 81' lang='grc' dir='ltr'>ἡ</span> <span class='ocrx_word' id='word_1_248' title='bbox 979 3404 1084 3465; x_wconf 87' lang='grc' dir='ltr'><strong><em>Πενία</em></strong></span> 
     </span>
    </p>
   </div>
   <div class='ocr_carea' id='block_1_3' title="bbox 0 0 1280 3825">
    <p class='ocr_par' dir='ltr' id='par_1_9' title="bbox 0 0 1280 3825">
     <span class='ocr_line' id='line_1_34' title="bbox 0 0 1280 3825; baseline 0 3"><span class='ocrx_word' id='word_1_249' title='bbox 0 0 1280 3825; x_wconf 95' lang='lat' dir='ltr'><strong><em> </em></strong></span> 
     </span>
    </p>
   </div>
  </div>
 </body>
</html>
