2550 3825
405 150 542 212 ΘΕΩΝ
568 148 829 209 ΔΙΑΑΟΓΟΙ
1074 143 1114 205 93

116 308 178 395 μὲν
190 311 227 377 ἐκ
241 317 368 378 πολλοῦ
383 312 439 378 καὶ
453 307 569 393 αύτός,
587 303 812 392 ἀμελούμενος
823 309 858 374 δὲ
869 304 981 374 καὶ
940 333 984 392 μη
1001 310 1115 392 φέρων

116 405 176 493 την
187 405 384 493 ὑπεροψίαν,
396 405 460 494 έγάι
476 402 566 492 μέν’
548 393 720 489 αυέρριψα,
736 403 846 487 ὥσπερ
857 432 873 472 ε
874 405 1043 491 ἰύθειμεν,
1055 400 1115 471 τόν

116 510 231 574 δίσκον
246 505 327 585 ές
292 533 329 574 το
347 505 432 589 ἄνω,
456 532 473 572 ο
463 501 559 572 ’δὲ’
540 503 605 571 απὸ
621 512 683 571 τοῦ
702 506 871 588 Ταϋγέτου
885 503 1115 581 καταπνεύσας

116 606 169 673 έπλ
181 600 331 690 κεφαλὴν
349 629 395 694 τφ
381 606 503 671 παιδὶ
518 605 660 669 ἐνέσεισε
680 604 794 687 φέρων
809 599 930 686 αύτόν,
952 598 1037 668 ὥστε
1050 598 1114 667 ἀπό

116 709 173 788 τῆς
192 709 318 789 πληγῆς
332 699 412 788 αἷμά
429 727 464 768 τε
480 704 602 789 ῥυῆναι
624 698 711 769 πολύ
726 704 780 768 καὶ
794 697 854 768 τόν
869 704 971 768 παῖδα
987 697 1115 778 εὐθέως
1131 708 1183 763 240

116 798 310 869 ἀποθανεῖν.
339 798 422 869 ἀλλά
444 797 507 885 έγά
523 796 583 866 τόν
597 797 660 884 μέν
673 802 830 885 Ζέφυρον
846 797 964 867 αύτίκα
982 796 1114 886 ἠμυνά-

114 924 182 984 μην
191 899 440 984 κατατοξεύσας,
451 899 611 984 φεύγοντι
621 897 839 983 ἐπισπόμενος
848 896 923 983 άγρι
931 903 991 965 τοῦ
1001 894 1113 982 ὅρους,

114 1001 160 1083 τῷ
175 998 267 1063 παιδὶ
287 997 323 1062 δὲ
337 997 393 1064 καὶ
407 994 466 1062 τόν
482 997 591 1081 τάφον
607 994 669 1080 μέν
680 995 864 1081 ’ἐχωσάμην
878 996 916 1062 έν
928 993 1113 1081 Ἀμύκλαις,

113 1092 200 1162 ὅπου
214 1091 232 1160 δ
252 1098 363 1172 δίσκος
377 1091 482 1161 αύτόν
496 1094 671 1180 κατέβαλε,
686 1097 741 1160 καλ
755 1090 891 1160 ἀπὸτοῦ
905 1092 1114 1178 αἴματοςάν·

113 1203 176 1272 θος
191 1191 373 1260 ἀναδοῦναι
388 1191 450 1279 τὴν
470 1201 535 1280 γῆν
554 1195 690 1277 ἐποίησα
707 1190 859 1277 ἥδιστον,
881 1185 1037 1279 οἶἙρμῆ,
1059 1197 1113 1261 καὶ

114 1289 358 1360 εὐανθέστατον
373 1288 508 1358 ἀνθέων
524 1288 700 1374 ἁπάντων,
717 1295 765 1357 ἔτι
778 1292 834 1356 καλ
848 1291 1022 1376 γράμματα
1037 1298 1113 1376 ἔχον

113 1388 309 1469 ἐπαιάζοντα
319 1395 366 1478 τῷ
377 1393 493 1477 νεκρῷ.
509 1381 575 1474 ἀρά
587 1408 640 1456 σοι
652 1385 780 1472 ἀλόγως
791 1395 998 1474 λελυπῆσθαι
1009 1394 1097 1458 δοκοῖ
1104 1420 1112 1468 ;

195 1493 299 1556 EPM.
321 1493 400 1571 Ναί,
419 1480 634 1555 τέ’Ἀπολλον·
656 1486 745 1576 ᾔδεις
758 1485 822 1570 γάρ
833 1483 962 1572 θνητόν
972 1513 1112 1575 πεποιη-

112 1587 211 1670 μένος
228 1583 287 1653 τδυ
302 1586 485 1671 ἐρώμενον·
509 1585 593 1654 ὥστε
608 1584 653 1671 μὴ
671 1583 780 1668 άχθου
796 1581 1036 1666 ἀποθανόντος.

591 1824 640 1886 15.

302 1900 470 1990 mo&
494 1938 579 1989 ιιιι
605 1935 916 1990 κυοιιαΝοΣ.
1128 1947 1177 1998 ιιι

94 2108 96 2113 ·
196 2074 350 2138 1.ΕΡΜ.
380 2067 424 2137 Τό
442 2071 477 2137 δέ
494 2071 550 2138 καὶ
568 2066 677 2153 χωλόν
692 2068 795 2137 αὐτόν
814 2070 895 2138 ὄντα
915 2074 969 2139 καὶ
991 2076 1111 2158 χαλκέα

115 2162 172 2250 τὴν
192 2167 328 2253 τέχνην,
357 2160 578 2252 οἷ’Ἁπολλον,
605 2164 664 2245 τάς
685 2173 858 2247 καλλίστας
879 2174 1110 2255 γεγαμηκέναι,

113 2263 173 2348 τήν
188 2288 223 2330 τε
235 2260 433 2351 Ἀφροδίτην
450 2268 504 2333 καὶ
519 2263 580 2352 τὴν
595 2264 713 2351 Χάριν.

194 2368 268 2429 ΛΠ.
291 2359 463 2448 Εὐποτμία
479 2389 543 2447 τις,
566 2355 718 2449 τάἙρμῆ·
740 2360 827 2448 πλὴν
848 2363 955 2431 ἐκεῖνό
967 2389 1006 2449 γε
1020 2374 1110 2431 θαυ-

104 2458 219 2545 μάζω,
241 2460 277 2526 τὸ
297 2457 473 2545 ἀνέχεσθαι
490 2461 659 2538 συνούσας
674 2458 779 2551 αύτῷ,
802 2464 857 2528 καὶ
875 2461 1013 2547 μάλιστα
1028 2460 1109 2530 όταν

113 2552 236 2641 ὁρῶσιν
252 2560 365 2639 λδροίτι
383 2555 559 2643 ῥεόμενον,
584 2559 616 2635 ἐς
635 2555 698 2643 τὴν
712 2558 856 2642 κάμινον
875 2560 1108 2646 ἐπικεκυφότα,

112 2649 220 2719 πολύν
235 2660 378 2720 αἴθαλον
394 2655 445 2720 ἐπὶ
456 2662 517 2721 τού
527 2654 710 2741 προσάπου
720 2661 851 2741 ἔχοντα
874 2656 960 2726 καλ”
940 2684 1028 2743 ομως
1039 2684 1111 2726 τοι-

112 2756 212 2817 οῦτον
226 2748 307 2817 όντα
321 2751 559 2837 περιβάλλουσί
570 2778 605 2821 τε
621 2750 725 2820 αὐτόν
739 2756 793 2822 καλ
809 2762 946 2840 φιλοῦσι
959 2784 1014 2824 και
1004 2761 1108 2843 ξυγ-
1127 2770 1178 2824 242
1240 2764 1243 2769 ’

110 2848 325 2916 καθεύδουσι.

192 2954 297 3015 ΕΡΜ.
324 2955 429 3016 Τοῦτο
447 2946 556 3017 καῖ’
515 2947 615 3026 αυτὸς
630 2948 805 3034 ἀγανακτω
791 2953 875 3018 καὶ
887 2977 932 3040 τρι
919 2950 1109 3043 ’Ἡφαίστῳ

112 3050 247 3127 φθονῶ·
269 3041 312 3111 ού
329 3047 421 3113 δέ’
381 3072 482 3166 κομα,
501 3073 526 3114 ω
514 3039 713 3133 Ἄπολλον,
729 3074 784 3116 και
773 3049 947 3133 κιθάριζε
961 3052 1017 3117 καλ
1027 3056 1109 3135 μέγα

111 3143 163 3209 ἰπὶ
181 3168 227 3232 τφ
213 3142 355 3211 πάλλει
369 3144 504 3231 φρόνει,
527 3144 617 3231 κάγω
607 3143 685 3215 ἑτέ
698 3173 738 3234 τη
724 3144 860 3235 εὐεξίᾳ
875 3150 930 3214 καλ
946 3173 988 3234 τη
1004 3147 1108 3237 λύρα·

111 3236 194 3325 εἶτα,
213 3239 349 3307 έπειδάν
362 3250 542 3407 κοιμᾶσθαι
557 3246 631 3331 δέη,
646 3243 745 3328 μόνοι
759 3244 1022 3331 καθευδήσομεν.

191 3343 222 3406 2
244 3344 318 3406 ΛΠ
343 3335 478 3423 ’ὶδγωέ
439 3368 462 3427 μ
480 3367 500 3406 ν
515 3344 569 3465 καὶ
583 3340 690 3421 άλλως
703 3340 927 3423 ἀναφρόδιτός
942 3348 1007 3422 εέμι
1021 3343 1103 3421 ές
1068 3372 1107 3411 τα
