2550 3825
489 194 687 251 ΑΛΙΕΥΣ.
1029 193 1091 254 255

170 358 304 420 HAAT.
328 359 412 439 Είση
423 348 556 436 αὐτίκα,
571 347 614 438 ήν
625 353 742 440 ἐθέλης
753 350 891 420 ἀκούειν
903 350 1092 436 ἀπολογου-

88 454 192 537 μένου
211 449 328 536 μόνον.

172 555 261 616 ΦΙΛ.
280 545 443 632 Ἀπίωμεν
458 543 509 613 ἐπ’
518 543 653 630 ’Ἀρειον
663 547 788 632 πάγον,
800 554 927 632 μᾶλλον
940 547 975 612 δὲ
987 547 1019 622 ἐς
1030 542 1092 631 τήν

20 731 24 738 ρ
88 644 271 732 ἀκρόπολιν
294 641 415 730 αύτήν,
443 641 488 721 ὡς
513 639 556 710 ἀν
577 646 613 711 ἐκ
634 651 803 729 περιωπῆς
826 642 894 728 ἅμα
919 648 1092 727 καταφανῆ

89 745 196 810 πάντα
214 751 262 828 είη
280 740 320 809 τά
340 743 377 808 ἐν
394 747 433 828 τῇ
447 740 551 808 πόλει.
584 746 633 810 16.
655 738 749 827 ὑμεῖς
765 745 816 822 δι’,
833 733 983 825 ἀφίλαι,
1002 743 1039 807 ἐν
1052 746 1159 827 tm

88 847 229 927 Ποικίλῃ
249 842 328 917 τέως
344 839 600 924 περιπατήσατε·
630 838 696 925 ήξω
710 836 775 926 γάρ
791 836 871 925 ὑμίν
893 838 1092 905 ἐκδικάσασα

90 935 151 1024 τήν
166 941 271 1022 δίκην.

173 1040 305 1101 AOYK.
332 1038 426 1110 Τίνες
435 1035 474 1099 δέ
483 1039 583 1117 είσιν,
596 1026 623 1101 ἀ
635 1040 839 1118 Φιλοσοφία;
855 1035 947 1100 πάνυ
960 1033 1024 1118 γάρ
1036 1058 1093 1117 μοι

90 1134 224 1220 κόσμιαι
240 1133 294 1199 καὶ
310 1128 405 1198 αὑταὶ
424 1135 591 1198 δοκοῦσιν.

176 1237 264 1298 ΦΙΛ.
284 1227 395 1314 Ἀρετή
413 1230 474 1314 μὲν
488 1226 508 1314 ἡ
524 1227 698 1313 ἀνδρώδης
708 1226 809 1314 αὕτη,
824 1228 1038 1314 Σωφροσύνη
1057 1229 1092 1294 δὲ

91 1331 199 1413 ἐκείνη
214 1328 269 1394 καὶ
283 1325 491 1411 Δικαιοσύνη
506 1324 527 1411 ἡ
540 1324 619 1410 παρ’
637 1324 752 1412 αὐτήν.
774 1323 795 1412 ἡ
811 1329 847 1394 δὲ
857 1327 1092 1412 προηγουμένη

92 1429 247 1510 Παιδεία,
274 1421 450 1511 ήάμυδρά
475 1428 511 1491 δὲ
534 1422 618 1510 αύτη
645 1426 699 1492 καὶ
722 1421 852 1510 ἀσαφής
876 1422 913 1491 τὸ
937 1431 1050 1510 χρῶμα
1071 1420 1091 1508 ἡ

95 1522 243 1608 Αλήθειά
260 1524 356 1590 ἐστιν.

175 1626 305 1687 ΛΟΤΚ.
331 1617 401 1704 Ούχ
416 1616 485 1705 ὁρῶ
497 1616 615 1704 ἥντινα
630 1622 684 1686 καὶ
699 1623 812 1704 λέγεις.

178 1725 267 1786 ΦΙΛ.
303 1716 372 1804 Τήν
397 1716 649 1786 ἀκαλλώπιστον
669 1722 801 1805 ἐκείνην
822 1717 882 1804 οὑχ
906 1715 1001 1808 ὁρᾷς,
1031 1714 1093 1804 τήν

93 1816 240 1902 γυμνήν,
256 1815 317 1902 τήν
332 1815 595 1901 ὑποφεύγουσαν
609 1813 660 1883 ἀεὶ
675 1817 730 1883 καὶ
744 1816 1044 1896 διολισθάνουσαυ;

177 1922 306 1984 ΛΟῬΚ.
324 1912 411 1999 Ὀρῶ
431 1922 496 1981 νῦν
516 1914 620 1999 μόγις.
649 1911 733 1982 ἀλλά
754 1922 788 1983 τί
806 1914 878 2001 ούχί
897 1917 952 1983 καὶ
973 1915 1093 1994 ταύτας

94 2012 201 2097 ἀγεις,
219 2009 262 2090 ὡς
274 2019 396 2097 πλῆρες
411 2013 541 2097 γένοιτο
558 2016 612 2079 καὶ
626 2015 753 2091 ἐντελὲς
766 2012 803 2080 τό
821 2016 1011 2098 ξυνέδριον;
1031 2011 1093 2098 τήν

90 2107 265 2195 Ἀλήθειαν
280 2113 318 2177 δέ
329 2136 367 2195 γε
383 2110 438 2178 καὶ
453 2109 640 2196 ξυνήγορον
651 2110 920 2199 ἀναβιβάσασθαι
936 2107 1019 2197 πρὺς
1031 2110 1093 2195 τήν

94 2212 190 2293 δίκην
207 2207 377 2295 βούλομαι.

180 2314 268 2374 ΦΙΛ.
291 2304 345 2393 Νή
362 2315 444 2393 Δία,
466 2308 718 2396 ἀκολουθήσατε
733 2313 786 2377 καλ
804 2308 911 2395 ὑμεῖς·
940 2305 982 2375 ού
995 2316 1093 2393 χαλε-

94 2401 161 2470 πὸν
174 2401 238 2489 γάρ
254 2411 333 2490 μιάν
349 2408 480 2474 δικάσαι
496 2412 592 2493 δίκην
599 2460 612 2494 ,
623 2413 677 2477 καὶ
692 2417 794 2488 ταῦτα
808 2409 962 2492 περὶτῶν
977 2403 1093 2493 ἡμετέ-

95 2527 165 2586 ρων
180 2504 349 2590 ἐσομένην.

178 2605 228 2669 17.
257 2609 391 2671 ΑΛΗΘ.
411 2602 525 2671 ”Anne
545 2602 655 2691 ὑμεῖς·
682 2604 747 2693 ε’γιὺ
767 2603 831 2691 γάρ
850 2599 959 2674 ὀὐδὲν
981 2607 1094 2691 δέομαι

94 2702 232 2770 ἀκούειν
248 2698 269 2769 ά
283 2703 385 2769 πάλαι
399 2702 472 2770 οἶδα
490 2699 589 2771 ὁποῖά
604 2708 703 2772 ἐστιν.

179 2809 267 2870 ΦΙΛ.
288 2798 385 2869 ’Λλλά
402 2798 499 2887 ἡμῖν,
519 2793 546 2870 ἀ
564 2799 735 2887 Ἀλήθεια,
757 2806 794 2870 ἐν
811 2806 919 2871 δέοντι
937 2804 1095 2883 ξυνδικά-

95 2917 160 2979 ςοις
177 2898 237 2985 ἀν,
253 2897 297 2977 ὑς
311 2903 366 2967 καί
383 2902 606 2988 καταμηνύοις
621 2902 751 2968 ἕκαστα.
778 2958 781 2964 .

178 3005 312 3066 ΑΛΗΘ.
348 2995 486 3065 Ούκοῦν
505 2999 678 3086 ἐπάγωμαι
702 3004 757 3068 καὶ
783 2998 828 3068 τύ
853 3005 1094 3087 θεραπαινιδίω

93 3096 201 3163 τούτω
218 3095 444 3163 συνοικοτάτω
458 3124 515 3185 μοι
532 3097 624 3180 ὅντε;

178 3201 266 3263 ΦΙΛ.
290 3198 356 3265 Καὶ
371 3195 487 3282 μάλα“
474 3196 597 3275 οπόσας
614 3194 658 3264 ἀν
672 3200 796 3285 ἐθέλης.
896 3207 898 3210 ’

178 3300 312 3363 ΑΛΗΘ.
327 3290 506 3380 Ἕπεσθον,
519 3321 544 3362 ω
533 3287 748 3378 Ελευθερία
757 3297 811 3364 καί
821 3301 1005 3381 Παρρησια,
1015 3292 1091 3381 μεθ
1113 3308 1164 3362 588

93 3384 206 3475 ἡμῶν,
231 3386 275 3469 ὡς
295 3390 354 3459 τὺν
374 3397 519 3461 δείλαιον
540 3396 673 3462 τουτονὶ
696 3393 934 3477 ἀνθρωπίσκον
955 3389 1096 3478 ἐραστήν
