2550 3825
165 175 226 242 136
517 183 819 242 AOYKIANOY‘

96 406 146 462 ωε
280 391 650 461 ΝΕΚΡΙΚΟΙ
688 397 1055 468 ΛΙΑΛΟΡΟΙ.

589 548 745 558 —-—.

651 632 680 693 l.

356 743 582 795 ΔΙΟΓΕΝΟῬΣ
599 745 665 796 ΚΑΙ
681 743 969 796 ΠΟΛΤΔΕῬΚΟΤΣ.

250 857 276 918 λ.
298 859 418 920 ΔΙΟΓ.
439 845 476 920 Ὦ
490 853 720 940 Πολύδευκες,
737 857 930 940 ἐντέλλομαί
941 875 1012 939 σοι,
1031 854 1166 923 ἐπειδάν

92 964 144 1020 339
161 953 296 1038 τάχιστα
316 948 477 1039 ἀνέλθῃς,
497 993 533 1002 -
551 950 614 1020 σόν
632 954 697 1040 γάρ
721 956 826 1038 ἐστιν,
851 951 957 1037 οἶμαι,
982 952 1165 1040 ἀναβιῶναι

162 1048 283 1132 αύριον
296 1089 339 1101 -
358 1047 402 1134 ἥν
422 1075 489 1116 που
512 1055 584 1138 ἴδῃς
601 1055 784 1119 Μένιππον
800 1049 860 1116 τόυ
881 1052 983 1136 κύνα,
997 1093 1038 1102 -
1054 1050 1166 1135 εὕροις

162 1147 194 1216 δ’
212 1145 255 1215 ἀν
270 1145 374 1216 αὐτόν
389 1151 426 1215 ἐν
440 1156 599 1238 Κορίνθῳ
615 1147 698 1216 κατά
712 1148 749 1216 τὸ
764 1148 934 1232 Κράνειον
947 1144 969 1234 ἢ
984 1151 1020 1216 ἐν
1034 1154 1165 1238 Λυκείῳ

160 1255 228 1315 τῶν
243 1248 419 1333 ἐριζόντων
435 1245 518 1330 πρός
536 1246 699 1334 ἀλλήλους
720 1246 918 1332 φιλοσόφων
935 1253 1165 1330 καταγελῶντα

161 1386 202 1396 ·=·
218 1353 321 1414 εἰπεῖν
343 1343 427 1432 πρός
448 1342 571 1429 αὐτόν,
594 1343 645 1412 ὅτι
668 1351 735 1430 σοί,
759 1337 973 1429 τόΜέυιππε,
995 1344 1124 1411 κελεύει
1145 1341 1163 1410 ὁ

161 1448 342 1530 Διογένης,
365 1454 398 1512 ελ
415 1463 468 1511 σοι
486 1448 608 1523 ἱκανοῖς
631 1441 671 1510 τά
693 1441 777 1528 ὑπὲρ
799 1449 858 1528 γῆς
877 1446 1165 1528 καταγεγέλασται,

160 1543 256 1630 ἥκειν
269 1542 393 1611 ἐνθάδε
404 1550 516 1633 πολλῷ
527 1550 628 1612 πλείω
641 1542 934 1629 ἐπιγελασόμενον·
950 1545 1020 1611 ἐκεῖ
1027 1544 1089 1629 μὲν
1100 1542 1164 1628 γάρ

161 1643 198 1708 έν
218 1639 394 1729 ἀμφιβόλῳ
411 1643 462 1707 σοὶ
480 1646 527 1708 ἔτι
547 1637 564 1707 ό
586 1645 690 1726 γέλως
702 1634 755 1726 ’ἦν
775 1642 830 1706 καλ
850 1637 993 1707 πολύτὸ
1015 1647 1086 1725 ,,τίς
1099 1637 1164 1726 γάρ

92 1751 143 1804 330
161 1737 247 1815 ὅλως
262 1735 331 1805 οἶδε
345 1736 385 1805 τά
400 1737 480 1824 μετά
496 1735 556 1804 τόν
570 1743 686 1823 βίον;“
709 1739 856 1804 ἐνταῦθα
872 1738 907 1804 δὲ
923 1735 965 1804 ού
978 1739 1092 1825 παύσῃ
1107 1746 1165 1825 βε·

161 1841 219 1924 βαί
220 1861 262 1912 ως
281 1843 390 1922 γελῶν
413 1836 606 1921 καθάπερ’
590 1832 655 1921 εγω
677 1841 758 1920 νῦν,
786 1836 841 1901 καὶ
863 1835 1004 1921 μάλιστα
1029 1833 1165 1903 ἐπειδάν

161 1932 242 2021 ὁρᾷς
256 1930 334 2011 τούς
349 1940 530 2010 πλουσιους
545 1935 598 1998 καλ
620 1931 789 2016 σατράπας
802 1935 857 2000 καὶ
871 1934 1060 2017 τυράννους
1075 1932 1164 2001 οὕτω

159 2028 338 2108 ταπεινούς
351 2028 443 2099 κάλ’
424 2030 589 2116 ασήμους,
613 2032 649 2097 ἐκ
664 2029 769 2115 μόνης
786 2035 930 2116 οἰμωγῆς
944 2036 1164 2117 διαγινωσκο-

160 2130 301 2215 μένους,
322 2127 412 2197 καὶ“
392 2156 443 2197 οτι
458 2130 624 2214 μαλθακοὶ
639 2130 694 2195 καὶ
714 2124 864 2214 ἀγεννεῖς
879 2155 894 2195 ε
896 2136 941 2197 ίσι
961 2133 1165 2215 μεμνημένοι

160 2233 227 2293 τῶν
242 2224 321 2293 ἀνω.
343 2235 446 2294 ταῦτα
461 2229 535 2312 λέγε
550 2222 657 2314 αὐτῷ,
675 2229 729 2294 καὶ
743 2231 895 2314 προσέτι,
910 2228 1165 2313 ἐμπλησάμενον

92 2340 140 2393 331
161 2321 223 2410 τὴν
236 2325 348 2409 πήραν
363 2322 458 2409 ἥκειν
472 2326 610 2408 θέρμων
625 2349 661 2389 τε
676 2332 809 2392 πολλῶν
823 2328 877 2393 καὶ
892 2334 925 2393 εί
934 2350 1001 2392 που
1016 2324 1109 2408 εὕροι
1128 2329 1165 2394 ἐν

159 2449 199 2539 τῳ
185 2420 352 2513 τριόδῳ
352 2422 480 2507 Εαάτης
496 2425 633 2489 δεῖπνον
648 2432 803 2507 κείιιενον
815 2420 859 2510 ἢ
848 2422 916 2492 ιόόν
927 2430 962 2492 ἐκ
973 2431 1163 2511 καθαρσίου

160 2517 182 2604 ἤ
199 2547 230 2585 τι
247 2527 411 2588 τοιοῦτον.

244 2623 273 2684 2.
296 2624 398 2684 ΠΟΛ.
420 2615 507 2685 Ἀλλ’
519 2612 696 2703 ἀπαγγελῶ
707 2624 827 2703 ταῦτα,
845 2645 869 2684 ω
859 2611 1050 2703 Διόγενες.
1074 2615 1162 2696 ὅπως

91 2730 141 2783 332
162 2715 198 2781 δε
215 2719 292 2781 εἰδῶ
305 2714 464 2799 μάλιστα,
480 2712 592 2793 ὁποῖός
606 2722 655 2793 τίς
670 2718 738 2782 ἐστι
753 2716 814 2801 τὴν
830 2713 920 2797 ὄψιν.
1004 2759 1007 2765 -

242 2817 362 2878 ΔΙΟΓ.
385 2815 511 2899 Γέρων,
529 2814 710 2899 φαλακρός,
721 2813 902 2900 τριβωνιου
913 2821 997 2899 ἔχων
1009 2816 1163 2882 πολύθυ-

160 2936 237 2996 ρου,
259 2908 381 2977 ἅπαντι
397 2908 506 3003 ἀνέμῳ
527 2912 802 2999 ἀναπεπταμένου
817 2917 872 2982 καλ
888 2929 958 2992 ταῖς
974 2918 1164 2999 ἐπιπτυχαῖς

159 3016 227 3077 τῶν
237 3010 362 3096 ῥακίων
372 3019 541 3102 ποικίλον,
558 3023 640 3103 γελᾷ
651 3012 682 3081 δ’
695 3012 811 3082 ἀείκαὶ
821 3012 862 3082 τό
874 3012 980 3082 πολλοὶ
992 3013 1071 3092 τούς
1081 3013 1165 3082 ἀλα·

159 3106 255 3189 ζόνας
270 3106 409 3187 τούτους
426 3112 635 3198 φιλοσόφους
650 3113 856 3180 ἐπισκώπτει.

241 3211 344 3274 ΠΟΛ.
364 3204 491 3297 Ῥᾴδιον
507 3207 616 3293 εὑρεῖν
630 3208 698 3278 ἀπό
710 3237 749 3296 γε
763 3210 901 3279 τούτων.

241 3310 361 3372 ΑΙΟΓ.
384 3306 506 3373 Βούλει
526 3310 581 3375 καὶ
601 3306 686 3391 πρός
707 3306 831 3386 αύτούς
847 3311 996 3385 ἐκείνους
1011 3310 1161 3377 ἐντείλω-

156 3407 218 3488 μαί
231 3429 262 3470 τι
276 3402 355 3483 τούς
371 3406 594 3492 φιλοσόφουςς
