2550 3825
170 177 233 240 334
526 177 831 236 ΛΟΤΚΙΑΝΟΤ

170 363 225 416 τος
241 345 302 405 τοῦ
321 344 477 424 μεγίστου
492 334 614 414 ἀδίκως
634 336 953 421 συκοφαντούμενον
974 333 1177 416 ἄνθρωπον,

171 435 188 503 ὁ
205 435 241 504 δὲ
257 437 355 523 χάριν
371 434 545 521 ὁμολογῶν
561 433 687 521 μεγάλη
700 440 740 521 τῇ
755 443 869 522 φωνή,
892 434 999 518 Χάριν
1014 431 1089 500 οἰδά
1106 453 1176 518 σοι,

171 541 252 621 ἔφη,
275 526 301 601 τό
314 531 535 620 αὐτοκράτορ,
547 530 600 599 ότι
610 539 718 610 κακῶς
731 534 785 600 καὶ
794 530 917 610 άδίκως
928 536 1094 610 ἐδίκασας·
1116 535 1177 599 καὶ

169 639 237 700 τῶν
251 635 325 716 περὶ
340 629 512 720 Σεβαστόν
533 627 836 715 ἀγανακτησάντων
852 632 907 697 καὶ
923 630 1176 697 διασπάσασθαι

170 731 230 799 τόν
257 729 444 816 ἄνθρωπον
469 729 673 847 ἐθελόντων,
699 729 884 796 Παύσασθε
908 736 1174 812 χαλεπαίνοντες,

171 833 295 908 ἐκεῖνος
306 835 384 915 ἔφη·
408 825 449 895 οὐ
459 825 524 915 γάρ
534 825 600 912 τήν
613 834 761 913 γλῶτταν
775 824 896 911 αὐτοῦ,
911 824 994 893 ἀλλὰ
1008 823 1069 911 τήν
1080 826 1176 910 γνεό-

171 954 238 1014 μην
254 927 413 1008 ἐξετάζειν
429 925 531 1006 ἄξιον.
556 928 680 1050 ε’κελγος
694 923 814 1010 μὲν“
771 951 891 1002 ουτως
918 921 1008 991 τόδ’
1026 933 1090 990 εἰπε
1109 921 1175 1008 τήν

171 1030 309 1115 γνώμην
323 1030 477 1111 σκέψαιο,
493 1027 584 1094 πάνυ
596 1025 719 1094 εὔνουν
733 1024 900 1113 εὑρήσεις,
916 1024 1052 1113 εἰτετήν
1065 1031 1174 1110 γλῶτ-

170 1153 248 1212 ταν,
266 1126 413 1212 εὔφημος
427 1129 482 1194 καὶ
498 1124 591 1212 αότή.
617 1131 666 1192 19.
679 1131 769 1193 ἔοικα
783 1123 816 1192 δ’
833 1129 981 1193 ἐνταῦθα
995 1124 1059 1212 ήδη
1072 1124 1174 1210 γενό-
1269 1210 1270 1219 ¹

171 1251 271 1311 μενος
289 1225 420 1303 εἰκότως
435 1223 516 1292 ἄλλο
530 1250 561 1291 τι
576 1223 802 1310 φοβήσεσθαι,
825 1225 871 1310 μή
885 1243 951 1291 τισι
965 1225 1050 1304 δόξω
1065 1226 1174 1302 έξεπί-
1269 1222 1270 1277 ἶ

171 1325 267 1407 τηδες
281 1318 520 1408 ἡμαρτηκέναι,
543 1317 587 1399 ὦς
604 1320 667 1407 τήν
681 1320 868 1406 αἰτιολογίαν
882 1320 1007 1407 ταύτην
1024 1319 1176 1406 συγγρά-
1269 1348 1270 1357 ’

171 1435 278 1539 ψγιμι.
296 1422 351 1486 καὶ
365 1428 414 1539 εἰη
425 1445 473 1504 γε,
486 1443 511 1485 ω
499 1412 658 1504 φίλτατε
671 1417 882 1504 Ἀσκληπιέ,τ
863 1426 1016 1486 τοιοῦτον
1025 1425 1175 1538 φανῆναι

171 1516 231 1584 τόν
245 1513 410 1602 λόγου,’
387 1544 430 1595 ως
444 1541 489 1603 μη
506 1513 704 1602 ἀπολογίαν,
725 1513 799 1584 ἀλλ’
818 1513 1035 1648 ἐπιδειξεως’
1015 1514 1174 1602 αφορμὴν

173 1613 256 1683 εἰναι
271 1618 391 1682 δοκείυ.

568 1785 770 1794 ..—-.——.-

104 1952 154 2006 739
225 1940 569 2011 ΕΡΜΟΤΙΜΟΣ
596 1954 632 2009 Η
659 1943 797 2012 ΠΕΡΙ
823 1942 1120 2015 ΑΙΡΕΣΕΩΝ.

256 2106 285 2169 l.
305 2108 523 2171 ΛΤΚΙΝΟΣ.
546 2103 662 2188 Ὅσου,
681 2097 908 2190 όἙρμότιμε,
925 2110 971 2194 τῷ
987 2110 1104 2192 βιβλίφ
1117 2108 1175 2170 καὶ
1269 2189 1270 2194 ¹

172 2206 211 2289 πή
227 2207 288 2267 τοῦ
308 2205 508 2288 βαδίσματος
526 2208 657 2291 σπουδή
670 2202 913 2289 τεκμήρασθαι,
937 2200 1026 2286 παρὰ
1042 2199 1102 2268 τόν
1120 2205 1176 2268 δι-

173 2296 339 2365 δάσκαλον
361 2301 561 2390 ἐπειγομένῳ
584 2306 708 2377 ἔοικας·
741 2300 883 2377 ἐνενόεις
896 2307 980 2384 γοῦν
999 2327 1030 2366 τι
1050 2296 1174 2385 μεταξδ

171 2393 299 2480 προιών
321 2400 375 2465 καί
395 2396 434 2464 τά
452 2404 541 2483 χείλη
559 2397 748 2476 διεσάλευες
766 2397 871 2484 ήρέμα
890 2395 1175 2480 ὑποτονθορύζων

172 2494 226 2562 καὶ
243 2490 304 2579 τήν
319 2508 411 2579 χεῖρα
427 2487 492 2563 ὦδε
512 2494 644 2564 κάκεῖσε
663 2498 838 2582 μετέφερες
859 2494 969 2577 ὥσπερ
983 2492 1058 2561 τινὰ
1074 2497 1175 2580 ῥῆσιν

172 2593 224 2659 ἐπὶ
246 2594 367 2658 ἑαυτοῦ
384 2596 626 2679 διατιθέμενος,
652 2596 803 2681 έρεότημα
823 2596 864 2681 δή
879 2622 910 2661 τι
932 2599 1000 2661 τῶν
1016 2593 1175 2680 ἆγκόλωυ

172 2686 377 2775 συντιθείςή
393 2694 520 2777 σκέμμα
535 2690 731 2778 σοφιστικόν
748 2692 1015 2779 άναφροντιζωυ,
1032 2691 1076 2771 ὡς
1090 2692 1174 2777 μηδὲ

173 2782 241 2873 ὁδῷ
255 2790 397 2872 βαδίζων
415 2787 536 2875 σχολήν
552 2790 659 2876 άγοις,
682 2789 754 2859 ἄλλ’
772 2789 907 2877 ἐυεργὸς
923 2802 990 2878 εἰης
1001 2788 1053 2859 ἐἰεί
1067 2811 1174 2858 σπου-

155 2880 267 2973 δαῖόν
281 2908 312 2947 τι
331 2883 486 2968 πράττων
505 2888 559 2953 καὶ
580 2885 681 2971 δπρδ
699 2886 782 2955 ὁδοῦ
797 2908 850 2956 σοι
869 2886 990 2975 γένοιτ’
1012 2884 1057 2956 ἄν
1078 2890 1111 2966 ές
1132 2887 1175 2955 τὰ

172 2976 361 3063 μαθήματα.

256 3080 359 3143 ΕΡΜ.
383 3075 525 3165 ΝὴΔί,
544 3072 721 3167 οἷΛυκῐυε,
739 3082 871 3150 τοιοῦτό
882 3110 928 3149 τι·
950 3080 1176 3169 τήνγδρχθι·

104 3199 155 3253 740
174 3180 232 3262 ζην
252 3180 436 3243 συνουσίαν
459 3179 513 3244 καὶ
536 3174 558 3244 ά
579 3177 648 3247 εἰπε
669 3177 752 3266 πρός
770 3178 871 3266 ἡμᾶς,
897 3179 1175 3267 ἀνεπεμπαζόμην

174 3269 277 3339 ἐπιωυ
297 3280 336 3361 τῇ
351 3274 463 3362 μνήμη
480 3277 608 3344 ἕκαστα.
640 3275 701 3363 χρὴ
718 3277 754 3344 δὲ
769 3282 895 3364 μηδένα
915 3280 1048 3363 καιρόν,
1071 3275 1173 3364 οἶμαι,

172 3374 325 3453 παριέναι
350 3374 477 3451 εἰδότας
499 3371 621 3461 ἀληθὲς
646 3370 688 3441 δυ
706 3373 744 3442 τδ
766 3373 832 3444 ὑπὸ
854 3384 914 3445 τοῦ
936 3378 1037 3469 Κηίου
1057 3383 1174 3461 ἰατροῦ
